1809 3220
215 185 301 228 274

617 186 667 227 P.
702 184 920 226 OVIDII
955 183 1240 227 NASONIS

219 301 398 350 Pelion
427 300 704 349 Haemoniae
729 317 874 348 mons
901 308 980 347 est
1003 302 1244 349 obversus
1271 301 1320 348 in
1349 301 1589 358 Austros3

289 379 499 426 Summa
522 378 683 426 virent
708 377 829 442 pinu
853 397 862 434 ;
905 386 1086 426 caetera
1113 395 1330 442 quercus
1356 379 1525 427 habet.

219 456 526 520 Phillyrides
553 456 744 504 tenuit:
786 472 909 503 saxo
936 463 1072 503 stant
1099 463 1242 503 antra
1266 464 1482 512 vetusto,

286 535 412 589 Quae
432 536 628 598 justum
656 542 938 581 memorant
963 534 1234 581 incoluisse
1261 551 1452 582 senem.

221 611 315 659 Ille
342 628 537 668 manus,
567 611 683 659 olim
711 611 952 658 missuras
981 611 1205 659 Hectora
1229 613 1345 669 leto,

1538 614 1635 659 385

289 689 527 737 Creditur
553 690 602 736 in
625 690 794 753 lyricis
821 690 1099 737 detinuisse
1125 691 1306 738 modis.

192 800 195 802 -
218 766 443 814 Venerat
469 767 676 815 Alcides
704 775 887 815 exacta
913 775 1054 832 parte
1080 769 1306 815 laborum
1331 787 1340 821 ;

286 843 543 909 Jussaque
570 846 830 892 restabant
855 845 1032 892 ultima
1057 863 1201 910 paene
1227 846 1359 892 viro:

221 921 365 969 Stare
392 923 540 969 simul
567 939 687 970 casu
714 922 877 985 Trojae
902 923 1002 969 duo
1029 923 1131 971 fata
1155 923 1378 980 videres3

288 998 422 1047 Hinc
448 1017 573 1064 puer
599 999 853 1055 AEacides‚
882 1000 996 1047 hinc
1024 1000 1150 1047 Jove
1177 1009 1324 1048 natus
1351 1007 1474 1047 erat.
1535 1003 1635 1047 390

220 1076 427 1142 Excipit
453 1078 673 1142 hospitio
694 1079 934 1141 juvenem
963 1078 1251 1143 Philyreius
1278 1080 1441 1132 heros,

291 1155 358 1203 Et
383 1173 589 1204 causam
616 1157 866 1204 adventus
892 1156 973 1204 hic
1000 1165 1160 1220 rogat,
1189 1157 1271 1205 ille
1297 1157 1464 1204 docet.

223 1233 476 1299 Perspicit
501 1235 693 1283 interea
717 1237 912 1283 clavam
939 1236 1261 1299 spoliumque
1287 1234 1462 1289 leonis,

287 1312 495 1376 Virque,
523 1314 607 1369 ait,
636 1314 713 1361 his
739 1313 906 1369 armis,
936 1329 1175 1376 armaque
1204 1313 1358 1375 digna
1382 1312 1503 1358 viro.

221 1389 331 1437 Nec
359 1407 429 1447 se,
459 1391 582 1454 quin
608 1392 814 1439 horrens
841 1391 1087 1439 auderent
1111 1400 1318 1454 tangere
1344 1389 1466 1437 setis
1535 1392 1633 1436 395

287 1467 480 1524 Vellus,
509 1468 754 1515 Achilleae
781 1469 1074 1517 continuere
1100 1485 1296 1516 manus.

221 1546 461 1609 Dumque
487 1562 644 1593 senex
670 1554 854 1594 tractat
880 1548 1167 1611 squalentia
1190 1548 1291 1595 tela
1316 1545 1540 1603 venenis,

290 1623 512 1680 Excidit,
540 1632 592 1672 et
617 1625 740 1672 laevo
766 1626 869 1672 fixa
894 1625 1080 1688 sagitta
1103 1626 1233 1690 pede
1261 1632 1353 1673 est.

220 1701 476 1763 Ingemuit
504 1702 711 1758 Chiron,
740 1704 997 1766 traxitque
1024 1720 1051 1751 e
1077 1720 1286 1767 corpore
1311 1703 1527 1759 ferrum3

285 1779 527 1843 Adgemit
552 1781 777 1840 Alcides,
807 1781 1211 1845 Haemoniusque
1238 1798 1378 1846 puer.

1537 1783 1636 1828 400

220 1857 338 1922 Ipse
366 1866 537 1906 tamen
563 1860 720 1908 lectas
749 1860 1007 1923 Pagasaeis
1033 1861 1245 1908 collibus
1272 1861 1454 1907 herbas

287 1935 576 2000 Temperat,
604 1945 655 1985 et
681 1938 815 1985 varia
839 1940 1046 1987 vulnera
1072 1940 1260 1986 mulcet
1284 1955 1397 2003 ope.

218 2068 334 2105 saniem,
351 2069 457 2100 Boeot.
472 2081 503 2112 p.
521 2071 595 2101 772.
633 2071 671 2101 In
688 2077 753 2101 arte
769 2071 894 2103 medica

219 2117 309 2159 plura
332 2125 363 2149 et
388 2119 528 2160 magistri
547 2126 578 2150 et
599 2119 749 2162 discipuli
768 2121 896 2152 inventa

220 2177 239 2197 a
253 2166 359 2198 Plinio
375 2174 601 2199 memorantur.

264 2217 339 2247 387.
365 2217 457 2259 Exigi
473 2217 632 2254 dicuntur,
649 2229 721 2260 quae
738 2219 777 2249 ad
801 2220 894 2251 finem

218 2266 445 2307 perducuntur.
492 2268 657 2309 Duofata,
674 2268 736 2300 duo
755 2269 809 2299 viri
827 2270 895 2300 urbi

219 2316 361 2358 Trojanae
393 2317 528 2355 fatales3
566 2318 729 2354 Hercules,
760 2320 892 2350 Laome-

221 2364 326 2396 dontis
357 2365 521 2407 perfidiam
549 2368 685 2403 ulturus,
714 2368 810 2399 Ilium
839 2379 893 2398 ex-

219 2415 388 2457 pugnavit3
427 2415 654 2457 Apollodorus,
691 2418 740 2448 ΙΙ.
771 2418 813 2449 vi.
847 2420 892 2456 43

221 2464 380 2506 Hyginus,
411 2465 474 2496 fab.
505 2467 558 2497 89.
606 2467 786 2508 Philyreius
813 2469 895 2499 heros

220 2513 316 2544 etiam
332 2514 468 2545 Metam.
485 2514 518 2546 ii.
534 2516 609 2546 676.
657 2516 684 2546 Α
703 2516 833 2558 Philyra
848 2524 895 2548 est

222 2563 411 2604 Φιλυραὶος,
427 2569 459 2594 et
474 2564 548 2595 inde
565 2576 618 2607 per
634 2564 780 2596 diaeresin
796 2568 894 2598 Φιλυ-

223 2612 331 2654 ρὴἳος.

267 2663 342 2693 393.
367 2662 431 2700 Qui
465 2673 529 2694 rem
560 2663 726 2704 diligenter
760 2672 893 2707 spectat,

222 2717 349 2750 tractat,
371 2713 544 2750 examinat,
566 2725 635 2745 eam
656 2718 824 2755 perspicere
847 2716 894 2746 di-

221 2761 313 2793 citur.
360 2763 529 2795 Auderem.
576 2764 723 2806 Namque
750 2766 895 2797 Achilles

963 2083 1041 2115 puer
1068 2072 1239 2103 admodum
1266 2072 1306 2103 ad
1331 2071 1499 2102 Chironem
1519 2071 1638 2102 deduc-

966 2128 1015 2153 tus
1043 2128 1120 2152 erat.
1167 2122 1356 2162 Squalentia,
1388 2120 1508 2159 tincta;
1546 2120 1639 2162 Virg.

965 2171 1082 2212 Georg.
1104 2170 1148 2201 iv,
1171 2172 1224 2201 91.
1248 2170 1339 2206 adeo,
1364 2170 1534 2210 squalentes
1559 2181 1638 2200 auro

964 2222 1099 2251 maculae.
1147 2222 1307 2252 Caeterum
1334 2231 1396 2252 non
1421 2219 1461 2250 de
1485 2219 1636 2256 Chirone,

965 2270 1019 2301 sed
1036 2270 1075 2300 de
1096 2270 1196 2300 Pholo
1213 2269 1281 2300 liaec
1298 2275 1425 2300 narrant
1440 2269 1584 2311 Philarg.v
1597 2270 1637 2300 ad

966 2319 1081 2360 virgil.
1110 2320 1226 2360 Georg.
1256 2319 1291 2350 ii.
1323 2320 1410 2357 456;
1441 2319 1568 2350 Servius
1597 2318 1638 2350 ad

965 2368 1097 2400 AEne‘id.
1114 2369 1177 2400 viii.
1194 2370 1270 2400 294.

1008 2420 1083 2449 401.
1115 2419 1252 2460 Pagasae,
1283 2418 1436 2460 oppidum
1464 2418 1637 2450 Thessaliae

965 2468 1005 2499 ad
1027 2467 1140 2499 Pelion
1159 2475 1311 2504 montem,
1329 2475 1440 2510 postea
1459 2469 1640 2500 Demetrias

964 2518 1096 2549 dictum.
1144 2518 1182 2548 In
1213 2519 1281 2560 ejus
1313 2523 1404 2561 portu
1434 2518 1522 2560 Argo
1552 2518 1641 2549 navis

963 2568 1141 2606 fabricata3
1178 2568 1336 2610 Hyginus,
1362 2569 1484 2599 Poetic.
1510 2568 1638 2599 Astron.

963 2618 996 2648 ii.
1021 2619 1076 2649 37.
1103 2617 1210 2659 ibique
1238 2619 1425 2650 Munkerus.
1471 2617 1533 2649 Sed
1553 2628 1637 2649 nunc

966 2668 1128 2709 Pagasaeus
1143 2668 1270 2699 omnino
1281 2668 1495 2700 Thessalicus.
1540 2668 1638 2699 Thes-

963 2718 1042 2748 salia
1064 2723 1168 2749 autern
1193 2718 1278 2749 ferax
1304 2719 1471 2750 herbarum
1495 2718 1635 2749 medica-

963 2778 1053 2805 rum;
1079 2768 1212 2799 Metam.
1238 2768 1291 2799 vii.
1315 2768 1392 2798 221.
1444 2768 1633 2808 Temperare,
