<?xml version="1.0" encoding="UTF-8"?>
<!DOCTYPE html PUBLIC "-//W3C//DTD XHTML 1.0 Transitional//EN"
    "http://www.w3.org/TR/xhtml1/DTD/xhtml1-transitional.dtd">
<html xmlns="http://www.w3.org/1999/xhtml" xml:lang="en" lang="en">
 <head>
  <title>
</title>
<meta http-equiv="Content-Type" content="text/html;charset=utf-8" />
  <meta name='ocr-system' content='tesseract 3.04.00' />
  <meta name='ocr-capabilities' content='ocr_page ocr_carea ocr_par ocr_line ocrx_word'/>
</head>
<body>
  <div class='ocr_page' id='page_1' title='image "./povidiinasonisop05oviduoft_0277.png"; bbox 0 0 1830 3220; ppageno 0'>
   <div class='ocr_carea' id='block_1_1' title="bbox 603 171 1196 217">
    <p class='ocr_par' dir='ltr' id='par_1_1' title="bbox 603 171 1196 217">
     <span class='ocr_line' id='line_1_1' title="bbox 603 171 1196 217; baseline -0.012 1"><span class='ocrx_word' id='word_1_1' title='bbox 603 172 951 217; x_wconf 83' lang='lat' dir='ltr'>FASTORUM</span> <span class='ocrx_word' id='word_1_2' title='bbox 986 171 1106 214; x_wconf 88' lang='lat' dir='ltr'><strong>LIB.</strong></span> <span class='ocrx_word' id='word_1_3' title='bbox 1140 171 1196 212; x_wconf 91' lang='lat' dir='ltr'>V.</span> 
     </span>
    </p>
   </div>
   <div class='ocr_carea' id='block_1_2' title="bbox 1504 169 1590 211">
    <p class='ocr_par' dir='ltr' id='par_1_2' title="bbox 1504 169 1590 211">
     <span class='ocr_line' id='line_1_2' title="bbox 1504 169 1590 211; baseline -0.012 0"><span class='ocrx_word' id='word_1_4' title='bbox 1504 169 1590 211; x_wconf 71' lang='lat'>249</span> 
     </span>
    </p>
   </div>
   <div class='ocr_carea' id='block_1_3' title="bbox 160 292 1397 358">
    <p class='ocr_par' dir='ltr' id='par_1_3' title="bbox 160 292 1397 358">
     <span class='ocr_line' id='line_1_3' title="bbox 160 292 1397 358; baseline -0.006 -18"><span class='ocrx_word' id='word_1_5' title='bbox 160 293 257 341; x_wconf 86' lang='lat' dir='ltr'>Illa</span> <span class='ocrx_word' id='word_1_6' title='bbox 284 300 456 358; x_wconf 85' lang='lat' dir='ltr'>patres</span> <span class='ocrx_word' id='word_1_7' title='bbox 484 293 533 339; x_wconf 91' lang='lat' dir='ltr'>in</span> <span class='ocrx_word' id='word_1_8' title='bbox 562 293 748 340; x_wconf 77' lang='lat' dir='ltr'>honore</span> <span class='ocrx_word' id='word_1_9' title='bbox 775 292 857 356; x_wconf 90' lang='lat' dir='ltr'>pio</span> <span class='ocrx_word' id='word_1_10' title='bbox 883 297 1175 352; x_wconf 82' lang='lat' dir='ltr'>matresque</span> <span class='ocrx_word' id='word_1_11' title='bbox 1200 292 1397 343; x_wconf 89' lang='lat' dir='ltr'>tuetur;</span> 
     </span>
    </p>
   </div>
   <div class='ocr_carea' id='block_1_4' title="bbox 230 364 1316 435">
    <p class='ocr_par' dir='ltr' id='par_1_4' title="bbox 230 364 1316 435">
     <span class='ocr_line' id='line_1_4' title="bbox 230 364 1316 435; baseline -0.007 -16"><span class='ocrx_word' id='word_1_12' title='bbox 230 371 327 419; x_wconf 83' lang='lat' dir='ltr'>Illa</span> <span class='ocrx_word' id='word_1_13' title='bbox 351 388 523 419; x_wconf 89' lang='lat' dir='ltr'>comes</span> <span class='ocrx_word' id='word_1_14' title='bbox 550 369 722 435; x_wconf 87' lang='lat' dir='ltr'>pueris</span> <span class='ocrx_word' id='word_1_15' title='bbox 747 368 1126 431; x_wconf 80' lang='lat' dir='ltr'>virginibusque</span> <span class='ocrx_word' id='word_1_16' title='bbox 1151 364 1316 422; x_wconf 86' lang='lat' dir='ltr'>venit;</span> 
     </span>
    </p>
   </div>
   <div class='ocr_carea' id='block_1_5' title="bbox 1517 365 1581 409">
    <p class='ocr_par' dir='ltr' id='par_1_5' title="bbox 1517 365 1581 409">
     <span class='ocr_line' id='line_1_5' title="bbox 1517 365 1581 409; baseline 0 0"><span class='ocrx_word' id='word_1_17' title='bbox 1517 365 1581 409; x_wconf 89' lang='lat'>50</span> 
     </span>
    </p>
   </div>
   <div class='ocr_carea' id='block_1_6' title="bbox 161 442 1472 745">
    <p class='ocr_par' dir='ltr' id='par_1_6' title="bbox 161 442 1472 587">
     <span class='ocr_line' id='line_1_6' title="bbox 161 442 1472 507; baseline -0.006 -11"><span class='ocrx_word' id='word_1_18' title='bbox 161 448 259 497; x_wconf 86' lang='lat' dir='ltr'>Illa</span> <span class='ocrx_word' id='word_1_19' title='bbox 283 450 427 496; x_wconf 83' lang='lat' dir='ltr'>datos</span> <span class='ocrx_word' id='word_1_20' title='bbox 454 448 618 496; x_wconf 86' lang='lat' dir='ltr'>fasces</span> <span class='ocrx_word' id='word_1_21' title='bbox 647 447 988 502; x_wconf 79' lang='lat' dir='ltr'>commendat,</span> <span class='ocrx_word' id='word_1_22' title='bbox 1016 446 1244 507; x_wconf 81' lang='lat' dir='ltr'>eburque</span> <span class='ocrx_word' id='word_1_23' title='bbox 1270 442 1472 499; x_wconf 80' lang='lat' dir='ltr'>curule3</span> 
     </span>
     <span class='ocr_line' id='line_1_7' title="bbox 227 521 1224 587; baseline -0.006 -14"><span class='ocrx_word' id='word_1_24' title='bbox 227 525 323 573; x_wconf 85' lang='lat' dir='ltr'>Illa</span> <span class='ocrx_word' id='word_1_25' title='bbox 349 527 602 574; x_wconf 80' lang='lat' dir='ltr'>coronatis</span> <span class='ocrx_word' id='word_1_26' title='bbox 630 526 732 572; x_wconf 81' lang='lat' dir='ltr'>alta</span> <span class='ocrx_word' id='word_1_27' title='bbox 756 524 1035 587; x_wconf 77' lang='lat' dir='ltr'>triumphat</span> <span class='ocrx_word' id='word_1_28' title='bbox 1060 521 1224 585; x_wconf 86' lang='lat' dir='ltr'>equis.</span> 
     </span>
    </p>

    <p class='ocr_par' dir='ltr' id='par_1_7' title="bbox 162 599 1440 745">
     <span class='ocr_line' id='line_1_8' title="bbox 162 599 1440 667; baseline -0.006 -16"><span class='ocrx_word' id='word_1_29' title='bbox 162 604 385 652; x_wconf 80' lang='lat' dir='ltr'>Finierat</span> <span class='ocrx_word' id='word_1_30' title='bbox 409 621 559 651; x_wconf 89' lang='lat' dir='ltr'>voces</span> <span class='ocrx_word' id='word_1_31' title='bbox 586 603 958 667; x_wconf 85' lang='lat' dir='ltr'>Polyhymnia:</span> <span class='ocrx_word' id='word_1_32' title='bbox 1001 601 1138 648; x_wconf 83' lang='lat' dir='ltr'>dicta</span> <span class='ocrx_word' id='word_1_33' title='bbox 1162 599 1440 663; x_wconf 83' lang='lat' dir='ltr'>probarunt</span> 
     </span>
     <span class='ocr_line' id='line_1_9' title="bbox 229 679 1258 745; baseline -0.006 -16"><span class='ocrx_word' id='word_1_34' title='bbox 229 681 466 745; x_wconf 88' lang='lat' dir='ltr'>Clioque,</span> <span class='ocrx_word' id='word_1_35' title='bbox 495 690 545 728; x_wconf 90' lang='lat' dir='ltr'>et</span> <span class='ocrx_word' id='word_1_36' title='bbox 570 697 735 728; x_wconf 85' lang='lat' dir='ltr'>curvae</span> <span class='ocrx_word' id='word_1_37' title='bbox 763 680 891 726; x_wconf 81' lang='lat' dir='ltr'>scita</span> <span class='ocrx_word' id='word_1_38' title='bbox 912 679 1091 725; x_wconf 82' lang='lat' dir='ltr'>Thalia</span> <span class='ocrx_word' id='word_1_39' title='bbox 1119 679 1258 740; x_wconf 86' lang='lat' dir='ltr'>lyrae.</span> 
     </span>
    </p>
   </div>
   <div class='ocr_carea' id='block_1_7' title="bbox 159 754 1542 823">
    <p class='ocr_par' dir='ltr' id='par_1_8' title="bbox 159 754 1542 823">
     <span class='ocr_line' id='line_1_10' title="bbox 159 754 1542 823; baseline -0.007 -17"><span class='ocrx_word' id='word_1_40' title='bbox 159 758 366 823; x_wconf 87' lang='lat' dir='ltr'>Excipit</span> <span class='ocrx_word' id='word_1_41' title='bbox 398 758 613 806; x_wconf 87' lang='lat' dir='ltr'>Uranie:</span> <span class='ocrx_word' id='word_1_42' title='bbox 653 758 820 805; x_wconf 86' lang='lat' dir='ltr'>fecere</span> <span class='ocrx_word' id='word_1_43' title='bbox 848 757 1050 804; x_wconf 82' lang='lat' dir='ltr'>silentia</span> <span class='ocrx_word' id='word_1_44' title='bbox 1076 761 1302 807; x_wconf 81' lang='lat' dir='ltr'>cunctae3</span> <span class='ocrx_word' id='word_1_45' title='bbox 1515 754 1542 796; x_wconf 77' lang='lat'><strong><em>5</em></strong></span> 
     </span>
    </p>
   </div>
   <div class='ocr_carea' id='block_1_8' title="bbox 1549 753 1577 796">
    <p class='ocr_par' dir='ltr' id='par_1_9' title="bbox 1549 753 1577 796">
     <span class='ocr_line' id='line_1_11' title="bbox 1549 753 1577 796; textangle 90"><span class='ocrx_word' id='word_1_46' title='bbox 1549 753 1577 796; x_wconf 58' lang='grc' dir='ltr'>ὓ(</span> 
     </span>
    </p>
   </div>
   <div class='ocr_carea' id='block_1_9' title="bbox 157 834 1573 1134">
    <p class='ocr_par' dir='ltr' id='par_1_10' title="bbox 226 834 1264 897">
     <span class='ocr_line' id='line_1_12' title="bbox 226 834 1264 897; baseline -0.005 -14"><span class='ocrx_word' id='word_1_47' title='bbox 226 836 293 883; x_wconf 88' lang='lat' dir='ltr'>Et</span> <span class='ocrx_word' id='word_1_48' title='bbox 318 853 416 883; x_wconf 79' lang='lat' dir='ltr'>vox</span> <span class='ocrx_word' id='word_1_49' title='bbox 442 836 604 884; x_wconf 84' lang='lat' dir='ltr'>audiri</span> <span class='ocrx_word' id='word_1_50' title='bbox 631 835 783 889; x_wconf 81' lang='lat' dir='ltr'>nulla,</span> <span class='ocrx_word' id='word_1_51' title='bbox 813 834 909 881; x_wconf 90' lang='lat' dir='ltr'>nisi</span> <span class='ocrx_word' id='word_1_52' title='bbox 936 835 1037 889; x_wconf 89' lang='lat' dir='ltr'>illa,</span> <span class='ocrx_word' id='word_1_53' title='bbox 1067 838 1264 897; x_wconf 86' lang='lat' dir='ltr'>potest:</span> 
     </span>
    </p>

    <p class='ocr_par' dir='ltr' id='par_1_11' title="bbox 157 906 1421 1056">
     <span class='ocr_line' id='line_1_13' title="bbox 157 906 1421 978; baseline -0.008 -16"><span class='ocrx_word' id='word_1_54' title='bbox 157 914 350 978; x_wconf 84' lang='lat' dir='ltr'>Magna</span> <span class='ocrx_word' id='word_1_55' title='bbox 375 914 469 961; x_wconf 86' lang='lat' dir='ltr'>fuit</span> <span class='ocrx_word' id='word_1_56' title='bbox 494 913 752 978; x_wconf 84' lang='lat' dir='ltr'>quondam</span> <span class='ocrx_word' id='word_1_57' title='bbox 778 912 961 976; x_wconf 80' lang='lat' dir='ltr'>capitis</span> <span class='ocrx_word' id='word_1_58' title='bbox 987 908 1267 958; x_wconf 83' lang='lat' dir='ltr'>reverentia</span> <span class='ocrx_word' id='word_1_59' title='bbox 1292 906 1421 961; x_wconf 86' lang='lat' dir='ltr'>cani,</span> 
     </span>
     <span class='ocr_line' id='line_1_14' title="bbox 226 989 1194 1056; baseline -0.006 -16"><span class='ocrx_word' id='word_1_60' title='bbox 226 992 391 1056; x_wconf 89' lang='lat' dir='ltr'>Inque</span> <span class='ocrx_word' id='word_1_61' title='bbox 417 1009 508 1039; x_wconf 91' lang='lat' dir='ltr'>suo</span> <span class='ocrx_word' id='word_1_62' title='bbox 534 990 696 1056; x_wconf 84' lang='lat' dir='ltr'>pretio</span> <span class='ocrx_word' id='word_1_63' title='bbox 723 1006 847 1053; x_wconf 84' lang='lat' dir='ltr'>ruga</span> <span class='ocrx_word' id='word_1_64' title='bbox 872 989 1043 1038; x_wconf 89' lang='lat' dir='ltr'>senilis</span> <span class='ocrx_word' id='word_1_65' title='bbox 1070 995 1194 1036; x_wconf 85' lang='lat' dir='ltr'>erat.</span> 
     </span>
    </p>

    <p class='ocr_par' dir='ltr' id='par_1_12' title="bbox 157 1062 1573 1134">
     <span class='ocr_line' id='line_1_15' title="bbox 157 1062 1573 1134; baseline -0.007 -17"><span class='ocrx_word' id='word_1_66' title='bbox 157 1070 339 1118; x_wconf 89' lang='lat' dir='ltr'>Martis</span> <span class='ocrx_word' id='word_1_67' title='bbox 372 1086 500 1134; x_wconf 87' lang='lat' dir='ltr'>opus</span> <span class='ocrx_word' id='word_1_68' title='bbox 519 1070 752 1133; x_wconf 78' lang='lat' dir='ltr'>juveneS‚</span> <span class='ocrx_word' id='word_1_69' title='bbox 779 1069 1110 1132; x_wconf 84' lang='lat' dir='ltr'>animosaque</span> <span class='ocrx_word' id='word_1_70' title='bbox 1135 1066 1271 1114; x_wconf 82' lang='lat' dir='ltr'>bella</span> <span class='ocrx_word' id='word_1_71' title='bbox 1304 1062 1573 1126; x_wconf 84' lang='lat' dir='ltr'>gerebant;</span> 
     </span>
    </p>
   </div>
   <div class='ocr_carea' id='block_1_10' title="bbox 225 1145 1214 1212">
    <p class='ocr_par' dir='ltr' id='par_1_13' title="bbox 225 1145 1214 1212">
     <span class='ocr_line' id='line_1_16' title="bbox 225 1145 1214 1212; baseline -0.004 -17"><span class='ocrx_word' id='word_1_72' title='bbox 225 1148 293 1195; x_wconf 86' lang='lat' dir='ltr'>Et</span> <span class='ocrx_word' id='word_1_73' title='bbox 317 1165 407 1212; x_wconf 90' lang='lat' dir='ltr'>pro</span> <span class='ocrx_word' id='word_1_74' title='bbox 433 1148 509 1195; x_wconf 75' lang='lat' dir='ltr'>dis</span> <span class='ocrx_word' id='word_1_75' title='bbox 536 1147 747 1194; x_wconf 84' lang='lat' dir='ltr'>aderant</span> <span class='ocrx_word' id='word_1_76' title='bbox 772 1146 822 1193; x_wconf 91' lang='lat' dir='ltr'>in</span> <span class='ocrx_word' id='word_1_77' title='bbox 849 1147 1066 1193; x_wconf 85' lang='lat' dir='ltr'>statione</span> <span class='ocrx_word' id='word_1_78' title='bbox 1094 1145 1214 1192; x_wconf 79' lang='lat' dir='ltr'>suiS.</span> 
     </span>
    </p>
   </div>
   <div class='ocr_carea' id='block_1_11' title="bbox 1510 1142 1576 1185">
    <p class='ocr_par' dir='ltr' id='par_1_14' title="bbox 1510 1142 1576 1185">
     <span class='ocr_line' id='line_1_17' title="bbox 1510 1142 1576 1185; baseline -0.015 0"><span class='ocrx_word' id='word_1_79' title='bbox 1510 1142 1576 1185; x_wconf 67' lang='grc' dir='ltr'>(ΞΟ</span> 
     </span>
    </p>
   </div>
   <div class='ocr_carea' id='block_1_12' title="bbox 155 1221 1426 1369">
    <p class='ocr_par' dir='ltr' id='par_1_15' title="bbox 155 1221 1426 1369">
     <span class='ocr_line' id='line_1_18' title="bbox 155 1221 1426 1280; baseline -0.006 -7"><span class='ocrx_word' id='word_1_80' title='bbox 155 1226 361 1273; x_wconf 79' lang='lat' dir='ltr'>Viribus</span> <span class='ocrx_word' id='word_1_81' title='bbox 387 1226 472 1273; x_wconf 82' lang='lat' dir='ltr'>illa</span> <span class='ocrx_word' id='word_1_82' title='bbox 498 1225 675 1280; x_wconf 88' lang='lat' dir='ltr'>minor,</span> <span class='ocrx_word' id='word_1_83' title='bbox 703 1241 796 1273; x_wconf 86' lang='lat' dir='ltr'>nec</span> <span class='ocrx_word' id='word_1_84' title='bbox 823 1225 1071 1273; x_wconf 81' lang='lat' dir='ltr'>habendis</span> <span class='ocrx_word' id='word_1_85' title='bbox 1097 1223 1232 1271; x_wconf 85' lang='lat' dir='ltr'>utilis</span> <span class='ocrx_word' id='word_1_86' title='bbox 1259 1221 1426 1275; x_wconf 84' lang='lat' dir='ltr'>armis,</span> 
     </span>
     <span class='ocr_line' id='line_1_19' title="bbox 227 1304 1243 1369; baseline -0.004 -17"><span class='ocrx_word' id='word_1_87' title='bbox 227 1304 455 1352; x_wconf 86' lang='lat' dir='ltr'>Consilio</span> <span class='ocrx_word' id='word_1_88' title='bbox 480 1304 657 1369; x_wconf 72' lang='lat' dir='ltr'>patriae</span> <span class='ocrx_word' id='word_1_89' title='bbox 684 1321 819 1368; x_wconf 81' lang='lat' dir='ltr'>saepe</span> <span class='ocrx_word' id='word_1_90' title='bbox 844 1304 1040 1352; x_wconf 86' lang='lat' dir='ltr'>serebat</span> <span class='ocrx_word' id='word_1_91' title='bbox 1065 1318 1243 1368; x_wconf 88' lang='lat' dir='ltr'>opem:</span> 
     </span>
    </p>
   </div>
   <div class='ocr_carea' id='block_1_13' title="bbox 151 1428 835 2859">
    <p class='ocr_par' dir='ltr' id='par_1_16' title="bbox 154 1428 833 1774">
     <span class='ocr_line' id='line_1_20' title="bbox 155 1428 831 1472; baseline -0.003 -11"><span class='ocrx_word' id='word_1_92' title='bbox 155 1434 274 1462; x_wconf 83' lang='lat' dir='ltr'>sanctae</span> <span class='ocrx_word' id='word_1_93' title='bbox 294 1434 412 1466; x_wconf 83' lang='lat' dir='ltr'>essent,</span> <span class='ocrx_word' id='word_1_94' title='bbox 438 1433 459 1447; x_wconf 92' lang='lat'><em>“</em></span> <span class='ocrx_word' id='word_1_95' title='bbox 477 1439 510 1461; x_wconf 86' lang='lat' dir='ltr'>se</span> <span class='ocrx_word' id='word_1_96' title='bbox 530 1428 596 1472; x_wconf 86' lang='lat' dir='ltr'>ipse</span> <span class='ocrx_word' id='word_1_97' title='bbox 616 1428 831 1460; x_wconf 84' lang='lat' dir='ltr'>venerabilem</span> 
     </span>
     <span class='ocr_line' id='line_1_21' title="bbox 154 1479 832 1522; baseline -0.001 -11"><span class='ocrx_word' id='word_1_98' title='bbox 154 1480 334 1522; x_wconf 84' lang='lat' dir='ltr'>insignibus</span> <span class='ocrx_word' id='word_1_99' title='bbox 346 1479 468 1522; x_wconf 86' lang='lat' dir='ltr'>imperii</span> <span class='ocrx_word' id='word_1_100' title='bbox 484 1479 572 1515; x_wconf 84' lang='lat' dir='ltr'>fecit,</span> <span class='ocrx_word' id='word_1_101' title='bbox 585 1485 617 1511; x_wconf 89' lang='lat' dir='ltr'>et</span> <span class='ocrx_word' id='word_1_102' title='bbox 630 1490 703 1510; x_wconf 89' lang='lat' dir='ltr'>cum</span> <span class='ocrx_word' id='word_1_103' title='bbox 716 1484 832 1510; x_wconf 76' lang='lat' dir='ltr'>caetero</span> 
     </span>
     <span class='ocr_line' id='line_1_22' title="bbox 154 1529 831 1573; baseline -0.004 -11"><span class='ocrx_word' id='word_1_104' title='bbox 154 1530 268 1562; x_wconf 89' lang='lat' dir='ltr'>habitu</span> <span class='ocrx_word' id='word_1_105' title='bbox 286 1530 511 1573; x_wconf 87' lang='lat' dir='ltr'>augustiorem,</span> <span class='ocrx_word' id='word_1_106' title='bbox 530 1536 598 1560; x_wconf 85' lang='lat' dir='ltr'>tum</span> <span class='ocrx_word' id='word_1_107' title='bbox 615 1529 753 1560; x_wconf 79' lang='lat' dir='ltr'>maxime</span> <span class='ocrx_word' id='word_1_108' title='bbox 774 1529 831 1560; x_wconf 89' lang='lat' dir='ltr'>lic-</span> 
     </span>
     <span class='ocr_line' id='line_1_23' title="bbox 155 1580 833 1620; baseline -0.003 -8"><span class='ocrx_word' id='word_1_109' title='bbox 155 1581 316 1620; x_wconf 85' lang='lat' dir='ltr'>toribus;’&#39;</span> <span class='ocrx_word' id='word_1_110' title='bbox 353 1580 473 1617; x_wconf 73' lang='lat' dir='ltr'>LiviuS,</span> <span class='ocrx_word' id='word_1_111' title='bbox 503 1580 524 1612; x_wconf 91' lang='lat' dir='ltr'>i.</span> <span class='ocrx_word' id='word_1_112' title='bbox 555 1582 586 1612; x_wconf 86' lang='grc'>8.</span> <span class='ocrx_word' id='word_1_113' title='bbox 650 1580 833 1617; x_wconf 70' lang='lat' dir='ltr'>Colum-unt,</span> 
     </span>
     <span class='ocr_line' id='line_1_24' title="bbox 154 1630 829 1673; baseline -0.003 -11"><span class='ocrx_word' id='word_1_114' title='bbox 154 1631 263 1673; x_wconf 85' lang='lat' dir='ltr'>magni</span> <span class='ocrx_word' id='word_1_115' title='bbox 288 1642 359 1662; x_wconf 89' lang='lat' dir='ltr'>eam</span> <span class='ocrx_word' id='word_1_116' title='bbox 384 1632 541 1667; x_wconf 85' lang='lat' dir='ltr'>fecerunt,</span> <span class='ocrx_word' id='word_1_117' title='bbox 567 1636 721 1673; x_wconf 85' lang='lat' dir='ltr'>putarunt</span> <span class='ocrx_word' id='word_1_118' title='bbox 745 1630 829 1660; x_wconf 88' lang='lat' dir='ltr'>mul-</span> 
     </span>
     <span class='ocr_line' id='line_1_25' title="bbox 155 1680 830 1716; baseline -0.003 -4"><span class='ocrx_word' id='word_1_119' title='bbox 155 1686 222 1712; x_wconf 88' lang='lat' dir='ltr'>tum</span> <span class='ocrx_word' id='word_1_120' title='bbox 239 1691 278 1712; x_wconf 86' lang='lat' dir='ltr'>ea</span> <span class='ocrx_word' id='word_1_121' title='bbox 294 1681 389 1712; x_wconf 86' lang='lat' dir='ltr'>effici.</span> <span class='ocrx_word' id='word_1_122' title='bbox 424 1682 512 1716; x_wconf 74' lang='lat' dir='ltr'>Alta,</span> <span class='ocrx_word' id='word_1_123' title='bbox 531 1680 675 1711; x_wconf 88' lang='lat' dir='ltr'>sublimis</span> <span class='ocrx_word' id='word_1_124' title='bbox 690 1681 723 1710; x_wconf 90' lang='lat' dir='ltr'>in</span> <span class='ocrx_word' id='word_1_125' title='bbox 738 1691 830 1711; x_wconf 86' lang='lat' dir='ltr'>curru</span> 
     </span>
     <span class='ocr_line' id='line_1_26' title="bbox 155 1730 630 1774; baseline -0.002 -13"><span class='ocrx_word' id='word_1_126' title='bbox 155 1731 353 1774; x_wconf 87' lang='lat' dir='ltr'>triumphali.</span> <span class='ocrx_word' id='word_1_127' title='bbox 398 1730 630 1772; x_wconf 80' lang='lat' dir='ltr'>Scita,perita.</span> 
     </span>
    </p>

    <p class='ocr_par' dir='ltr' id='par_1_17' title="bbox 151 1779 835 2371">
     <span class='ocr_line' id='line_1_27' title="bbox 198 1779 832 1822; baseline -0.003 -10"><span class='ocrx_word' id='word_1_128' title='bbox 198 1781 341 1812; x_wconf 84' lang='lat'><strong>55—78.</strong></span> <span class='ocrx_word' id='word_1_129' title='bbox 366 1780 477 1811; x_wconf 82' lang='lat' dir='ltr'>Altera</span> <span class='ocrx_word' id='word_1_130' title='bbox 491 1780 662 1816; x_wconf 86' lang='lat' dir='ltr'>sententia,</span> <span class='ocrx_word' id='word_1_131' title='bbox 682 1790 753 1822; x_wconf 78' lang='lat' dir='ltr'>quae</span> <span class='ocrx_word' id='word_1_132' title='bbox 770 1779 832 1811; x_wconf 86' lang='lat' dir='ltr'>fuit</span> 
     </span>
     <span class='ocr_line' id='line_1_28' title="bbox 155 1830 830 1865; baseline -0.003 -3"><span class='ocrx_word' id='word_1_133' title='bbox 155 1831 260 1862; x_wconf 89' lang='lat' dir='ltr'>Fulvii</span> <span class='ocrx_word' id='word_1_134' title='bbox 291 1830 476 1862; x_wconf 89' lang='lat' dir='ltr'>Nobilioris.</span> <span class='ocrx_word' id='word_1_135' title='bbox 533 1830 733 1865; x_wconf 83' lang='lat' dir='ltr'>Macrobius,</span> <span class='ocrx_word' id='word_1_136' title='bbox 763 1830 830 1861; x_wconf 79' lang='lat' dir='ltr'>Sat.</span> 
     </span>
     <span class='ocr_line' id='line_1_29' title="bbox 154 1879 831 1912; baseline -0.003 0"><span class='ocrx_word' id='word_1_137' title='bbox 154 1881 241 1912; x_wconf 90' lang='lat' dir='ltr'>dieto</span> <span class='ocrx_word' id='word_1_138' title='bbox 276 1880 365 1912; x_wconf 85' lang='lat' dir='ltr'>loco:</span> <span class='ocrx_word' id='word_1_139' title='bbox 407 1885 428 1898; x_wconf 88' lang='lat'><strong>“</strong></span> <span class='ocrx_word' id='word_1_140' title='bbox 455 1879 588 1911; x_wconf 89' lang='lat' dir='ltr'>Fulvius</span> <span class='ocrx_word' id='word_1_141' title='bbox 621 1879 768 1910; x_wconf 84' lang='lat' dir='ltr'>Nobilior</span> <span class='ocrx_word' id='word_1_142' title='bbox 797 1879 831 1910; x_wconf 91' lang='lat' dir='ltr'>in</span> 
     </span>
     <span class='ocr_line' id='line_1_30' title="bbox 155 1928 832 1972; baseline -0.004 -10"><span class='ocrx_word' id='word_1_143' title='bbox 155 1931 270 1967; x_wconf 86' lang='lat' dir='ltr'>Fastis,</span> <span class='ocrx_word' id='word_1_144' title='bbox 295 1940 374 1972; x_wconf 87' lang='lat' dir='ltr'>quos</span> <span class='ocrx_word' id='word_1_145' title='bbox 398 1929 431 1960; x_wconf 92' lang='lat' dir='ltr'>in</span> <span class='ocrx_word' id='word_1_146' title='bbox 455 1929 524 1960; x_wconf 84' lang='lat' dir='ltr'>aede</span> <span class='ocrx_word' id='word_1_147' title='bbox 547 1928 698 1960; x_wconf 86' lang='lat' dir='ltr'>Herculis</span> <span class='ocrx_word' id='word_1_148' title='bbox 719 1929 832 1959; x_wconf 86' lang='lat' dir='ltr'>Musa-</span> 
     </span>
     <span class='ocr_line' id='line_1_31' title="bbox 153 1978 831 2022; baseline -0.004 -11"><span class='ocrx_word' id='word_1_149' title='bbox 153 1991 222 2011; x_wconf 85' lang='lat' dir='ltr'>rum</span> <span class='ocrx_word' id='word_1_150' title='bbox 238 1980 356 2022; x_wconf 84' lang='lat' dir='ltr'>posuit,</span> <span class='ocrx_word' id='word_1_151' title='bbox 371 1979 548 2011; x_wconf 84' lang='lat' dir='ltr'>Romulum</span> <span class='ocrx_word' id='word_1_152' title='bbox 563 1978 644 2009; x_wconf 86' lang='lat' dir='ltr'>dicit</span> <span class='ocrx_word' id='word_1_153' title='bbox 662 1983 831 2021; x_wconf 84' lang='lat' dir='ltr'>postquam</span> 
     </span>
     <span class='ocr_line' id='line_1_32' title="bbox 152 2027 829 2073; baseline -0.006 -12"><span class='ocrx_word' id='word_1_154' title='bbox 152 2029 307 2073; x_wconf 89' lang='lat' dir='ltr'>populum</span> <span class='ocrx_word' id='word_1_155' title='bbox 331 2029 364 2060; x_wconf 90' lang='lat' dir='ltr'>in</span> <span class='ocrx_word' id='word_1_156' title='bbox 394 2029 527 2071; x_wconf 86' lang='lat' dir='ltr'>majores</span> <span class='ocrx_word' id='word_1_157' title='bbox 553 2028 755 2069; x_wconf 85' lang='lat' dir='ltr'>minoresque</span> <span class='ocrx_word' id='word_1_158' title='bbox 781 2027 829 2058; x_wconf 90' lang='lat' dir='ltr'>di-</span> 
     </span>
     <span class='ocr_line' id='line_1_33' title="bbox 151 2077 831 2121; baseline -0.004 -10"><span class='ocrx_word' id='word_1_159' title='bbox 151 2079 236 2116; x_wconf 84' lang='lat' dir='ltr'>visit,</span> <span class='ocrx_word' id='word_1_160' title='bbox 268 2085 304 2110; x_wconf 88' lang='lat' dir='ltr'>ut</span> <span class='ocrx_word' id='word_1_161' title='bbox 329 2079 429 2110; x_wconf 87' lang='lat' dir='ltr'>altera</span> <span class='ocrx_word' id='word_1_162' title='bbox 458 2089 530 2121; x_wconf 85' lang='lat' dir='ltr'>pars</span> <span class='ocrx_word' id='word_1_163' title='bbox 561 2077 706 2114; x_wconf 87' lang='lat' dir='ltr'>consilio,</span> <span class='ocrx_word' id='word_1_164' title='bbox 730 2077 831 2108; x_wconf 85' lang='lat' dir='ltr'>altera</span> 
     </span>
     <span class='ocr_line' id='line_1_34' title="bbox 154 2127 830 2172; baseline -0.004 -12"><span class='ocrx_word' id='word_1_165' title='bbox 154 2129 251 2161; x_wconf 86' lang='lat' dir='ltr'>armis</span> <span class='ocrx_word' id='word_1_166' title='bbox 267 2129 500 2172; x_wconf 86' lang='lat' dir='ltr'>rempublicam</span> <span class='ocrx_word' id='word_1_167' title='bbox 517 2133 669 2164; x_wconf 85' lang='lat' dir='ltr'>tueretur,</span> <span class='ocrx_word' id='word_1_168' title='bbox 681 2127 716 2158; x_wconf 90' lang='lat' dir='ltr'>in</span> <span class='ocrx_word' id='word_1_169' title='bbox 731 2127 830 2158; x_wconf 90' lang='lat' dir='ltr'>hono-</span> 
     </span>
     <span class='ocr_line' id='line_1_35' title="bbox 152 2174 828 2221; baseline -0.006 -10"><span class='ocrx_word' id='word_1_170' title='bbox 152 2190 220 2211; x_wconf 88' lang='lat' dir='ltr'>rem</span> <span class='ocrx_word' id='word_1_171' title='bbox 249 2179 415 2221; x_wconf 86' lang='lat' dir='ltr'>utriusque</span> <span class='ocrx_word' id='word_1_172' title='bbox 444 2178 544 2221; x_wconf 85' lang='lat' dir='ltr'>partis</span> <span class='ocrx_word' id='word_1_173' title='bbox 573 2178 659 2208; x_wconf 88' lang='lat' dir='ltr'>hunc</span> <span class='ocrx_word' id='word_1_174' title='bbox 691 2174 828 2213; x_wconf 89' lang='lat' dir='ltr'>Maium,</span> 
     </span>
     <span class='ocr_line' id='line_1_36' title="bbox 152 2226 835 2272; baseline -0.003 -11"><span class='ocrx_word' id='word_1_175' title='bbox 152 2234 339 2272; x_wconf 85' lang='lat' dir='ltr'>sequentem</span> <span class='ocrx_word' id='word_1_176' title='bbox 355 2229 375 2261; x_wconf 87' lang='lat' dir='ltr'>J</span> <span class='ocrx_word' id='word_1_177' title='bbox 380 2228 489 2260; x_wconf 87' lang='lat' dir='ltr'>unium</span> <span class='ocrx_word' id='word_1_178' title='bbox 506 2237 648 2259; x_wconf 84' lang='lat' dir='ltr'>mensem</span> <span class='ocrx_word' id='word_1_179' title='bbox 664 2226 835 2259; x_wconf 55' lang='lat' dir='ltr'>vocassess&#39;,</span> 
     </span>
     <span class='ocr_line' id='line_1_37' title="bbox 151 2276 827 2314; baseline -0.006 -4"><span class='ocrx_word' id='word_1_180' title='bbox 151 2279 233 2310; x_wconf 87' lang='lat' dir='ltr'>Eam</span> <span class='ocrx_word' id='word_1_181' title='bbox 254 2278 446 2310; x_wconf 80' lang='lat' dir='ltr'>sententiam</span> <span class='ocrx_word' id='word_1_182' title='bbox 467 2276 617 2314; x_wconf 87' lang='lat' dir='ltr'>Ovidius,</span> <span class='ocrx_word' id='word_1_183' title='bbox 635 2276 664 2308; x_wconf 84' lang='grc' dir='ltr'>Ι.</span> <span class='ocrx_word' id='word_1_184' title='bbox 683 2277 736 2308; x_wconf 84' lang='grc'>41.</span> <span class='ocrx_word' id='word_1_185' title='bbox 757 2287 827 2308; x_wconf 88' lang='lat' dir='ltr'>am-</span> 
     </span>
     <span class='ocr_line' id='line_1_38' title="bbox 153 2327 581 2371; baseline -0.005 -12"><span class='ocrx_word' id='word_1_186' title='bbox 153 2329 268 2371; x_wconf 83' lang='lat' dir='ltr'>plexus</span> <span class='ocrx_word' id='word_1_187' title='bbox 284 2334 344 2364; x_wconf 85' lang='lat' dir='ltr'>est,</span> <span class='ocrx_word' id='word_1_188' title='bbox 360 2334 392 2359; x_wconf 86' lang='lat' dir='ltr'>et</span> <span class='ocrx_word' id='word_1_189' title='bbox 406 2327 491 2359; x_wconf 88' lang='lat' dir='ltr'>infra</span> <span class='ocrx_word' id='word_1_190' title='bbox 506 2327 581 2358; x_wconf 80' lang='lat'><strong>527.</strong></span> 
     </span>
    </p>

    <p class='ocr_par' dir='ltr' id='par_1_18' title="bbox 154 2376 833 2820">
     <span class='ocr_line' id='line_1_39' title="bbox 198 2376 828 2419; baseline -0.006 -9"><span class='ocrx_word' id='word_1_191' title='bbox 198 2379 252 2410; x_wconf 84' lang='lat'>57.</span> <span class='ocrx_word' id='word_1_192' title='bbox 275 2378 392 2409; x_wconf 88' lang='lat' dir='ltr'>Priscis</span> <span class='ocrx_word' id='word_1_193' title='bbox 411 2377 606 2419; x_wconf 84' lang='lat' dir='ltr'>temporibus</span> <span class='ocrx_word' id='word_1_194' title='bbox 629 2380 775 2407; x_wconf 84' lang='lat' dir='ltr'>senectus</span> <span class='ocrx_word' id='word_1_195' title='bbox 795 2376 828 2406; x_wconf 90' lang='lat' dir='ltr'>in</span> 
     </span>
     <span class='ocr_line' id='line_1_40' title="bbox 154 2426 829 2469; baseline -0.006 -9"><span class='ocrx_word' id='word_1_196' title='bbox 154 2439 277 2461; x_wconf 90' lang='lat' dir='ltr'>summo</span> <span class='ocrx_word' id='word_1_197' title='bbox 307 2427 424 2459; x_wconf 84' lang='lat' dir='ltr'>honore</span> <span class='ocrx_word' id='word_1_198' title='bbox 454 2427 645 2469; x_wconf 88' lang='lat' dir='ltr'>ponebatur,</span> <span class='ocrx_word' id='word_1_199' title='bbox 675 2426 751 2468; x_wconf 86' lang='lat' dir='ltr'>quia</span> <span class='ocrx_word' id='word_1_200' title='bbox 781 2436 829 2456; x_wconf 90' lang='lat' dir='ltr'>re-</span> 
     </span>
     <span class='ocr_line' id='line_1_41' title="bbox 154 2474 830 2520; baseline -0.006 -10"><span class='ocrx_word' id='word_1_201' title='bbox 154 2490 224 2510; x_wconf 82' lang='lat' dir='ltr'>rum</span> <span class='ocrx_word' id='word_1_202' title='bbox 249 2477 505 2520; x_wconf 85' lang='lat' dir='ltr'>gravissimarum</span> <span class='ocrx_word' id='word_1_203' title='bbox 529 2476 664 2507; x_wconf 80' lang='lat' dir='ltr'>scientia</span> <span class='ocrx_word' id='word_1_204' title='bbox 686 2486 750 2506; x_wconf 89' lang='lat' dir='ltr'>non</span> <span class='ocrx_word' id='word_1_205' title='bbox 770 2474 830 2506; x_wconf 88' lang='lat' dir='ltr'>nisi</span> 
     </span>
     <span class='ocr_line' id='line_1_42' title="bbox 155 2524 828 2569; baseline -0.007 -8"><span class='ocrx_word' id='word_1_206' title='bbox 155 2530 306 2561; x_wconf 89' lang='lat' dir='ltr'>diuturno</span> <span class='ocrx_word' id='word_1_207' title='bbox 330 2539 389 2559; x_wconf 89' lang='lat' dir='ltr'>usu</span> <span class='ocrx_word' id='word_1_208' title='bbox 409 2526 586 2569; x_wconf 86' lang='lat' dir='ltr'>comparari</span> <span class='ocrx_word' id='word_1_209' title='bbox 609 2531 746 2568; x_wconf 87' lang='lat' dir='ltr'>poterat.</span> <span class='ocrx_word' id='word_1_210' title='bbox 794 2524 828 2557; x_wconf 87' lang='lat' dir='ltr'>‘O</span> 
     </span>
     <span class='ocr_line' id='line_1_43' title="bbox 154 2576 828 2622; baseline -0.004 -12"><span class='ocrx_word' id='word_1_211' title='bbox 154 2580 220 2622; x_wconf 84' lang='grc' dir='ltr'>γὰρ</span> <span class='ocrx_word' id='word_1_212' title='bbox 252 2578 376 2621; x_wconf 76' lang='grc' dir='ltr'><em>χρόνος</em></span> <span class='ocrx_word' id='word_1_213' title='bbox 399 2577 545 2620; x_wconf 76' lang='grc' dir='ltr'><em>δίδαγμα</em></span> <span class='ocrx_word' id='word_1_214' title='bbox 573 2576 828 2612; x_wconf 80' lang='grc' dir='ltr'><em>ποικιλώτατον,</em></span> 
     </span>
     <span class='ocr_line' id='line_1_44' title="bbox 155 2626 830 2671; baseline -0.006 -11"><span class='ocrx_word' id='word_1_215' title='bbox 155 2628 300 2671; x_wconf 89' lang='lat' dir='ltr'>Euripid.</span> <span class='ocrx_word' id='word_1_216' title='bbox 311 2627 495 2670; x_wconf 89' lang='lat' dir='ltr'>Belleroph.</span> <span class='ocrx_word' id='word_1_217' title='bbox 506 2626 618 2668; x_wconf 86' lang='lat' dir='ltr'>fragm.</span> <span class='ocrx_word' id='word_1_218' title='bbox 629 2627 684 2656; x_wconf 83' lang='lat'>22.</span> <span class='ocrx_word' id='word_1_219' title='bbox 704 2626 830 2656; x_wconf 87' lang='lat' dir='ltr'>Hones-</span> 
     </span>
     <span class='ocr_line' id='line_1_45' title="bbox 157 2675 828 2720; baseline -0.006 -10"><span class='ocrx_word' id='word_1_220' title='bbox 157 2678 315 2710; x_wconf 87' lang='lat' dir='ltr'>tissimum</span> <span class='ocrx_word' id='word_1_221' title='bbox 350 2678 417 2720; x_wconf 86' lang='lat' dir='ltr'>ejus</span> <span class='ocrx_word' id='word_1_222' title='bbox 446 2675 644 2708; x_wconf 89' lang='lat' dir='ltr'>domicilium</span> <span class='ocrx_word' id='word_1_223' title='bbox 675 2675 828 2707; x_wconf 84' lang='lat' dir='ltr'>Lacedae-</span> 
     </span>
     <span class='ocr_line' id='line_1_46' title="bbox 156 2723 831 2768; baseline -0.01 -8"><span class='ocrx_word' id='word_1_224' title='bbox 156 2739 250 2760; x_wconf 91' lang='lat' dir='ltr'>mone</span> <span class='ocrx_word' id='word_1_225' title='bbox 277 2734 367 2768; x_wconf 79' lang='lat' dir='ltr'>erat3</span> <span class='ocrx_word' id='word_1_226' title='bbox 394 2727 466 2760; x_wconf 88' lang='lat' dir='ltr'>Cic.</span> <span class='ocrx_word' id='word_1_227' title='bbox 490 2727 616 2758; x_wconf 86' lang='lat' dir='ltr'>Senect.</span> <span class='ocrx_word' id='word_1_228' title='bbox 642 2725 696 2755; x_wconf 88' lang='lat'>18.</span> <span class='ocrx_word' id='word_1_229' title='bbox 719 2723 775 2754; x_wconf 84' lang='lat' dir='ltr'>ubi</span> <span class='ocrx_word' id='word_1_230' title='bbox 799 2723 831 2754; x_wconf 92' lang='lat' dir='ltr'>id</span> 
     </span>
     <span class='ocr_line' id='line_1_47' title="bbox 159 2773 833 2820; baseline -0.009 -11"><span class='ocrx_word' id='word_1_231' title='bbox 159 2778 238 2820; x_wconf 88' lang='lat' dir='ltr'>agit,</span> <span class='ocrx_word' id='word_1_232' title='bbox 248 2783 284 2809; x_wconf 84' lang='lat' dir='ltr'>ut</span> <span class='ocrx_word' id='word_1_233' title='bbox 299 2777 471 2810; x_wconf 82' lang='lat' dir='ltr'>senectutis</span> <span class='ocrx_word' id='word_1_234' title='bbox 486 2776 645 2808; x_wconf 84' lang='lat' dir='ltr'>honoratae</span> <span class='ocrx_word' id='word_1_235' title='bbox 663 2773 833 2805; x_wconf 84' lang='lat' dir='ltr'>auctorita-</span> 
     </span>
    </p>

    <p class='ocr_par' dir='ltr' id='par_1_19' title="bbox 202 2828 368 2859">
     <span class='ocr_line' id='line_1_48' title="bbox 202 2828 368 2859; baseline -0.006 0"><span class='ocrx_word' id='word_1_236' title='bbox 202 2828 306 2859; x_wconf 85' lang='lat' dir='ltr'><strong>VOL.</strong></span> <span class='ocrx_word' id='word_1_237' title='bbox 327 2828 368 2858; x_wconf 88' lang='lat' dir='ltr'>V.</span> 
     </span>
    </p>
   </div>
   <div class='ocr_carea' id='block_1_14' title="bbox 894 1424 1575 2851">
    <p class='ocr_par' dir='ltr' id='par_1_20' title="bbox 894 1424 1575 2766">
     <span class='ocr_line' id='line_1_49' title="bbox 901 1424 1574 1463; baseline -0.013 -4"><span class='ocrx_word' id='word_1_238' title='bbox 901 1434 964 1461; x_wconf 86' lang='lat' dir='ltr'>tem</span> <span class='ocrx_word' id='word_1_239' title='bbox 990 1429 1022 1460; x_wconf 89' lang='lat' dir='ltr'>in</span> <span class='ocrx_word' id='word_1_240' title='bbox 1045 1430 1118 1460; x_wconf 89' lang='lat' dir='ltr'>luce</span> <span class='ocrx_word' id='word_1_241' title='bbox 1142 1427 1289 1459; x_wconf 87' lang='lat' dir='ltr'>collocet.</span> <span class='ocrx_word' id='word_1_242' title='bbox 1334 1424 1451 1455; x_wconf 80' lang='lat' dir='ltr'>Noster</span> <span class='ocrx_word' id='word_1_243' title='bbox 1475 1431 1574 1463; x_wconf 85' lang='lat' dir='ltr'>quum</span> 
     </span>
     <span class='ocr_line' id='line_1_50' title="bbox 901 1472 1575 1518; baseline -0.018 -6"><span class='ocrx_word' id='word_1_244' title='bbox 901 1480 981 1512; x_wconf 84' lang='lat' dir='ltr'>dicit</span> <span class='ocrx_word' id='word_1_245' title='bbox 1004 1491 1115 1512; x_wconf 79' lang='lat' dir='ltr'>canum</span> <span class='ocrx_word' id='word_1_246' title='bbox 1137 1483 1230 1518; x_wconf 78' lang='lat' dir='ltr'>caput</span> <span class='ocrx_word' id='word_1_247' title='bbox 1253 1481 1285 1507; x_wconf 86' lang='lat' dir='ltr'>et</span> <span class='ocrx_word' id='word_1_248' title='bbox 1304 1486 1386 1516; x_wconf 77' lang='lat' dir='ltr'>ruga</span> <span class='ocrx_word' id='word_1_249' title='bbox 1407 1472 1519 1507; x_wconf 74' lang='lat' dir='ltr'>senilis,</span> <span class='ocrx_word' id='word_1_250' title='bbox 1539 1476 1575 1501; x_wconf 84' lang='lat' dir='ltr'>ut</span> 
     </span>
     <span class='ocr_line' id='line_1_51' title="bbox 901 1519 1575 1574; baseline -0.018 -12"><span class='ocrx_word' id='word_1_251' title='bbox 901 1536 997 1574; x_wconf 90' lang='lat' dir='ltr'>poeta</span> <span class='ocrx_word' id='word_1_252' title='bbox 1019 1535 1052 1560; x_wconf 88' lang='lat' dir='ltr'>et</span> <span class='ocrx_word' id='word_1_253' title='bbox 1076 1539 1092 1559; x_wconf 88' lang='lat' dir='ltr'>e</span> <span class='ocrx_word' id='word_1_254' title='bbox 1111 1538 1206 1559; x_wconf 87' lang='lat' dir='ltr'>sensu</span> <span class='ocrx_word' id='word_1_255' title='bbox 1226 1524 1315 1567; x_wconf 88' lang='lat' dir='ltr'>vulgi</span> <span class='ocrx_word' id='word_1_256' title='bbox 1335 1522 1496 1565; x_wconf 87' lang='lat' dir='ltr'>loquitur;</span> <span class='ocrx_word' id='word_1_257' title='bbox 1519 1519 1575 1551; x_wconf 84' lang='lat' dir='ltr'>Ci-</span> 
     </span>
     <span class='ocr_line' id='line_1_52' title="bbox 902 1569 1570 1616; baseline -0.019 -4"><span class='ocrx_word' id='word_1_258' title='bbox 902 1591 973 1612; x_wconf 88' lang='lat' dir='ltr'>cero</span> <span class='ocrx_word' id='word_1_259' title='bbox 986 1585 1096 1610; x_wconf 77' lang='lat' dir='ltr'>contra</span> <span class='ocrx_word' id='word_1_260' title='bbox 1107 1577 1193 1608; x_wconf 75' lang='lat' dir='ltr'>dicto</span> <span class='ocrx_word' id='word_1_261' title='bbox 1206 1576 1286 1611; x_wconf 86' lang='lat' dir='ltr'>loco,</span> <span class='ocrx_word' id='word_1_262' title='bbox 1298 1580 1333 1605; x_wconf 89' lang='lat' dir='ltr'>ut</span> <span class='ocrx_word' id='word_1_263' title='bbox 1344 1569 1552 1616; x_wconf 86' lang='lat' dir='ltr'>philosophus</span> <span class='ocrx_word' id='word_1_264' title='bbox 1565 1582 1570 1599; x_wconf 91' lang='lat'>:</span> 
     </span>
     <span class='ocr_line' id='line_1_53' title="bbox 902 1628 1572 1667; baseline -0.018 -5"><span class='ocrx_word' id='word_1_265' title='bbox 902 1636 921 1649; x_wconf 92' lang='lat'><strong>“</strong></span> <span class='ocrx_word' id='word_1_266' title='bbox 940 1631 1014 1662; x_wconf 89' lang='lat' dir='ltr'>Non</span> <span class='ocrx_word' id='word_1_267' title='bbox 1038 1628 1123 1664; x_wconf 83' lang='lat' dir='ltr'>cani,</span> <span class='ocrx_word' id='word_1_268' title='bbox 1146 1638 1208 1658; x_wconf 88' lang='lat' dir='ltr'>non</span> <span class='ocrx_word' id='word_1_269' title='bbox 1231 1636 1318 1667; x_wconf 84' lang='lat' dir='ltr'>rugae</span> <span class='ocrx_word' id='word_1_270' title='bbox 1342 1628 1472 1665; x_wconf 86' lang='lat' dir='ltr'>repente</span> <span class='ocrx_word' id='word_1_271' title='bbox 1496 1630 1572 1651; x_wconf 89' lang='lat' dir='ltr'>auc-</span> 
     </span>
     <span class='ocr_line' id='line_1_54' title="bbox 901 1669 1575 1720; baseline -0.016 -9"><span class='ocrx_word' id='word_1_272' title='bbox 901 1680 1062 1711; x_wconf 86' lang='lat' dir='ltr'>toritatem</span> <span class='ocrx_word' id='word_1_273' title='bbox 1086 1677 1223 1720; x_wconf 85' lang='lat' dir='ltr'>arripere</span> <span class='ocrx_word' id='word_1_274' title='bbox 1239 1673 1404 1718; x_wconf 83' lang='lat' dir='ltr'>possunt‚&#39;&#39;</span> <span class='ocrx_word' id='word_1_275' title='bbox 1430 1671 1486 1702; x_wconf 89' lang='lat' dir='ltr'>sed</span> <span class='ocrx_word' id='word_1_276' title='bbox 1508 1669 1575 1701; x_wconf 78' lang='lat' dir='ltr'>vita</span> 
     </span>
     <span class='ocr_line' id='line_1_55' title="bbox 900 1724 1574 1773; baseline -0.018 -12"><span class='ocrx_word' id='word_1_277' title='bbox 900 1729 1040 1773; x_wconf 88' lang='lat' dir='ltr'>superior</span> <span class='ocrx_word' id='word_1_278' title='bbox 1063 1729 1146 1759; x_wconf 88' lang='lat' dir='ltr'>bene</span> <span class='ocrx_word' id='word_1_279' title='bbox 1170 1732 1253 1758; x_wconf 82' lang='lat' dir='ltr'>acta.</span> <span class='ocrx_word' id='word_1_280' title='bbox 1305 1724 1513 1756; x_wconf 83' lang='lat' dir='ltr'>Juventutem</span> <span class='ocrx_word' id='word_1_281' title='bbox 1541 1725 1574 1750; x_wconf 87' lang='lat' dir='ltr'>et</span> 
     </span>
     <span class='ocr_line' id='line_1_56' title="bbox 900 1769 1571 1811; baseline -0.019 1"><span class='ocrx_word' id='word_1_282' title='bbox 900 1785 1060 1811; x_wconf 85' lang='lat' dir='ltr'>senectam</span> <span class='ocrx_word' id='word_1_283' title='bbox 1085 1777 1182 1809; x_wconf 83' lang='lat' dir='ltr'>etiam</span> <span class='ocrx_word' id='word_1_284' title='bbox 1206 1773 1372 1807; x_wconf 84' lang='lat' dir='ltr'>Aristotel.</span> <span class='ocrx_word' id='word_1_285' title='bbox 1396 1771 1491 1803; x_wconf 86' lang='lat' dir='ltr'>Polit.</span> <span class='ocrx_word' id='word_1_286' title='bbox 1514 1769 1571 1800; x_wconf 86' lang='lat' dir='ltr'>vii.</span> 
     </span>
     <span class='ocr_line' id='line_1_57' title="bbox 900 1818 1572 1870; baseline -0.018 -9"><span class='ocrx_word' id='word_1_287' title='bbox 900 1832 930 1861; x_wconf 90' lang='lat'>9.</span> <span class='ocrx_word' id='word_1_288' title='bbox 955 1829 1000 1860; x_wconf 88' lang='lat' dir='ltr'>sic</span> <span class='ocrx_word' id='word_1_289' title='bbox 1025 1834 1211 1870; x_wconf 85' lang='lat' dir='ltr'>comparat:</span> <span class='ocrx_word' id='word_1_290' title='bbox 1245 1824 1266 1863; x_wconf 89' lang='grc' dir='ltr'>ἡ</span> <span class='ocrx_word' id='word_1_291' title='bbox 1290 1824 1351 1866; x_wconf 83' lang='grc' dir='ltr'>μὲν</span> <span class='ocrx_word' id='word_1_292' title='bbox 1375 1820 1513 1862; x_wconf 80' lang='grc' dir='ltr'><em>δύναμις</em></span> <span class='ocrx_word' id='word_1_293' title='bbox 1537 1818 1572 1850; x_wconf 68' lang='grc' dir='ltr'>ἐν</span> 
     </span>
     <span class='ocr_line' id='line_1_58' title="bbox 902 1868 1572 1922; baseline -0.019 -10"><span class='ocrx_word' id='word_1_294' title='bbox 902 1878 1080 1922; x_wconf 76' lang='grc' dir='ltr'><em>νεωτέροις,</em></span> <span class='ocrx_word' id='word_1_295' title='bbox 1099 1876 1120 1915; x_wconf 86' lang='grc' dir='ltr'><strong><em>ἡ</em></strong></span> <span class='ocrx_word' id='word_1_296' title='bbox 1140 1875 1172 1907; x_wconf 82' lang='grc' dir='ltr'>δὲ</span> <span class='ocrx_word' id='word_1_297' title='bbox 1195 1875 1352 1918; x_wconf 76' lang='grc' dir='ltr'><em>φρόνησις</em></span> <span class='ocrx_word' id='word_1_298' title='bbox 1371 1871 1407 1903; x_wconf 78' lang='grc' dir='ltr'>ἐν</span> <span class='ocrx_word' id='word_1_299' title='bbox 1425 1868 1572 1912; x_wconf 82' lang='grc' dir='ltr'><em>πρεσβυ-</em></span> 
     </span>
     <span class='ocr_line' id='line_1_59' title="bbox 900 1918 1570 1970; baseline -0.021 -8"><span class='ocrx_word' id='word_1_300' title='bbox 900 1929 1003 1970; x_wconf 85' lang='grc' dir='ltr'><em>τέροις</em></span> <span class='ocrx_word' id='word_1_301' title='bbox 1019 1927 1121 1959; x_wconf 78' lang='grc' dir='ltr'>ἐστίν.</span> <span class='ocrx_word' id='word_1_302' title='bbox 1166 1924 1247 1956; x_wconf 86' lang='lat' dir='ltr'>Inde</span> <span class='ocrx_word' id='word_1_303' title='bbox 1267 1922 1383 1964; x_wconf 88' lang='lat' dir='ltr'>cuique</span> <span class='ocrx_word' id='word_1_304' title='bbox 1399 1931 1456 1951; x_wconf 79' lang='lat' dir='ltr'>sua</span> <span class='ocrx_word' id='word_1_305' title='bbox 1471 1918 1570 1950; x_wconf 82' lang='lat' dir='ltr'>tribu-</span> 
     </span>
     <span class='ocr_line' id='line_1_60' title="bbox 901 1969 1571 2015; baseline -0.021 -4"><span class='ocrx_word' id='word_1_306' title='bbox 901 1980 998 2011; x_wconf 85' lang='lat' dir='ltr'>ebant</span> <span class='ocrx_word' id='word_1_307' title='bbox 1013 1987 1156 2008; x_wconf 84' lang='lat' dir='ltr'>munera.</span> <span class='ocrx_word' id='word_1_308' title='bbox 1192 1974 1303 2015; x_wconf 68' lang='lat' dir='ltr'>Eur-ip.</span> <span class='ocrx_word' id='word_1_309' title='bbox 1319 1971 1442 2003; x_wconf 83' lang='lat' dir='ltr'>Melan.</span> <span class='ocrx_word' id='word_1_310' title='bbox 1455 1969 1571 2010; x_wconf 77' lang='lat' dir='ltr'>fragm.</span> 
     </span>
     <span class='ocr_line' id='line_1_61' title="bbox 902 2020 1571 2065; baseline -0.018 -5"><span class='ocrx_word' id='word_1_311' title='bbox 902 2029 962 2060; x_wconf 88' lang='lat'>17:</span> <span class='ocrx_word' id='word_1_312' title='bbox 990 2027 1141 2063; x_wconf 84' lang='grc' dir='ltr'>Παλαιὸς</span> <span class='ocrx_word' id='word_1_313' title='bbox 1162 2025 1265 2061; x_wconf 85' lang='grc' dir='ltr'><em>αἶνος·</em></span> <span class='ocrx_word' id='word_1_314' title='bbox 1279 2021 1392 2065; x_wconf 77' lang='grc' dir='ltr'><em>’Ἔργα</em></span> <span class='ocrx_word' id='word_1_315' title='bbox 1411 2020 1474 2062; x_wconf 82' lang='grc' dir='ltr'>μὲν</span> <span class='ocrx_word' id='word_1_316' title='bbox 1492 2029 1571 2050; x_wconf 85' lang='grc' dir='ltr'>νεω-</span> 
     </span>
     <span class='ocr_line' id='line_1_62' title="bbox 898 2066 1571 2120; baseline -0.018 -10"><span class='ocrx_word' id='word_1_317' title='bbox 898 2076 1014 2120; x_wconf 80' lang='grc' dir='ltr'><em>τέρων,</em></span> <span class='ocrx_word' id='word_1_318' title='bbox 1031 2076 1157 2108; x_wconf 84' lang='grc' dir='ltr'><em>Βουλαὶ</em></span> <span class='ocrx_word' id='word_1_319' title='bbox 1175 2073 1198 2105; x_wconf 83' lang='grc' dir='ltr'>δ’</span> <span class='ocrx_word' id='word_1_320' title='bbox 1216 2073 1327 2115; x_wconf 81' lang='grc' dir='ltr'><em>ἔχουσι</em></span> <span class='ocrx_word' id='word_1_321' title='bbox 1342 2073 1410 2103; x_wconf 84' lang='grc' dir='ltr'>τῶν</span> <span class='ocrx_word' id='word_1_322' title='bbox 1424 2066 1571 2112; x_wconf 80' lang='grc' dir='ltr'><em>γεραιτέ-</em></span> 
     </span>
     <span class='ocr_line' id='line_1_63' title="bbox 899 2116 1571 2170; baseline -0.019 -11"><span class='ocrx_word' id='word_1_323' title='bbox 899 2139 969 2170; x_wconf 86' lang='grc' dir='ltr'>ρων</span> <span class='ocrx_word' id='word_1_324' title='bbox 983 2125 1118 2169; x_wconf 82' lang='grc' dir='ltr'><em>κράτος.</em></span> <span class='ocrx_word' id='word_1_325' title='bbox 1164 2124 1204 2155; x_wconf 91' lang='lat' dir='ltr'>In</span> <span class='ocrx_word' id='word_1_326' title='bbox 1220 2124 1327 2166; x_wconf 76' lang='grc' dir='ltr'><em>ἔργοις</em></span> <span class='ocrx_word' id='word_1_327' title='bbox 1343 2125 1411 2152; x_wconf 86' lang='lat' dir='ltr'>erat</span> <span class='ocrx_word' id='word_1_328' title='bbox 1426 2116 1571 2160; x_wconf 87' lang='lat' dir='ltr'>inprimis</span> 
     </span>
     <span class='ocr_line' id='line_1_64' title="bbox 900 2168 1572 2217; baseline -0.016 -10"><span class='ocrx_word' id='word_1_329' title='bbox 900 2177 1013 2207; x_wconf 84' lang='lat' dir='ltr'>Martis</span> <span class='ocrx_word' id='word_1_330' title='bbox 1036 2187 1121 2216; x_wconf 80' lang='lat' dir='ltr'>opus,</span> <span class='ocrx_word' id='word_1_331' title='bbox 1142 2172 1229 2217; x_wconf 87' lang='lat' dir='ltr'>quod</span> <span class='ocrx_word' id='word_1_332' title='bbox 1250 2171 1347 2204; x_wconf 80' lang='lat' dir='ltr'>etiam</span> <span class='ocrx_word' id='word_1_333' title='bbox 1370 2169 1410 2201; x_wconf 89' lang='lat' dir='ltr'>ab</span> <span class='ocrx_word' id='word_1_334' title='bbox 1432 2168 1572 2199; x_wconf 87' lang='lat' dir='ltr'>Homero</span> 
     </span>
     <span class='ocr_line' id='line_1_65' title="bbox 897 2215 1571 2268; baseline -0.018 -10"><span class='ocrx_word' id='word_1_335' title='bbox 897 2225 1029 2268; x_wconf 76' lang='grc' dir='ltr'><em>’Ἄρεως</em></span> <span class='ocrx_word' id='word_1_336' title='bbox 1044 2225 1146 2267; x_wconf 77' lang='grc' dir='ltr'><em>ἔργον</em></span> <span class='ocrx_word' id='word_1_337' title='bbox 1166 2222 1294 2254; x_wconf 88' lang='lat' dir='ltr'>dicitur.</span> <span class='ocrx_word' id='word_1_338' title='bbox 1340 2220 1495 2254; x_wconf 81' lang='lat' dir='ltr'>Animosa,</span> <span class='ocrx_word' id='word_1_339' title='bbox 1515 2215 1571 2247; x_wconf 89' lang='lat' dir='ltr'>ubi</span> 
     </span>
     <span class='ocr_line' id='line_1_66' title="bbox 897 2266 1570 2307; baseline -0.015 -1"><span class='ocrx_word' id='word_1_340' title='bbox 897 2275 1015 2307; x_wconf 88' lang='lat' dir='ltr'>milites</span> <span class='ocrx_word' id='word_1_341' title='bbox 1044 2274 1165 2305; x_wconf 88' lang='lat' dir='ltr'>animos</span> <span class='ocrx_word' id='word_1_342' title='bbox 1194 2283 1266 2304; x_wconf 89' lang='lat' dir='ltr'>suos</span> <span class='ocrx_word' id='word_1_343' title='bbox 1292 2270 1472 2302; x_wconf 84' lang='lat' dir='ltr'>declarant.</span> <span class='ocrx_word' id='word_1_344' title='bbox 1525 2266 1570 2297; x_wconf 90' lang='lat' dir='ltr'>Ut</span> 
     </span>
     <span class='ocr_line' id='line_1_67' title="bbox 898 2315 1570 2365; baseline -0.015 -9"><span class='ocrx_word' id='word_1_345' title='bbox 898 2325 958 2356; x_wconf 91' lang='lat' dir='ltr'>hoc</span> <span class='ocrx_word' id='word_1_346' title='bbox 979 2334 1087 2355; x_wconf 88' lang='lat' dir='ltr'>eorum</span> <span class='ocrx_word' id='word_1_347' title='bbox 1108 2334 1188 2365; x_wconf 89' lang='lat' dir='ltr'>opus</span> <span class='ocrx_word' id='word_1_348' title='bbox 1207 2319 1455 2354; x_wconf 86' lang='lat' dir='ltr'>commendaret,</span> <span class='ocrx_word' id='word_1_349' title='bbox 1476 2315 1570 2348; x_wconf 88' lang='lat' dir='ltr'>addi-</span> 
     </span>
     <span class='ocr_line' id='line_1_68' title="bbox 897 2368 1570 2415; baseline -0.015 -9"><span class='ocrx_word' id='word_1_350' title='bbox 897 2375 965 2406; x_wconf 83' lang='lat' dir='ltr'>dit:</span> <span class='ocrx_word' id='word_1_351' title='bbox 992 2386 1048 2415; x_wconf 83' lang='lat' dir='ltr'>pro</span> <span class='ocrx_word' id='word_1_352' title='bbox 1067 2374 1115 2405; x_wconf 76' lang='lat' dir='ltr'>dis</span> <span class='ocrx_word' id='word_1_353' title='bbox 1137 2374 1268 2404; x_wconf 79' lang='lat' dir='ltr'>aderant</span> <span class='ocrx_word' id='word_1_354' title='bbox 1291 2372 1324 2401; x_wconf 78' lang='lat' dir='ltr'>in</span> <span class='ocrx_word' id='word_1_355' title='bbox 1346 2371 1473 2401; x_wconf 80' lang='lat' dir='ltr'>statione</span> <span class='ocrx_word' id='word_1_356' title='bbox 1495 2368 1570 2402; x_wconf 81' lang='lat' dir='ltr'>suis,</span> 
     </span>
     <span class='ocr_line' id='line_1_69' title="bbox 898 2418 1570 2467; baseline -0.016 -10"><span class='ocrx_word' id='word_1_357' title='bbox 898 2425 1085 2467; x_wconf 80' lang='lat' dir='ltr'>pugnabant</span> <span class='ocrx_word' id='word_1_358' title='bbox 1108 2434 1163 2467; x_wconf 87' lang='lat' dir='ltr'>pro</span> <span class='ocrx_word' id='word_1_359' title='bbox 1184 2422 1247 2453; x_wconf 86' lang='lat' dir='ltr'>aris</span> <span class='ocrx_word' id='word_1_360' title='bbox 1271 2426 1303 2452; x_wconf 90' lang='lat' dir='ltr'>et</span> <span class='ocrx_word' id='word_1_361' title='bbox 1323 2419 1414 2451; x_wconf 85' lang='lat' dir='ltr'>focis.</span> <span class='ocrx_word' id='word_1_362' title='bbox 1459 2418 1570 2452; x_wconf 75' lang='lat' dir='ltr'>Statio,</span> 
     </span>
     <span class='ocr_line' id='line_1_70' title="bbox 898 2467 1570 2511; baseline -0.015 -5"><span class='ocrx_word' id='word_1_363' title='bbox 898 2475 997 2510; x_wconf 77' lang='lat' dir='ltr'>locus,</span> <span class='ocrx_word' id='word_1_364' title='bbox 1023 2473 1079 2505; x_wconf 90' lang='lat' dir='ltr'>ubi</span> <span class='ocrx_word' id='word_1_365' title='bbox 1104 2472 1223 2503; x_wconf 88' lang='lat' dir='ltr'>milites</span> <span class='ocrx_word' id='word_1_366' title='bbox 1247 2476 1334 2502; x_wconf 84' lang='lat' dir='ltr'>stant</span> <span class='ocrx_word' id='word_1_367' title='bbox 1361 2468 1430 2511; x_wconf 87' lang='lat' dir='ltr'>ejus</span> <span class='ocrx_word' id='word_1_368' title='bbox 1459 2467 1570 2498; x_wconf 85' lang='lat' dir='ltr'>defen-</span> 
     </span>
     <span class='ocr_line' id='line_1_71' title="bbox 898 2518 1572 2560; baseline -0.016 -4"><span class='ocrx_word' id='word_1_369' title='bbox 898 2524 995 2556; x_wconf 89' lang='lat' dir='ltr'>dendi</span> <span class='ocrx_word' id='word_1_370' title='bbox 1011 2533 1120 2555; x_wconf 85' lang='lat' dir='ltr'>causa.</span> <span class='ocrx_word' id='word_1_371' title='bbox 1165 2522 1205 2552; x_wconf 91' lang='lat' dir='ltr'>In</span> <span class='ocrx_word' id='word_1_372' title='bbox 1219 2522 1349 2552; x_wconf 77' lang='lat' dir='ltr'>statione</span> <span class='ocrx_word' id='word_1_373' title='bbox 1363 2518 1459 2560; x_wconf 86' lang='lat' dir='ltr'>igitur</span> <span class='ocrx_word' id='word_1_374' title='bbox 1471 2518 1572 2547; x_wconf 81' lang='lat' dir='ltr'>adesse</span> 
     </span>
     <span class='ocr_line' id='line_1_72' title="bbox 898 2565 1568 2610; baseline -0.015 -5"><span class='ocrx_word' id='word_1_375' title='bbox 898 2579 954 2605; x_wconf 91' lang='lat' dir='ltr'>aut</span> <span class='ocrx_word' id='word_1_376' title='bbox 967 2579 1026 2610; x_wconf 83' lang='lat' dir='ltr'>est,</span> <span class='ocrx_word' id='word_1_377' title='bbox 1041 2579 1078 2605; x_wconf 89' lang='lat' dir='ltr'>ut</span> <span class='ocrx_word' id='word_1_378' title='bbox 1093 2572 1215 2608; x_wconf 84' lang='lat' dir='ltr'>Florus,</span> <span class='ocrx_word' id='word_1_379' title='bbox 1226 2572 1254 2603; x_wconf 93' lang='lat' dir='ltr'>I.</span> <span class='ocrx_word' id='word_1_380' title='bbox 1270 2570 1291 2602; x_wconf 85' lang='lat' dir='ltr'>i.</span> <span class='ocrx_word' id='word_1_381' title='bbox 1311 2571 1360 2601; x_wconf 88' lang='grc'>15.</span> <span class='ocrx_word' id='word_1_382' title='bbox 1373 2569 1412 2600; x_wconf 89' lang='lat' dir='ltr'>de</span> <span class='ocrx_word' id='word_1_383' title='bbox 1425 2566 1476 2597; x_wconf 90' lang='lat' dir='ltr'>his</span> <span class='ocrx_word' id='word_1_384' title='bbox 1490 2565 1568 2608; x_wconf 87' lang='lat' dir='ltr'>ipsis</span> 
     </span>
     <span class='ocr_line' id='line_1_73' title="bbox 894 2616 1570 2667; baseline -0.018 -11"><span class='ocrx_word' id='word_1_385' title='bbox 894 2623 1067 2667; x_wconf 85' lang='lat' dir='ltr'>juvenibus</span> <span class='ocrx_word' id='word_1_386' title='bbox 1094 2622 1151 2660; x_wconf 89' lang='lat' dir='ltr'>ait,</span> <span class='ocrx_word' id='word_1_387' title='bbox 1181 2625 1202 2639; x_wconf 93' lang='lat'><strong>“</strong></span> <span class='ocrx_word' id='word_1_388' title='bbox 1222 2620 1263 2652; x_wconf 85' lang='lat' dir='ltr'>ad</span> <span class='ocrx_word' id='word_1_389' title='bbox 1288 2618 1394 2651; x_wconf 82' lang='lat' dir='ltr'>subita</span> <span class='ocrx_word' id='word_1_390' title='bbox 1415 2616 1491 2649; x_wconf 88' lang='lat' dir='ltr'>belli</span> <span class='ocrx_word' id='word_1_391' title='bbox 1514 2626 1570 2646; x_wconf 88' lang='lat' dir='ltr'>ex-</span> 
     </span>
     <span class='ocr_line' id='line_1_74' title="bbox 898 2665 1568 2710; baseline -0.015 -5"><span class='ocrx_word' id='word_1_392' title='bbox 898 2673 1053 2710; x_wconf 84' lang='lat' dir='ltr'>cubare‚”</span> <span class='ocrx_word' id='word_1_393' title='bbox 1092 2679 1147 2704; x_wconf 88' lang='lat' dir='ltr'>aut</span> <span class='ocrx_word' id='word_1_394' title='bbox 1186 2671 1299 2703; x_wconf 84' lang='lat' dir='ltr'>latiore</span> <span class='ocrx_word' id='word_1_395' title='bbox 1335 2679 1443 2704; x_wconf 88' lang='lat' dir='ltr'>sensu,</span> <span class='ocrx_word' id='word_1_396' title='bbox 1482 2665 1568 2697; x_wconf 88' lang='lat' dir='ltr'>bella</span> 
     </span>
     <span class='ocr_line' id='line_1_75' title="bbox 898 2734 1018 2766; baseline -0.008 -11"><span class='ocrx_word' id='word_1_397' title='bbox 898 2734 1018 2766; x_wconf 84' lang='lat' dir='ltr'>gerere.</span> 
     </span>
    </p>

    <p class='ocr_par' dir='ltr' id='par_1_21' title="bbox 944 2762 1569 2811">
     <span class='ocr_line' id='line_1_76' title="bbox 944 2762 1569 2811; baseline -0.014 -8"><span class='ocrx_word' id='word_1_398' title='bbox 944 2773 998 2803; x_wconf 82' lang='lat'>61.</span> <span class='ocrx_word' id='word_1_399' title='bbox 1025 2772 1099 2803; x_wconf 88' lang='lat' dir='ltr'>Non</span> <span class='ocrx_word' id='word_1_400' title='bbox 1116 2770 1222 2801; x_wconf 84' lang='lat' dir='ltr'>statim</span> <span class='ocrx_word' id='word_1_401' title='bbox 1245 2772 1386 2811; x_wconf 83' lang='lat' dir='ltr'>apparet,</span> <span class='ocrx_word' id='word_1_402' title='bbox 1403 2776 1465 2808; x_wconf 89' lang='lat' dir='ltr'>quo</span> <span class='ocrx_word' id='word_1_403' title='bbox 1488 2762 1569 2795; x_wconf 81' lang='lat' dir='ltr'>refe-</span> 
     </span>
    </p>

    <p class='ocr_par' dir='ltr' id='par_1_22' title="bbox 1032 2821 1098 2851">
     <span class='ocr_line' id='line_1_77' title="bbox 1032 2821 1098 2851; baseline -0.015 0"><span class='ocrx_word' id='word_1_404' title='bbox 1032 2821 1061 2851; x_wconf 75' lang='lat' dir='ltr'>l&lt;</span> <span class='ocrx_word' id='word_1_405' title='bbox 1080 2821 1098 2850; x_wconf 90' lang='lat' dir='ltr'><strong>k</strong></span> 
     </span>
    </p>
   </div>
  </div>
 </body>
</html>
