1809 3220
190 188 276 230 190
574 189 623 230 P.
659 188 865 232 OVIDII
899 189 1181 232 NASONIS

185 306 406 354 Annuit:
451 304 600 352 Unde
626 305 778 362 venit,
805 305 929 361 dixi,
958 321 1048 353 sua
1076 305 1303 353 membra
1328 305 1532 354 secandi

253 383 516 449 Impetus?
555 390 610 430 ut
635 384 786 440 tacui,
816 382 977 431 Pieris
1003 400 1116 431 orsa
1140 383 1308 447 loqui:

185 463 363 527 Phryx
388 478 512 527 puer
536 462 588 509 in
614 461 769 518 silvis,
797 462 928 510 facie
954 461 1264 526 spectabiliS,
1292 462 1428 509 Attis

251 540 571 603 Turrigeram
596 547 738 588 casto
757 540 920 588 vinxit
944 556 1113 587 amore
1141 539 1322 588 Deam.

184 617 335 666 Hunc
361 618 457 665 sibi
481 617 667 666 servari
692 618 863 674 voluit,
887 634 979 666 sua
1002 618 1195 682 templa
1217 617 1377 676 tueri3
1497 618 1596 663 225

250 695 318 744 Et
340 696 485 751 dixit,
516 696 729 760 Semper
753 695 832 743 fac
858 712 985 760 puer
1010 712 1122 744 esse
1147 696 1290 744 velis.

183 774 277 823 Ille
301 774 455 823 fidem
474 774 632 838 jussis
658 774 826 832 dedit;
869 783 937 830 et,
969 774 1024 822 Si
1051 774 1280 831 mentiar,
1309 772 1489 836 inquit,

252 853 460 911 Ultima,
488 870 591 917 qua
613 853 800 909 fallam,
829 853 894 901 sit
918 853 1093 902 Venus
1119 853 1205 901 illa
1230 852 1370 900 mihi.

183 932 359 990 Fallit3
400 940 452 980 et
476 932 527 979 in
554 931 798 996 Nympha
826 931 1110 995 Sagaritide
1136 932 1323 980 desinit
1347 947 1476 987 esse,

250 1010 400 1065 Quod
424 1009 546 1057 fuit:
587 1009 703 1057 hinc
730 1025 904 1073 poenas
931 1009 1090 1073 exigit
1122 1010 1193 1057 ira
1219 1009 1361 1057 Deae.
1501 1011 1599 1054 230

185 1087 352 1136 Naida
375 1087 666 1135 vulneribus
693 1087 909 1134 succidit
934 1087 984 1134 in
1011 1087 1188 1135 arbore
1208 1086 1371 1135 factis.

252 1166 347 1214 Illa
371 1167 528 1231 perit:
570 1165 730 1213 fatum
759 1165 951 1213 Naidos
977 1166 1123 1214 arbor
1147 1173 1270 1214 erat.

183 1244 281 1292 Hic
306 1244 445 1304 furit3
476 1252 542 1301 et,
560 1244 774 1293 credens
793 1244 1000 1292 thalami
1025 1244 1359 1309 procumbere
1383 1249 1593 1299 tectum,

251 1322 459 1387 Effugit,
487 1331 539 1371 et
565 1339 715 1370 cursu
743 1322 1002 1387 Dyndima
1024 1339 1220 1370 summa
1241 1322 1386 1387 petit.

224 1482 300 1513 22¹.
324 1480 494 1511 Lubricam
511 1479 551 1511 de
567 1480 760 1511 mutilatione
776 1479 856 1510 Gal-

179 1532 282 1562 lorum
306 1529 511 1572 quaestionem
527 1531 632 1561 Musae
650 1529 763 1571 virgini
786 1540 856 1571 pro-

176 1573 294 1623 'ponit;
317 1591 421 1622 neque
441 1585 548 1611 tamen
567 1579 623 1610 illa
642 1579 768 1610 dubitat
785 1589 856 1610 earn

181 1629 342 1672 expedire.
387 1628 517 1660 Initium
543 1629 577 1660 fit
601 1630 639 1660 ab
663 1630 742 1665 Atti,
759 1639 856 1670 puero

183 1679 335 1722 Phrygio,
352 1678 391 1710 de
408 1689 470 1720 quo
489 1679 596 1710 confer
611 1680 750 1710 Pausan.
766 1678 855 1708 Ach-

179 1730 239 1761 aic.
254 1741 287 1771 p.
305 1730 388 1768 566;
413 1729 588 1761 Lucianum
607 1729 647 1760 de
669 1729 760 1771 Syria
786 1729 857 1760 Dea

183 1781 245 1819 153
269 1780 447 1810 Arnobium
471 1779 543 1810 adv.
561 1779 691 1814 Gentes,
708 1779 728 1809 i.
745 1789 779 1820 p.
795 1780 857 1817 24;

180 1841 213 1860 v.
240 1841 271 1871 p.
300 1831 360 1861 159
391 1836 422 1860 et
455 1830 529 1860 184.
578 1828 728 1860 Carmine
760 1828 856 1859 etiarn

180 1879 358 1911 celebratus
370 1885 417 1910 est
430 1889 448 1909 a
461 1878 600 1909 Catullo.
632 1879 670 1909 In
683 1879 776 1909 MSS.
786 1877 857 1920 qui-

181 1929 316 1960 busdam
337 1929 420 1960 male
439 1929 550 1969 Atthys
568 1928 725 1959 scribitur.
772 1929 856 1959 Pau-

179 1978 276 2009 saniae
291 1984 324 2009 et
335 1977 476 2009 Luciano
492 1984 540 2008 est
556 1977 693 2016 Ἀττης.
716 1977 856 2019 Hesych.

173 2025 314 2066 Ἀττης,
325 2028 386 2058 τὸν
401 2026 558 2069 λέγουσιν
565 2026 685 2058 Ἀττιν
699 2027 728 2057 οἱ
746 2026 856 2058 Λάκω-

182 2089 248 2116 νες.
277 2076 436 2108 Arnobius
451 2088 565 2108 nomen
577 2076 707 2108 deducit
721 2087 740 2107 a
755 2077 856 2119 Phry-

181 2126 234 2170 gia
254 2137 330 2158 voce
354 2133 489 2168 aetagus,
506 2126 621 2157 hircus.
668 2126 791 2157 Fabula
816 2127 855 2157 de

181 2187 220 2208 eo
235 2177 319 2207 varie
335 2183 490 2207 narratur.
536 2177 575 2206 In
586 2177 676 2217 facie
691 2177 759 2218 ejus
781 2187 852 2207 con-

180 2226 321 2258 sentiunt
353 2226 519 2268 scriptores
533 2237 541 2264 3
587 2225 646 2256 fuit
674 2226 704 2257 ei
733 2225 856 2264 κάλλος

182 2274 271 2307 πλέω
286 2275 307 2314 ἥ
322 2276 407 2306 κατὰ
424 2274 506 2312 εἶδος
526 2274 723 2317 ἀνθρώπου.
769 2276 854 2307 Pau-

179 2336 250 2357 san.
298 2325 421 2366 Lydum
457 2335 529 2356 eum
567 2325 644 2356 facit
679 2325 852 2361 Lucianus,

180 2375 245 2407 sive
262 2386 279 2406 e
296 2374 453 2417 frequenti
473 2374 600 2406 illarum
621 2374 763 2417 gentium
779 2386 854 2406 con-

181 2424 315 2460 fusione,
341 2424 465 2464 (confer
492 2424 647 2466 Neapol.)
675 2425 753 2461 sive,
779 2425 855 2467 quia

181 2474 278 2510 Attis,
294 2480 330 2504 ut
345 2473 574 2504 Hermesianax
593 2475 627 2504 in
641 2474 738 2515 elegis
755 2475 853 2517 scrip-

179 2529 274 2560 serat,
287 2523 415 2554 adultus
429 2523 463 2553 in
478 2523 613 2564 Lydiam
625 2523 782 2565 migravit,
794 2524 852 2555 ibi-

181 2584 243 2615 que
258 2573 374 2604 Matris
390 2572 485 2603 Idaeae
500 2572 650 2614 mysteria
665 2573 784 2605 docuit.
813 2574 852 2605 In

180 2624 263 2654 silvis
281 2621 436 2654 educatus
449 2628 507 2658 est,
524 2628 556 2653 et
577 2633 595 2652 a
611 2623 735 2665 capella
750 2623 850 2654 nutri-

182 2680 245 2704 tus.
293 2671 472 2703 For-mulam
500 2673 617 2702 vincire
642 2683 741 2702 amore
768 2683 852 2704 com-

179 2722 292 2764 probat
315 2721 477 2752 Heinsius.
525 2721 620 2752 Hunc
645 2723 700 2752 sibi
724 2724 850 2758 servari,

181 2771 265 2803 hunc
282 2770 441 2802 abstinere
458 2771 498 2802 ab
515 2781 620 2803 amore
639 2770 782 2807 aliarum,
798 2783 854 2803 suo

925 1480 1026 1511 cultui
1058 1479 1237 1511 addictum.
1285 1480 1337 1510 De
1367 1478 1502 1520 conjuge
1537 1476 1601 1508 fida

925 1531 1063 1561 Metam.
1077 1530 1130 1562 vii.
1147 1531 1229 1561 735:
1260 1529 1324 1571 Ego
1336 1531 1392 1560 uni
1406 1539 1517 1565 servor,
1532 1529 1601 1558 ubi-

924 1592 1050 1621 cumque
1075 1587 1129 1611 θεῖ.
1178 1580 1301 1619 Templa
1330 1581 1423 1614 tueri,
1449 1584 1497 1609 est
1522 1577 1599 1609 aedi-

924 1636 1014 1660 tuum
1037 1640 1118 1666 csse,
1135 1636 1169 1660 ut
1193 1630 1328 1660 Metam.
1347 1628 1412 1659 viii.
1429 1628 1504 1659 707.
1520 1627 1597 1658 710.

924 1679 1105 1710 Secundum
1129 1679 1304 1710 Lucianum
1330 1679 1416 1709 dicto
1437 1678 1518 1714 loco,
1535 1677 1598 1719 pri-

927 1740 996 1760 mus
1025 1729 1112 1772 orgia
1137 1728 1238 1759 Rheae
1265 1728 1383 1760 docuit.
1432 1728 1504 1758 Esse
1526 1729 1602 1759 velis

927 1780 1079 1810 urbanius
1103 1789 1210 1821 quam,
1227 1778 1279 1809 sis.
1328 1779 1425 1814 Puer,
1443 1777 1600 1809 castitatis

927 1828 1086 1859 notionem
1103 1839 1186 1859 nunc
1202 1828 1311 1859 habet.

969 1880 1046 1909 228.
1072 1879 1227 1909 Formulae
1243 1878 1400 1909 solemnes
1417 1877 1596 1920 jurantum,

924 1930 949 1959 si
974 1930 1116 1965 mentiar,
1141 1931 1164 1959 si
1191 1931 1285 1959 sciens
1298 1927 1428 1970 fallam.
1475 1927 1601 1969 Sagaris

925 1978 968 2009 id.
985 1978 1070 2020 quod
1094 1978 1274 2019 Sangarius,
1291 1977 1392 2008 amnis
1413 1987 1452 2008 ex
1473 1976 1599 2008 Adoreo

926 2033 1033 2058 monte
1054 2038 1110 2069 per
1125 2026 1297 2068 Phrygiam
1318 2027 1418 2057 fluens
1430 2038 1439 2065 ;
1462 2025 1600 2062 Solinus,

926 2088 996 2119 cap.
1014 2078 1077 2108 43:
1106 2082 1127 2094 “
1148 2076 1274 2118 Sagaris
1299 2075 1427 2112 fluvius,
1449 2075 1554 2107 dictus
1579 2085 1600 2107 a

925 2127 1085 2169 plerisque
1099 2126 1310 2169 Sangarius.”
1348 2125 1445 2168 Apud
1460 2126 1601 2157 Pausan.

925 2184 957 2206 et
983 2176 1171 2213 Arnobium,
1197 2176 1293 2207 Nana
1323 2175 1466 2217 Sangarii
1497 2175 1598 2206 amnis

924 2226 1001 2262 filia,
1029 2233 1129 2257 mater
1158 2231 1206 2257 est
1233 2225 1368 2261 Attidis,
1393 2235 1490 2267 quem
1518 2223 1596 2256 miro

924 2276 1016 2306 modo
1046 2276 1202 2317 concepit,
1227 2285 1325 2317 quum
1357 2274 1531 2316 amygdali,
1558 2285 1598 2306 ex

922 2324 1065 2356 virilibus
1079 2325 1230 2366 Agdestis
1244 2324 1374 2355 resectis
1385 2330 1501 2361 enatae,
1513 2323 1598 2356 fruc-

921 2381 972 2406 tus
992 2375 1024 2405 in
1046 2375 1148 2406 sinum
1167 2374 1369 2415 collegisset;
1392 2374 1449 2405 sed
1470 2380 1503 2406 et
1522 2374 1595 2405 reli-

921 2435 986 2466 qua
1022 2425 1062 2456 ab
1105 2425 1153 2456 his
1190 2423 1359 2455 Ovidianis
1396 2424 1591 2466 discrepant.

922 2475 1074 2517 Nympha
1102 2475 1162 2506 fuit
1196 2485 1258 2505 una
1287 2485 1327 2505 ex
1356 2473 1592 2516 Hamadryadi—

921 2525 991 2560 bus,
1008 2536 1079 2567 quae
1103 2535 1167 2555 una
1187 2535 1260 2556 cum
1284 2524 1446 2555 arboribus
1466 2524 1532 2556 suis
1545 2524 1594 2556 in-

921 2574 1013 2605 terire
1040 2574 1270 2613 credebantur3
1301 2575 1382 2605 Met.
1399 2573 1467 2604 viii.
1485 2575 1594 2605 761-

921 2625 995 2655 773.
1040 2622 1144 2665 Igitur
1159 2630 1191 2655 et
1203 2623 1284 2660 haec,
1296 2623 1463 2654 vulnerata
1473 2624 1594 2660 arbore,

919 2675 1091 2704 succiditur
1119 2673 1202 2716 ipsa.
1248 2675 1348 2705 Arbor
1372 2674 1484 2716 fatum
1511 2680 1591 2711 erat,

917 2723 1019 2754 fatum
1037 2724 1105 2765 ejus
1119 2723 1280 2765 pendebat
1295 2723 1336 2754 ab
1351 2724 1472 2754 arbore.

963 2774 1039 2805 233.
1066 2773 1214 2804 Fur-orem
1237 2773 1265 2805 ei
1287 2772 1397 2815 injecit
1416 2773 1591 2804 secundum
