1830 3220
790 165 934 208 IBIS.

1482 166 1571 210 485

156 278 288 328 Nam
314 297 481 346 neque
508 289 632 346 quot
656 282 804 330 flores
829 282 1001 330 Sicula
1020 288 1293 329 nascantur
1311 282 1362 329 in
1379 281 1566 347 Hybla,

222 357 421 413 Quotve
445 360 590 417 ferat,
618 360 801 417 dicam,
828 367 961 408 terra
987 359 1174 407 Cilissa
1198 376 1390 408 crocos.

156 435 284 493 Nec,
307 454 466 501 quum
491 438 646 486 tristis
673 439 855 503 hyems
875 437 1142 502 Aquilonis
1168 438 1413 486 inhorruit
1436 438 1545 496 alis,

222 514 388 569 Quam
415 517 576 564 multa
599 517 690 564 fiat
715 516 960 580 grandine
985 532 1142 564 canus
1167 515 1348 564 Athos.

156 592 267 641 Nec
293 594 426 642 mala
443 611 566 643 voce
592 611 704 643 mea
729 595 926 660 possint
942 602 1030 642 tua
1051 601 1236 642 cuncta
1260 593 1448 652 referri,
1471 596 1573 642 205

225 671 330 719 Ora
355 672 474 720 licet
498 673 691 721 tribuas
717 672 1054 737 multiplicata
1078 672 1215 720 mihi.

154 748 254 797 Tot
277 750 366 798 tibi
392 766 466 798 vae
491 750 696 799 misero!
735 750 939 799 veniant
963 751 1196 814 talesque
1221 750 1394 808 ruinae,

225 827 299 876 Ut
323 829 435 892 cogi
461 829 511 876 in
535 830 785 895 lacrymas
810 845 892 876 me
919 844 1122 892 quoque
1149 845 1301 892 posse
1326 837 1519 893 putem..

157 905 264 954 Illae
290 923 371 955 me
397 907 634 972 lacrymae
659 907 848 955 facient
869 907 978 954 sine
1003 906 1102 955 fine
1128 907 1358 955 beatum:

226 983 438 1033 Dulcior
462 986 544 1033 hic
570 985 673 1033 risu
697 993 804 1033 tum
826 985 947 1032 mihi
973 984 1123 1032 fietus
1149 986 1261 1034 erit.

1473 989 1572 1034 210

156 1061 321 1111 Natus
346 1080 401 1112 es
428 1064 630 1122 infelix3
670 1065 740 1112 ita
767 1064 832 1111 Di
858 1063 1075 1119 voluere,
1103 1080 1197 1111 nec
1223 1064 1327 1112 ulla

225 1141 509 1190 Commoda
534 1143 762 1190 nascenti
789 1142 953 1197 stella,
981 1141 1167 1190 levisve
1192 1141 1304 1189 fuit.

158 1219 275 1268 Non
302 1219 476 1268 Venus
502 1220 723 1278 adfulsit,
752 1238 853 1268 non
879 1221 965 1268 illa
987 1219 1018 1267 J
1024 1221 1226 1285 uppiter
1251 1221 1400 1269 hora:

227 1298 432 1347 Lunave
458 1316 559 1347 non
584 1307 720 1364 apto,
751 1300 900 1348 Solve
927 1298 1067 1347 fuere
1092 1299 1220 1347 loco.

158 1376 269 1426 Nec
297 1377 420 1425 satis
445 1378 635 1425 utiliter
659 1378 852 1442 positos
878 1377 968 1424 tibi
996 1378 1214 1441 praebuit
1238 1377 1398 1440 ignes,

1476 1381 1574 1427 215

227 1454 394 1510 Quem
419 1456 618 1521 peperit
642 1472 841 1519 magno,
870 1455 1040 1503 lucida
1062 1454 1218 1512 Maia,
1245 1454 1275 1502 J
1281 1456 1376 1503 ovi.

157 1533 230 1582 Te
241 1534 362 1592 fera,
376 1551 468 1583 nec
486 1535 769 1599 quidquam
784 1534 1043 1598 placidum
1059 1534 1379 1599 spondentia,
1396 1534 1578 1583 Martis

229 1613 409 1661 Sidera
433 1622 742 1678 presserunt,
766 1612 1079 1676 falciferique
1107 1613 1258 1661 senis.

161 1691 274 1739 Lux
301 1708 506 1756 quoque
533 1691 736 1747 natalis,
764 1707 827 1738 ne
855 1690 997 1754 quid,
1019 1691 1113 1737 nisi
1138 1691 1302 1749 triste,
1320 1691 1534 1748 videres,

226 1770 428 1835 Turpis,
456 1778 507 1818 et
532 1770 751 1818 inductis
778 1770 999 1817 nubibus
1026 1776 1133 1817 atra
1157 1769 1266 1818 fuit.

160 1919 192 1945 et
207 1912 299 1956 copia
315 1912 346 1943 in
363 1911 570 1943 admiratione
586 1918 644 1943 est.
690 1913 738 1943 De
755 1924 837 1943 mare

160 1964 287 2005 Libyco.
334 1963 427 1993 Mare
441 1962 597 2005 Libycum
610 1962 695 1993 idem
711 1962 836 1994 Africa.-

161 2025 237 2046 num
247 2013 367 2045 dictum
376 2018 424 2044 est
435 2025 444 2052 3
462 2013 661 2055 protenditur
672 2013 837 2055 inAZgyp-

161 2065 240 2096 tium
257 2074 358 2106 usque
377 2063 520 2106 pelagus.
564 2064 678 2105 Libyco
693 2066 729 2094 de
746 2075 838 2094 mare.

161 2115 281 2152 Prisce,
291 2125 347 2157 pro
359 2114 398 2145 de
409 2114 487 2145 mari
500 2126 508 2153 3
524 2113 626 2145 Caris.
639 2114 695 2144 lib.
706 2114 727 2145 i.
739 2115 839 2146 Dssss.

205 2166 282 2197 202.
309 2165 404 2196 Terra
436 2164 546 2195 Cilissa
575 2164 702 2205 crocos]
747 2164 841 2196 Circa

163 2215 334 2257 Corycium
372 2214 496 2246 Ciliciae
535 2219 675 2245 montem
712 2225 841 2245 crocum

162 2266 317 2308 optimum
343 2265 489 2301 habetur,
509 2264 592 2295 inter
616 2271 732 2296 caetera
754 2265 840 2296 elec·

163 2315 332 2352 tissimum,
357 2315 402 2346 ibi
440 2315 578 2356 Corycos
615 2325 687 2356 opp.
718 2321 777 2351 est,
809 2322 841 2346 et

163 2377 288 2408 specus.
327 2365 464 2397 Crocum
482 2371 587 2396 autem
601 2364 840 2396 adolescentem

163 2416 273 2452 fuisse,
291 2415 407 2448 fabulae
423 2415 607 2451 ostendunt,
619 2414 652 2445 in
667 2415 776 2446 florem
792 2416 840 2447 sui

165 2465 300 2498 nominis
313 2471 570 2496 transmutatum.

208 2517 284 2549 204.
296 2516 416 2557 Athos]
439 2516 535 2546 Mons
550 2514 721 2546 altissimus
729 2516 842 2547 Mace.-

168 2566 285 2598 doniae.

211 2617 286 2647 214.
319 2616 448 2646 Lunave
473 2627 531 2645 non
555 2614 655 2655 apta]
689 2615 758 2646 Hoc
783 2621 842 2652 est,

167 2667 255 2698 nullo
271 2665 424 2707 adspectu
436 2665 530 2701 bono,
543 2664 763 2706 horoscopum,
777 2665 842 2696 sive

167 2717 293 2757 signum
310 2714 508 2746 adscendens
523 2721 740 2757 respexerunt.
772 2714 842 2756 Sig-

170 2765 278 2797 nificat
309 2770 416 2796 autem
445 2764 510 2800 sol,
541 2763 614 2795 vitae
643 2769 740 2805 atque
771 2764 846 2795 anni

1479 1774 1579 1818 220

907 1911 1176 1948 constitutionem,
1194 1912 1284 1942 Luna
1301 1916 1407 1942 autem
1423 1911 1560 1954 corporis
1575 1924 1580 1942 :

907 1961 962 2003 qui
979 1961 1004 1993 si
1027 1961 1118 1992 nulla
1136 1963 1219 1992 bona
1238 1960 1417 1992 radiatione
1435 1972 1507 1992 cum
1526 1961 1583 1992 ad-

907 2011 1079 2043 scendente
1103 2010 1193 2052 signo
1220 2018 1455 2052 comparantur,
1479 2010 1583 2053 ipsum

907 2072 1034 2103 quoque
1051 2066 1161 2091 natum
1179 2059 1397 2096 infeliciorem,
1416 2060 1584 2102 minusque

907 2111 1084 2142 durabilem
1100 2110 1251 2146 futurum,
1262 2110 1490 2152 astrologorum
1505 2110 1582 2152 dog-

907 2169 994 2193 mata
1009 2161 1149 2193 tradunt.
1173 2161 1305 2191 M1crL.

953 2213 1028 2243 215.
1054 2211 1119 2241 Nec
1145 2211 1217 2241 sutis
1243 2208 1394 2249 utiliter]
1432 2207 1585 2239 Mercurii

910 2262 998 2294 sidus
1021 2261 1100 2292 dicit
1124 2259 1297 2291 admodum
1316 2259 1457 2289 humano
1477 2258 1586 2299 generi

909 2312 1071 2347 nocivum,
1096 2310 1119 2341 si
1146 2310 1178 2341 in
1202 2310 1311 2340 Ariete
1335 2309 1440 2344 fuerit,
1462 2308 1495 2339 in
1519 2309 1585 2340 Ge-

909 2362 1014 2398 minis,
1030 2361 1063 2392 in
1082 2360 1218 2396 Cancro,
1238 2359 1272 2390 in
1291 2357 1473 2400 Sagittario,
1492 2368 1529 2389 ac
1554 2357 1587 2388 in

911 2412 1116 2455 Capricorno-

954 2463 1029 2493 217.
1047 2462 1163 2492 Martis
1177 2459 1306 2500 sidera]
1330 2459 1497 2489 Planetam
1513 2468 1585 2500 pes-

909 2513 1037 2549 simum,
1053 2511 1151 2547 bella,
1169 2509 1412 2544 interneciones,
1431 2514 1464 2539 et
1484 2507 1587 2549 litigia

911 2568 1017 2601 amat3
1038 2567 1070 2593 et
1084 2560 1211 2603 quando
1224 2559 1359 2600 alicujus
1374 2563 1487 2600 praeest
1502 2558 1586 2588 nati-

911 2613 1016 2648 vitati,
1034 2611 1154 2642 malum
1176 2608 1349 2650 significat,
1371 2607 1430 2638 nisi
1452 2607 1587 2650 adspec-

911 2669 979 2694 tum
1001 2672 1075 2693 cum
1090 2662 1184 2696 Jove,
1202 2666 1257 2690 aut
1273 2659 1399 2690 Venere
1421 2657 1587 2696 habuerit3

914 2712 984 2744 vide
1003 2712 1078 2744 Joh.
1102 2711 1198 2752 Bapt.
1223 2709 1330 2746 Pium,
1354 2712 1508 2740 Annotat.
1532 2718 1587 2750 po-

916 2769 991 2795 ster.
1008 2772 1080 2804 cap.
1096 2762 1148 2792 42.
1171 2760 1255 2791 Zia.
