1809 3220
234 165 321 209 138

618 164 668 206 Ρ.
702 163 918 206 OVIDII
952 162 1238 205 NASONIS

240 282 332 331 Ille
358 281 488 330 redit
511 281 674 337 laetus,
701 286 1051 342 memoratque
1077 279 1361 334 Quiritibus
1387 288 1529 329 acta:

308 359 475 408 Tarda
500 358 637 406 venit
660 357 828 414 dictis,
855 356 1175 420 difficilisque
1201 357 1348 405 fides.

1558 361 1658 406 350

243 439 313 485 At
335 444 473 485 certe
499 435 779 491 credemur,
808 434 895 491 ait,
923 434 964 481 si
988 435 1142 482 verba
1167 443 1410 499 sequatur

313 515 524 563 Exitus:
567 531 647 570 en,
676 514 793 562 audi
818 513 1053 570 crastina,
1083 514 1316 577 quisquis
1342 514 1480 562 ades.

246 592 521 641 Protulerit
544 592 690 640 terris
716 609 875 656 quum
902 599 1063 639 totum
1092 591 1347 656 Cynthius
1372 593 1562 649 orbem,

313 670 516 736 Jupiter
541 671 736 735 imperii
762 670 973 735 pignora
997 677 1137 718 certa
1164 670 1321 718 dabit.

250 748 537 797 Discedunt
561 748 718 805 dubii,
742 748 1092 812 promissaque
1118 749 1262 796 tarda
1280 748 1540 806 videntur;
1563 749 1662 795 355

319 826 694 891 Dependetque
720 827 847 875 fides
874 843 903 874 a
926 827 1163 874 veniente
1189 827 1289 875 die.

251 904 421 952 Mollis
448 913 554 953 erat
581 905 730 952 tellus
756 914 1023 968 rorataque
1048 920 1197 953 mane
1223 904 1428 969 pruina:

321 983 453 1031 Ante
480 984 557 1031 sui
583 984 801 1048 populus
827 972 1001 1030 limina
1026 983 1157 1046 regis
1191 983 1352 1031 adest.

254 1061 449 1118 Prodit,
477 1069 528 1108 et
552 1063 602 1108 in
630 1061 754 1109 solio
781 1060 978 1108 medius
1004 1061 1236 1108 consedit
1261 1077 1471 1109 acerno:

324 1138 580 1187 Innumeri
605 1139 741 1187 circa
766 1147 1005 1203 stantque
1031 1140 1282 1204 silentque
1308 1140 1415 1188 viri.

1569 1141 1668 1186 360

257 1218 412 1265 Ortus
438 1226 546 1266 erat
570 1235 767 1266 summo
793 1219 1142 1267 tantummodo
1167 1219 1390 1283 margine
1413 1218 1664 1266 Phoebus:

327 1296 566 1344 Sollicitae
595 1306 791 1345 mentes
818 1313 1013 1361 speque
1038 1305 1282 1362 metuque
1306 1304 1508 1362 pavent.

261 1374 519 1430 Constitit,
548 1382 703 1439 atque
729 1384 883 1440 caput
909 1375 1053 1424 niveo
1078 1377 1274 1424 velatus
1300 1376 1504 1433 amictu,

327 1451 357 1499 J
363 1469 442 1500 am
468 1453 596 1500 bene
626 1453 715 1500 Dis
744 1461 888 1501 notas
915 1454 1122 1502 sustulit
1147 1454 1230 1502 ille
1255 1470 1464 1512 manus3

265 1530 432 1594 Atque
452 1531 535 1587 ita,
554 1531 779 1596 Tempus
802 1531 947 1580 adest
967 1533 1201 1596 promissi
1219 1532 1460 1589 muneris,
1482 1530 1669 1595 inquit:

331 1609 616 1659 Pollicitam
642 1611 807 1668 dictis,
834 1610 1050 1675 Jupiter,
1079 1611 1209 1660 adde
1233 1611 1402 1659 fidem.

308 1788 382 1819 350.
412 1788 488 1825 Vix,
516 1798 572 1819 nec
603 1788 661 1820 nisi
691 1796 822 1821 eventus
850 1797 932 1833 post·

265 1848 360 1880 quam
376 1838 534 1879 promissis
554 1839 706 1876 constitit,
723 1839 818 1870 fidem
834 1840 862 1872 ei
880 1840 936 1872 ha-

263 1889 341 1920 bent
361 1888 514 1925 Quirites.
563 1890 710 1920 Creditur
733 1890 769 1927 is,
785 1891 835 1922 cui
861 1891 936 1923 fides

265 1938 410 1969 habetur.
437 1938 593 1975 Crastina,
610 1950 680 1981 quae
697 1950 765 1970 cras
779 1940 937 1972 evenient.

310 1988 386 2019 357.
409 1988 593 2019 Burmanno
611 1988 680 2019 haec
702 1995 791 2020 terrae
811 1989 938 2021 affectio

268 2037 506 2068 commemorari
522 2037 594 2068 ideo
609 2038 743 2074 videtur,
761 2039 845 2080 quod
866 2040 938 2071 inde

266 2097 359 2118 omen
384 2092 548 2129 captatum
574 2088 626 2124 sit,
652 2088 683 2120 id
709 2095 794 2120 certe
820 2090 939 2121 sactum

268 2146 335 2167 esse
371 2137 411 2167 ab
440 2136 608 2178 Augusto;
646 2138 775 2169 Sueton.
802 2139 940 2181 August.

270 2184 346 2216 xcii.
371 2185 443 2216 Nisi
458 2192 584 2228 poetam
601 2186 713 2218 credas
730 2194 854 2230 tempus
870 2194 938 2219 tan·

270 2240 338 2265 tum
368 2235 558 2266 matutinum
588 2236 765 2268 describere
793 2237 940 2269 voluisse.

271 2283 351 2315 Orto
365 2290 475 2316 contra
490 2285 555 2316 sole
571 2291 592 2303 “
608 2286 763 2328 pruinosae
783 2288 941 2318 siccantur

271 2332 412 2369 herbae,''
442 2334 577 2366 Metam.
607 2335 650 2367 iv.
680 2337 743 2375 823
782 2342 815 2368 et
850 2343 942 2368 nocte

271 2385 293 2399 “
309 2392 418 2424 sparsa
437 2383 561 2415 coelesti
581 2396 646 2416 rore
671 2386 777 2417 madet
801 2386 941 2418 humus”

271 2442 366 2474 supra
380 2431 402 2463 i.
418 2434 493 2464 312.
522 2434 572 2465 De
588 2436 658 2465 solio
673 2435 732 2467 hoc
748 2447 857 2467 acerno
870 2436 942 2468 vide

273 2481 315 2512 ad
341 2482 476 2514 Metam.
499 2483 541 2514 iv.
565 2485 652 2522 486;
681 2486 818 2517 occurrit
845 2486 942 2517 etiam

274 2531 404 2563 AEneid.
420 2532 485 2563 viii.
504 2534 575 2565 178.
622 2535 795 2573 Silentium,
820 2535 944 2577 signum

274 2580 399 2622 cupidae
423 2583 680 2625 exspectationis.
727 2585 804 2627 Ejus
827 2591 859 2616 et
878 2584 943 2615 vim

275 2635 308 2661 et
330 2636 465 2672 tempus,
488 2643 550 2674 quo
573 2632 710 2664 maxime
733 2634 842 2671 crevit,
862 2635 944 2666 bene

276 2685 370 2721 poeta
384 2681 514 2719 notavit,
533 2682 792 2723 Ortus—pavent.
829 2683 947 2715 Similis

1572 1611 1670 1657 366

1004 1790 1250 1833 exspectationis
1279 1790 1342 1821 virn
1372 1788 1482 1820 Livius
1512 1787 1532 1820 i.
1555 1789 1609 1820 25.
1629 1789 1674 1820 sic

1005 1841 1175 1883 expressit:
1216 1844 1237 1856 ‘¹
1255 1839 1363 1875 erecti,
1393 1837 1535 1880 suspensi
1564 1843 1676 1877 erant3

1005 1891 1150 1932 torpebat
1166 1900 1225 1921 vox
1242 1887 1473 1932 spiritusque.’'

1050 1941 1125 1972 363.
1150 1940 1281 1970 Niveum
1304 1939 1396 1970 illum
1420 1941 1564 1969 anzictum
1587 1937 1677 1970 Nea-

1006 1989 1097 2032 polis.
1110 1988 1300 2020 Taubnerus
1322 1994 1355 2019 et
1373 1987 1535 2019 Schirach.
1550 1988 1678 2030 galeam

1007 2039 1235 2070 sacerdotalem
1268 2037 1514 2076 intellexerunt3
1554 2043 1587 2068 at
1620 2037 1677 2069 illa

1008 2091 1134 2119 amictus
1149 2088 1212 2119 dici
1224 2098 1286 2119 non
1301 2092 1414 2130 potest.
1458 2087 1632 2118 Precantes
1645 2092 1679 2119 et

1008 2148 1096 2170 sacra
1113 2139 1265 2169 facientes
1283 2137 1388 2180 capite
1409 2135 1558 2168 obvoluto
1577 2143 1679 2174 erant,

1009 2198 1048 2219 ne
1069 2187 1145 2230 quid
1162 2188 1237 2218 mali
1254 2187 1368 2219 ominis
1387 2197 1440 2218 eos
1460 2187 1619 2218 turbaret:
1645 2186 1680 2218 id

1010 2237 1094 2279 quod
1116 2237 1235 2279 passim
1254 2237 1303 2268 his
1326 2236 1438 2268 nostris
1453 2235 1556 2267 verbis
1575 2235 1680 2279 expri—

1009 2286 1115 2318 mitur.
1153 2287 1244 2329 Virg.
1262 2286 1394 2318 AEneid.
1407 2286 1454 2318 iii.
1469 2286 1551 2318 405:
1569 2290 1590 2303 “
1603 2297 1678 2328 pur-

1010 2347 1107 2378 pureo
1122 2337 1227 2368 velare
1253 2337 1448 2378 (memento)
1474 2346 1581 2367 comas
1603 2335 1680 2367 ado·

1010 2392 1119 2428 pertus
1156 2386 1308 2423 amictu,'’
1345 2392 1378 2418 et
1414 2386 1460 2418 ib.
1499 2396 1565 2417 ver.
1594 2387 1678 2418 545:

1011 2437 1153 2478 “capita
1183 2442 1255 2468 ante
1285 2447 1356 2468 aras
1381 2435 1514 2480 phrygio
1537 2435 1681 2468 velamur

1012 2485 1165 2516 amictu.'’
1213 2486 1403 2524 Pollicitam‚
1429 2491 1493 2518 etc.
1518 2485 1680 2522 confirma,

1011 2534 1096 2576 quod
1125 2535 1229 2566 verbis
1256 2535 1447 2578 promisisti;
1476 2535 1612 2567 Metam.
1634 2533 1681 2567 xi.

1014 2585 1088 2615 107.
1102 2586 1273 2625 pollicitam
1277 2586 1375 2626 fidem
1387 2591 1495 2622 tentat,
1505 2585 1680 2627 periculum

1014 2634 1101 2672 facit,
1118 2646 1159 2666 an
1178 2635 1258 2667 fides
1278 2635 1426 2668 habenda
1445 2636 1487 2667 sit
1509 2635 1681 2677 promissis,

1013 2684 1067 2715 ubi
1082 2684 1154 2716 vide
1169 2691 1287 2717 notam.
