1830 3220
611 166 965 210 FASTORUM
998 167 1121 209 LIB.
1156 168 1213 210 V.
1541 170 1628 212 253

201 284 513 348 Semicaper,
543 285 722 333 coleris
749 285 1003 341 cinctutis,
1035 285 1073 332 F
1078 301 1225 343 aune,
1258 285 1531 351 Lupercis3

266 362 438 418 Quum
463 363 680 410 lustrant
705 364 935 411 celebres
960 363 1149 412 vellera
1174 371 1316 412 secta
1339 364 1462 412 vias.

199 440 269 489 At
295 448 349 489 tu
376 449 604 490 materno
630 442 831 490 donasti
857 442 1061 490 nomine
1088 460 1334 501 mensem,

268 518 508 568 Inventor
531 537 715 576 curvae,
744 519 940 567 furibus
967 528 1103 584 apte,
1132 520 1264 568 fidis.

1532 525 1623 571 104

200 595 312 645 Nec
339 598 503 662 pietas
530 598 639 645 haec
660 598 823 662 prima
847 605 935 646 tua
960 606 1066 646 est:
1096 607 1309 663 septena
1335 601 1544 665 putaris,

267 675 538 725 Pleiadum
563 693 848 734 numerum,
870 676 955 725 fila
980 677 1183 725 dedisse
1210 679 1349 743 lyrae.

199 753 326 803 Haec
353 772 560 820 quoque
582 756 832 814 desierat;
865 756 1071 804 laudata
1096 764 1174 804 est
1199 773 1322 804 voce
1344 773 1588 806 sororum.

268 832 405 888 Quid
432 834 649 882 faciam?
687 835 849 882 turbae
877 850 993 898 pars
1020 834 1175 882 habet
1199 835 1361 882 omnis
1388 835 1540 884 idem.

199 911 378 961 Gratia
403 911 664 961 Pieridum
690 912 835 960 nobis
862 913 1129 977 aequaliter
1154 913 1315 972 adsit3

267 990 527 1056 Nullaque
553 991 789 1040 laudetur
814 991 992 1057 plusve
1018 992 1249 1041 minusve
1276 993 1416 1041 mihi.

197 1117 221 1148 i.
236 1117 290 1149 32.
307 1117 361 1149 ubi
387 1117 495 1160 plures
517 1117 595 1150 deos
616 1118 656 1150 ab
676 1117 826 1149 Evandro
848 1123 882 1149 et

199 1167 375 1200 Carmenta
391 1168 506 1200 allatos
524 1167 737 1205 enumeravit,
752 1168 856 1211 pergit
872 1181 878 1199 z

199 1219 313 1250 πολλὰ
327 1217 358 1250 δὲ
376 1220 431 1251 καὶ
443 1219 535 1250 ἄλλα
547 1218 663 1262 τεμένη
677 1220 731 1250 καὶ
746 1218 881 1261 βωμοὺς

199 1269 253 1300 καὶ
264 1268 367 1311 βρέτη
380 1270 464 1301 θεῶν
474 1269 706 1302 καθωσίωσαν.
722 1271 880 1310 Alipedem

199 1320 290 1350 deum
317 1319 371 1352 ille
402 1331 464 1351 non
496 1321 651 1357 nominat,
681 1319 737 1352 sed
766 1320 880 1362 quidni

199 1369 351 1401 Evander
374 1370 474 1413 patris
495 1369 544 1401 sui
560 1369 683 1401 cultum
700 1369 881 1401 invexerit?

201 1419 332 1451 Faunus
348 1419 398 1451 hic
416 1420 517 1451 obiter
534 1425 658 1451 tantum
676 1426 880 1457 memoratur,

199 1470 277 1513 quia
294 1471 496 1511 Lupercalia,
510 1471 568 1513 (de
586 1470 714 1512 quibus,
727 1470 759 1501 ii.
771 1471 880 1502 267-

202 1521 297 1558 449.)
313 1521 534 1553 celeberrima.
565 1522 616 1552 De
631 1521 742 1553 Fauno
758 1521 880 1553 dictum

201 1570 243 1602 ad
273 1571 305 1603 ii.
335 1572 412 1604 267.
441 1572 496 1603 ubi
523 1576 555 1604 et
580 1573 712 1603 bicornis
737 1577 881 1604 vocatur.

200 1622 384 1663 semicaper,
409 1628 444 1654 ut
470 1622 515 1654 iv.
539 1623 624 1662 7525
649 1623 785 1654 Metam.
814 1623 880 1654 xiv.

199 1673 276 1704 515.
321 1673 385 1704 Pro
405 1683 443 1704 eo
458 1672 492 1704 ii.
508 1673 583 1704 361.
599 1674 747 1712 cornipes.
788 1672 880 1703 Cinc-

200 1724 262 1754 tuci
285 1732 349 1764 quo
370 1733 464 1754 sensu
488 1722 624 1765 Luperci
645 1722 806 1758 dicantur,
824 1733 880 1764 ap-

198 1779 290 1816 paret
311 1783 328 1804 e
352 1773 538 1810 Plutarcho,
554 1776 677 1811 Quaest.
693 1773 788 1803 Rom.
806 1778 881 1803 tom.

202 1822 257 1854 vii.
282 1833 313 1865 p.
343 1824 415 1854 131.
441 1823 496 1854 ubi
521 1829 653 1854 currunt
677 1822 714 1854 ἐν
746 1822 881 1864 περιζώ-

199 1885 294 1916 μασι,
332 1873 430 1905 cincti
468 1873 689 1915 subligaculis.
749 1873 880 1911 Vellera,

201 1923 303 1966 pelles
340 1933 508 1966 caprarum
545 1929 770 1960 mactatarum,
800 1934 882 1965 quas

202 1973 340 2016 Luperci
354 1981 457 2005 sectas
471 1973 619 2005 manibus
633 1974 797 2010 tenebant,
810 1973 881 2015 qui-

200 2026 324 2067 busque
348 2023 499 2056 mulieres
519 2024 629 2056 obvias
647 2024 856 2056 verberabant
872 2036 880 2063 3

203 2075 396 2107 Plutarchus
410 2075 497 2107 dicto
512 2075 596 2112 loco,
615 2081 646 2106 et
662 2074 696 2106 in
712 2074 808 2106 Rom.
823 2075 879 2106 21.

203 2126 321 2159 Confer
340 2136 436 2169 supra
459 2126 494 2158 ii.
510 2127 574 2158 425
592 2136 664 2168 sqq.
713 2125 880 2163 Lusa-ant,

203 2177 398 2220 Lupercalia
414 2176 500 2208 enim
516 2183 606 2208 erant
623 2175 799 2219 καθάρσια,
817 2176 882 2208 lus-

203 2227 310 2260 tralia.
361 2227 507 2258 Materno
537 2229 669 2263 donasti,
698 2231 763 2257 etc.
810 2226 881 2257 Hoc

204 2277 337 2320 quidam
352 2277 428 2308 inde
444 2277 583 2308 maxime
599 2277 788 2319 probabant,
797 2275 883 2318 quod

203 2328 263 2360 hoe
291 2338 401 2359 mense
431 2334 623 2360 mercatores
649 2337 758 2358 omnes
783 2326 882 2358 Maiae

202 2379 319 2421 pariter
333 2383 430 2420 atque
451 2376 615 2409 Mercurio
637 2376 862 2408 sacrificabant
874 2388 884 2416 3

206 2427 407 2464 Macrobius,
429 2426 451 2458 i.
472 2428 601 2460 Saturn.
621 2429 682 2466 12,-
707 2427 816 2459 confer
836 2427 883 2458 in—

203 2480 251 2511 fra
267 2489 332 2510 ver.
349 2479 410 2509 671
426 2489 497 2520 sqq.
544 2478 704 2515 Inventor,
720 2484 785 2509 etc.
816 2478 882 2508 Ho-

204 2538 265 2562 rat.
283 2529 311 2561 I.
333 2528 400 2561 Od.
423 2540 453 2560 x.
473 2529 515 2560 6:
541 2532 562 2546 “
580 2528 696 2560 Curvae
722 2528 799 2570 lyrae
824 2539 883 2571 pa-

205 2579 314 2612 rens.'’

207 2629 341 2662 intensis
369 2628 475 2660 nervis
500 2629 547 2660 vel
579 2629 686 2660 ovium
710 2628 762 2660 vel
784 2629 882 2660 boum

208 2680 369 2724 Apollinis
399 2681 586 2711 abactarum
622 2679 720 2718 secit;
752 2680 883 2710 Homer.

207 2732 316 2774 hymn.
347 2732 487 2762 Mercur.
517 2732 581 2770 25,
605 2731 792 2774 Apollodor.
818 2730 884 2761 ΙΙΙ.

205 2795 236 2815 x.
252 2785 285 2815 2.
333 2784 419 2826 Lyra
443 2782 541 2825 major
563 2789 670 2823 septem
694 2781 883 2814 chordarum

360 2579 506 2610 Primum
535 2579 636 2621 lyram
667 2589 684 2610 e
714 2578 886 2616 testudine,

1531 996 1625 1042 110

951 1124 1037 1158 erat;
1054 1129 1150 1161 quem
1167 1129 1333 1151 numerum
1345 1118 1526 1151 Mercurius
1536 1119 1627 1152 Plei'-

952 1168 1067 1200 adibus
1090 1169 1217 1201 dedisse
1241 1169 1406 1211 ingeniose
1421 1169 1558 1210 dicitur;
1582 1171 1628 1202 sic

950 1218 1005 1250 ille
1028 1221 1099 1260 pins
1127 1219 1160 1251 in
1186 1230 1327 1258 sorores;
1359 1230 1444 1251 nunc
1469 1222 1567 1260 pietas
1595 1219 1629 1251 in

951 1274 1083 1301 matrem
1109 1269 1257 1301 accessit.
1300 1270 1352 1302 De
1376 1270 1444 1313 ejus
1466 1270 1628 1302 attributis

949 1318 1044 1361 plura
1066 1319 1148 1351 infra
1171 1320 1235 1351 663
1255 1331 1326 1363 sqq.
1372 1321 1414 1352 Et
1430 1320 1470 1353 de
1490 1321 1630 1354 Pleiade·-

950 1369 1004 1400 bus
1018 1368 1060 1401 iv.
1079 1369 1141 1401 169
1155 1380 1228 1412 sqq.

998 1420 1069 1451 108.
1097 1419 1200 1451 Paulo
1220 1420 1384 1452 obscurius
1405 1420 1532 1464 scripsit
1549 1422 1628 1454 Ovi-

948 1469 1032 1506 dius,
1048 1470 1157 1513 itaque
1180 1470 1346 1503 dissentire
1362 1472 1505 1515 interptt.
1520 1473 1630 1506 videas

950 1518 983 1550 in
1014 1519 1062 1551 his
1086 1521 1190 1552 verbis
1218 1521 1429 1564 explicandis.
1474 1523 1626 1555 Marsus:

950 1569 1042 1612 quasi
1072 1581 1276 1614 unaquaeque
1299 1572 1397 1604 Musa
1421 1572 1519 1605 habet
1541 1573 1628 1606 idem

950 1620 981 1651 in
1006 1631 1055 1651 me
1071 1621 1165 1663 juris,
1182 1628 1214 1653 et
1229 1633 1327 1664 quum
1342 1623 1476 1665 singulae
1493 1624 1628 1667 singulis

951 1671 1126 1702 rationibus
1164 1671 1352 1710 innitantur,
1380 1673 1500 1712 nescio,
1529 1686 1628 1718 quam

951 1720 1054 1763 magis
1083 1721 1259 1754 adfirmem.
1303 1723 1513 1757 Taubnerus:
1550 1737 1630 1758 una-

951 1781 1088 1813 quaeque
1118 1771 1280 1804 Pieridum
1309 1772 1395 1805 idem
1419 1785 1504 1806 nunc
1530 1775 1630 1809 habet

950 1821 1016 1852 sive
1032 1821 1205 1860 existimat,
1217 1823 1302 1865 quod
1314 1823 1382 1866 jam
1397 1824 1542 1869 Calliope
1558 1827 1630 1859 dix-

951 1877 1038 1911 erat3
1064 1883 1138 1914 ergo
1164 1884 1248 1904 nunc
1271 1874 1318 1905 fas
1340 1880 1399 1912 est,
1424 1886 1474 1907 me
1500 1887 1627 1920 quoque

951 1923 1110 1954 assentiri.
1169 1924 1326 1956 Lenzius:
1365 1935 1503 1968 quaeque
1533 1928 1628 1960 trium

950 1971 1076 2004 illarum
1101 1973 1285 2006 canentium
1306 1976 1393 2006 habet
1416 1978 1495 2007 idem
1521 1980 1628 2017 tnrba’,

951 2022 984 2053 id
1002 2029 1061 2060 est,
1078 2025 1235 2066 aequalem
1252 2036 1418 2057 numerum
1444 2025 1504 2058 sibi
1521 2038 1629 2060 assen-

952 2072 1109 2111 tientium,
1126 2085 1242 2118 nempe
1262 2075 1373 2116 binas;
1397 2087 1471 2119 ergo
1492 2089 1554 2110 non
1572 2090 1629 2112 au-

951 2123 1011 2155 deo
1027 2124 1206 2167 quidquam
1221 2125 1403 2158 decernere.
1427 2128 1547 2161 Sensus
1561 2142 1631 2163 ver-

951 2175 1063 2207 borum
1081 2177 1317 2209 Gratia—mihi
1335 2184 1440 2210 certus
1460 2186 1528 2211 est:
1556 2182 1629 2214 nolo

952 2225 985 2256 in
1006 2225 1101 2268 hujus
1120 2226 1170 2258 vel
1197 2227 1283 2259 illius
1306 2229 1411 2259 Musae
1435 2231 1628 2262 sententiam

952 2277 1008 2313 ire,
1025 2278 1102 2319 quia
1116 2289 1226 2310 omnes
1240 2278 1318 2310 mihi
1335 2279 1439 2311 favere
1452 2280 1535 2312 volo.
1563 2283 1629 2319 Qui

952 2338 1065 2359 sensus
1098 2328 1302 2361 confirmatur
1329 2330 1424 2361 etiam
1454 2331 1558 2364 verbis
1587 2333 1630 2365 vi.

953 2379 1097 2411 97—99.
1117 2379 1150 2411 in
1175 2380 1238 2411 fine
1264 2379 1377 2413 similis
1397 2381 1551 2422 figmenti,
1577 2384 1630 2415 ubi

955 2440 1004 2461 res
1023 2429 1141 2461 clarius
1158 2430 1301 2462 indicata
1323 2438 1382 2464 est.
1428 2433 1512 2475 Ergo
1531 2434 1628 2466 etiam

952 2480 984 2511 in
1015 2479 1170 2522 prioribus
1198 2481 1398 2524 explicandis
1425 2484 1520 2514 turbae
1546 2496 1630 2524 pars,

953 2536 1016 2562 etc.
1061 2530 1178 2562 Lenzio
1209 2531 1376 2564 assentior.
1420 2533 1527 2576 Major
1556 2545 1629 2577 pars

955 2581 1231 2613 nihil1deeernere
1263 2588 1406 2625 poterat;
1437 2590 1510 2615 vota
1539 2590 1629 2616 erant

941 2632 1052 2680 paria.
1075 2632 1128 2664 Sic
1141 2638 1173 2664 et
1183 2634 1352 2666 Krebsius.
1377 2634 1537 2666 Caeterum
1553 2635 1629 2666 alibi

952 2689 1049 2726 poeta
1065 2684 1192 2716 Urauiae
1208 2684 1389 2723 assentitur,
1407 2691 1441 2717 ut
1459 2696 1524 2717 ver.
1543 2686 1628 2726 4273

952 2735 975 2767 i.
994 2736 1047 2767 41.
