<?xml version="1.0" encoding="UTF-8"?>
<!DOCTYPE html PUBLIC "-//W3C//DTD XHTML 1.0 Transitional//EN"
    "http://www.w3.org/TR/xhtml1/DTD/xhtml1-transitional.dtd">
<html xmlns="http://www.w3.org/1999/xhtml" xml:lang="en" lang="en">
 <head>
  <title>
</title>
<meta http-equiv="Content-Type" content="text/html;charset=utf-8" />
  <meta name='ocr-system' content='tesseract 3.04.00' />
  <meta name='ocr-capabilities' content='ocr_page ocr_carea ocr_par ocr_line ocrx_word'/>
</head>
<body>
  <div class='ocr_page' id='page_1' title='image "./povidiinasonisop05oviduoft_0150.png"; bbox 0 0 1809 3220; ppageno 0'>
   <div class='ocr_carea' id='block_1_1' title="bbox 203 174 291 217">
    <p class='ocr_par' dir='ltr' id='par_1_1' title="bbox 203 174 291 217">
     <span class='ocr_line' id='line_1_1' title="bbox 203 174 291 217; baseline -0.011 0"><span class='ocrx_word' id='word_1_1' title='bbox 203 174 291 217; x_wconf 78' lang='lat'>122</span> 
     </span>
    </p>
   </div>
   <div class='ocr_carea' id='block_1_2' title="bbox 592 170 1228 215">
    <p class='ocr_par' dir='ltr' id='par_1_2' title="bbox 592 170 1228 215">
     <span class='ocr_line' id='line_1_2' title="bbox 592 170 1228 215; baseline -0.002 0"><span class='ocrx_word' id='word_1_2' title='bbox 592 173 656 215; x_wconf 85' lang='lat' dir='ltr'>P.</span> <span class='ocrx_word' id='word_1_3' title='bbox 690 170 907 215; x_wconf 91' lang='lat' dir='ltr'>OVIDII</span> <span class='ocrx_word' id='word_1_4' title='bbox 942 170 1228 214; x_wconf 88' lang='lat' dir='ltr'><strong>NASONIS</strong></span> 
     </span>
    </p>
   </div>
   <div class='ocr_carea' id='block_1_3' title="bbox 209 286 1510 510">
    <p class='ocr_par' dir='ltr' id='par_1_3' title="bbox 209 286 1510 510">
     <span class='ocr_line' id='line_1_3' title="bbox 209 286 1510 353; baseline -0.003 -13"><span class='ocrx_word' id='word_1_5' title='bbox 209 291 339 340; x_wconf 89' lang='lat' dir='ltr'>Esse</span> <span class='ocrx_word' id='word_1_6' title='bbox 363 291 491 338; x_wconf 92' lang='lat' dir='ltr'>duas</span> <span class='ocrx_word' id='word_1_7' title='bbox 518 289 730 345; x_wconf 83' lang='lat' dir='ltr'>Arctos3</span> <span class='ocrx_word' id='word_1_8' title='bbox 771 304 987 352; x_wconf 89' lang='lat' dir='ltr'>quarum</span> <span class='ocrx_word' id='word_1_9' title='bbox 1014 286 1285 352; x_wconf 81' lang='lat' dir='ltr'>Cynosura</span> <span class='ocrx_word' id='word_1_10' title='bbox 1310 295 1510 353; x_wconf 88' lang='lat' dir='ltr'>petatur</span> 
     </span>
     <span class='ocr_line' id='line_1_4' title="bbox 281 365 1339 424; baseline -0.001 -8"><span class='ocrx_word' id='word_1_11' title='bbox 281 367 520 424; x_wconf 84' lang='lat' dir='ltr'>Sidoniis,</span> <span class='ocrx_word' id='word_1_12' title='bbox 550 366 766 415; x_wconf 86' lang='lat' dir='ltr'>Helicen</span> <span class='ocrx_word' id='word_1_13' title='bbox 793 365 949 414; x_wconf 87' lang='lat' dir='ltr'>Graia</span> <span class='ocrx_word' id='word_1_14' title='bbox 972 366 1143 415; x_wconf 83' lang='lat' dir='ltr'>carina</span> <span class='ocrx_word' id='word_1_15' title='bbox 1167 367 1339 415; x_wconf 77' lang='lat' dir='ltr'>notet?</span> 
     </span>
     <span class='ocr_line' id='line_1_5' title="bbox 213 444 1468 510; baseline -0.001 -17"><span class='ocrx_word' id='word_1_16' title='bbox 213 446 474 510; x_wconf 79' lang='lat' dir='ltr'>Signaque</span> <span class='ocrx_word' id='word_1_17' title='bbox 499 461 615 509; x_wconf 88' lang='lat' dir='ltr'>quae</span> <span class='ocrx_word' id='word_1_18' title='bbox 642 446 792 508; x_wconf 82' lang='lat' dir='ltr'>longo</span> <span class='ocrx_word' id='word_1_19' title='bbox 817 444 970 493; x_wconf 86' lang='lat' dir='ltr'>frater</span> <span class='ocrx_word' id='word_1_20' title='bbox 995 453 1295 508; x_wconf 79' lang='lat' dir='ltr'>percenseat</span> <span class='ocrx_word' id='word_1_21' title='bbox 1320 461 1468 499; x_wconf 86' lang='lat' dir='ltr'>anno,</span> 
     </span>
    </p>
   </div>
   <div class='ocr_carea' id='block_1_4' title="bbox 279 522 1367 587">
    <p class='ocr_par' dir='ltr' id='par_1_4' title="bbox 279 522 1367 587">
     <span class='ocr_line' id='line_1_6' title="bbox 279 522 1367 587; baseline 0 -17"><span class='ocrx_word' id='word_1_22' title='bbox 279 523 359 571; x_wconf 88' lang='lat' dir='ltr'>Ire</span> <span class='ocrx_word' id='word_1_23' title='bbox 386 539 475 587; x_wconf 86' lang='lat' dir='ltr'>per</span> <span class='ocrx_word' id='word_1_24' title='bbox 501 523 608 570; x_wconf 84' lang='lat' dir='ltr'>haec</span> <span class='ocrx_word' id='word_1_25' title='bbox 636 539 735 570; x_wconf 90' lang='lat' dir='ltr'>uno</span> <span class='ocrx_word' id='word_1_26' title='bbox 762 538 936 570; x_wconf 88' lang='lat' dir='ltr'>mense</span> <span class='ocrx_word' id='word_1_27' title='bbox 963 522 1145 569; x_wconf 88' lang='lat' dir='ltr'>sororis</span> <span class='ocrx_word' id='word_1_28' title='bbox 1172 523 1367 587; x_wconf 79' lang='lat' dir='ltr'>equos?</span> 
     </span>
    </p>
   </div>
   <div class='ocr_carea' id='block_1_5' title="bbox 1537 524 1630 568">
    <p class='ocr_par' dir='ltr' id='par_1_5' title="bbox 1537 524 1630 568">
     <span class='ocr_line' id='line_1_7' title="bbox 1537 524 1630 568; baseline 0 0"><span class='ocrx_word' id='word_1_29' title='bbox 1537 524 1630 568; x_wconf 95' lang='lat' dir='ltr'>llO</span> 
     </span>
    </p>
   </div>
   <div class='ocr_carea' id='block_1_6' title="bbox 211 601 1572 899">
    <p class='ocr_par' dir='ltr' id='par_1_6' title="bbox 211 601 1572 899">
     <span class='ocr_line' id='line_1_8' title="bbox 211 601 1465 666; baseline 0 -18"><span class='ocrx_word' id='word_1_30' title='bbox 211 601 394 649; x_wconf 86' lang='lat' dir='ltr'>Libera</span> <span class='ocrx_word' id='word_1_31' title='bbox 419 601 707 657; x_wconf 88' lang='lat' dir='ltr'>currebant,</span> <span class='ocrx_word' id='word_1_32' title='bbox 736 607 787 648; x_wconf 87' lang='lat' dir='ltr'>et</span> <span class='ocrx_word' id='word_1_33' title='bbox 812 601 1135 649; x_wconf 79' lang='lat' dir='ltr'>inobservata</span> <span class='ocrx_word' id='word_1_34' title='bbox 1160 617 1251 666; x_wconf 88' lang='lat' dir='ltr'>per</span> <span class='ocrx_word' id='word_1_35' title='bbox 1277 617 1465 649; x_wconf 88' lang='lat' dir='ltr'>annum</span> 
     </span>
     <span class='ocr_line' id='line_1_9' title="bbox 281 677 1433 727; baseline 0.001 -2"><span class='ocrx_word' id='word_1_36' title='bbox 281 677 488 727; x_wconf 86' lang='lat' dir='ltr'>Sidera:</span> <span class='ocrx_word' id='word_1_37' title='bbox 531 678 800 726; x_wconf 84' lang='lat' dir='ltr'>constabat</span> <span class='ocrx_word' id='word_1_38' title='bbox 826 678 917 726; x_wconf 89' lang='lat' dir='ltr'>sed</span> <span class='ocrx_word' id='word_1_39' title='bbox 942 686 1113 726; x_wconf 89' lang='lat' dir='ltr'>tamen</span> <span class='ocrx_word' id='word_1_40' title='bbox 1138 695 1250 727; x_wconf 85' lang='lat' dir='ltr'>esse</span> <span class='ocrx_word' id='word_1_41' title='bbox 1279 679 1433 727; x_wconf 87' lang='lat' dir='ltr'>Deos.</span> 
     </span>
     <span class='ocr_line' id='line_1_10' title="bbox 212 755 1322 820; baseline 0.003 -17"><span class='ocrx_word' id='word_1_42' title='bbox 212 755 330 804; x_wconf 92' lang='lat' dir='ltr'>Non</span> <span class='ocrx_word' id='word_1_43' title='bbox 357 756 428 803; x_wconf 90' lang='lat' dir='ltr'>illi</span> <span class='ocrx_word' id='word_1_44' title='bbox 453 757 581 805; x_wconf 87' lang='lat' dir='ltr'>coelo</span> <span class='ocrx_word' id='word_1_45' title='bbox 608 756 831 805; x_wconf 87' lang='lat' dir='ltr'>labentia</span> <span class='ocrx_word' id='word_1_46' title='bbox 856 757 1000 820; x_wconf 79' lang='lat' dir='ltr'>signa</span> <span class='ocrx_word' id='word_1_47' title='bbox 1025 758 1322 816; x_wconf 89' lang='lat' dir='ltr'>movebant;</span> 
     </span>
     <span class='ocr_line' id='line_1_11' title="bbox 283 834 1572 899; baseline 0 -17"><span class='ocrx_word' id='word_1_48' title='bbox 283 834 387 883; x_wconf 90' lang='lat' dir='ltr'>Sed</span> <span class='ocrx_word' id='word_1_49' title='bbox 414 851 533 892; x_wconf 89' lang='lat' dir='ltr'>sua;</span> <span class='ocrx_word' id='word_1_50' title='bbox 576 852 690 899; x_wconf 85' lang='lat' dir='ltr'>quae</span> <span class='ocrx_word' id='word_1_51' title='bbox 717 851 957 898; x_wconf 83' lang='lat' dir='ltr'>magnum</span> <span class='ocrx_word' id='word_1_52' title='bbox 983 835 1196 899; x_wconf 83' lang='lat' dir='ltr'>perdere</span> <span class='ocrx_word' id='word_1_53' title='bbox 1222 836 1412 884; x_wconf 81' lang='lat' dir='ltr'>crimen</span> <span class='ocrx_word' id='word_1_54' title='bbox 1438 841 1572 883; x_wconf 88' lang='lat' dir='ltr'>erat:</span> 
     </span>
    </p>
   </div>
   <div class='ocr_carea' id='block_1_7' title="bbox 214 911 1435 976">
    <p class='ocr_par' dir='ltr' id='par_1_7' title="bbox 214 911 1435 976">
     <span class='ocr_line' id='line_1_12' title="bbox 214 911 1435 976; baseline 0.002 -17"><span class='ocrx_word' id='word_1_55' title='bbox 214 911 412 976; x_wconf 87' lang='lat' dir='ltr'>Illaque</span> <span class='ocrx_word' id='word_1_56' title='bbox 438 913 502 960; x_wconf 92' lang='lat' dir='ltr'>de</span> <span class='ocrx_word' id='word_1_57' title='bbox 528 912 689 971; x_wconf 89' lang='lat' dir='ltr'>foeno;</span> <span class='ocrx_word' id='word_1_58' title='bbox 733 914 822 961; x_wconf 86' lang='lat' dir='ltr'>sed</span> <span class='ocrx_word' id='word_1_59' title='bbox 849 921 958 961; x_wconf 87' lang='lat' dir='ltr'>erat</span> <span class='ocrx_word' id='word_1_60' title='bbox 983 915 1262 963; x_wconf 84' lang='lat' dir='ltr'>reverentia</span> <span class='ocrx_word' id='word_1_61' title='bbox 1286 914 1435 971; x_wconf 85' lang='lat' dir='ltr'>foeno,</span> 
     </span>
    </p>
   </div>
   <div class='ocr_carea' id='block_1_8' title="bbox 1540 914 1631 960">
    <p class='ocr_par' dir='ltr' id='par_1_8' title="bbox 1540 914 1631 960">
     <span class='ocr_line' id='line_1_13' title="bbox 1540 914 1631 960; baseline 0.011 -1"><span class='ocrx_word' id='word_1_62' title='bbox 1540 914 1631 960; x_wconf 90' lang='grc'>115</span> 
     </span>
    </p>
   </div>
   <div class='ocr_carea' id='block_1_9' title="bbox 216 988 1563 1286">
    <p class='ocr_par' dir='ltr' id='par_1_9' title="bbox 216 988 1563 1286">
     <span class='ocr_line' id='line_1_14' title="bbox 281 988 1478 1054; baseline 0.003 -17"><span class='ocrx_word' id='word_1_63' title='bbox 281 988 538 1044; x_wconf 84' lang='lat' dir='ltr'>Quantam</span> <span class='ocrx_word' id='word_1_64' title='bbox 564 1007 697 1038; x_wconf 90' lang='lat' dir='ltr'>nunc</span> <span class='ocrx_word' id='word_1_65' title='bbox 725 991 921 1054; x_wconf 87' lang='lat' dir='ltr'>aquilas</span> <span class='ocrx_word' id='word_1_66' title='bbox 948 992 1110 1039; x_wconf 87' lang='lat' dir='ltr'>cernis</span> <span class='ocrx_word' id='word_1_67' title='bbox 1136 992 1323 1040; x_wconf 83' lang='lat' dir='ltr'>habere</span> <span class='ocrx_word' id='word_1_68' title='bbox 1348 1000 1478 1040; x_wconf 84' lang='lat' dir='ltr'>tuaS.</span> 
     </span>
     <span class='ocr_line' id='line_1_15' title="bbox 216 1065 1461 1135; baseline 0.002 -21"><span class='ocrx_word' id='word_1_69' title='bbox 216 1065 420 1115; x_wconf 88' lang='lat' dir='ltr'>Pertica</span> <span class='ocrx_word' id='word_1_70' title='bbox 445 1084 720 1133; x_wconf 90' lang='lat' dir='ltr'>suspensos</span> <span class='ocrx_word' id='word_1_71' title='bbox 748 1070 983 1133; x_wconf 85' lang='lat' dir='ltr'>portabat</span> <span class='ocrx_word' id='word_1_72' title='bbox 1008 1070 1158 1134; x_wconf 81' lang='lat' dir='ltr'>longa</span> <span class='ocrx_word' id='word_1_73' title='bbox 1184 1071 1461 1135; x_wconf 87' lang='lat' dir='ltr'>maniplos;</span> 
     </span>
     <span class='ocr_line' id='line_1_16' title="bbox 285 1144 1351 1211; baseline 0.005 -19"><span class='ocrx_word' id='word_1_74' title='bbox 285 1144 435 1194; x_wconf 92' lang='lat' dir='ltr'>Unde</span> <span class='ocrx_word' id='word_1_75' title='bbox 461 1147 754 1211; x_wconf 82' lang='lat' dir='ltr'>maniplaris</span> <span class='ocrx_word' id='word_1_76' title='bbox 781 1148 984 1196; x_wconf 88' lang='lat' dir='ltr'>nomina</span> <span class='ocrx_word' id='word_1_77' title='bbox 1008 1148 1154 1197; x_wconf 90' lang='lat' dir='ltr'>miles</span> <span class='ocrx_word' id='word_1_78' title='bbox 1180 1149 1351 1197; x_wconf 86' lang='lat' dir='ltr'>habet.</span> 
     </span>
     <span class='ocr_line' id='line_1_17' title="bbox 216 1221 1563 1286; baseline 0.003 -16"><span class='ocrx_word' id='word_1_79' title='bbox 216 1221 351 1286; x_wconf 86' lang='lat' dir='ltr'>Ergo</span> <span class='ocrx_word' id='word_1_80' title='bbox 378 1225 530 1272; x_wconf 87' lang='lat' dir='ltr'>animi</span> <span class='ocrx_word' id='word_1_81' title='bbox 557 1225 802 1273; x_wconf 88' lang='lat' dir='ltr'>indociles</span> <span class='ocrx_word' id='word_1_82' title='bbox 829 1234 880 1274; x_wconf 90' lang='lat' dir='ltr'>et</span> <span class='ocrx_word' id='word_1_83' title='bbox 906 1227 1072 1275; x_wconf 87' lang='lat' dir='ltr'>adhuc</span> <span class='ocrx_word' id='word_1_84' title='bbox 1098 1228 1290 1276; x_wconf 89' lang='lat' dir='ltr'>ratione</span> <span class='ocrx_word' id='word_1_85' title='bbox 1316 1234 1563 1283; x_wconf 87' lang='lat' dir='ltr'>carentes,</span> 
     </span>
    </p>
   </div>
   <div class='ocr_carea' id='block_1_10' title="bbox 282 1300 1409 1366">
    <p class='ocr_par' dir='ltr' id='par_1_10' title="bbox 282 1300 1409 1366">
     <span class='ocr_line' id='line_1_18' title="bbox 282 1300 1409 1366; baseline 0.004 -17"><span class='ocrx_word' id='word_1_86' title='bbox 282 1300 550 1350; x_wconf 91' lang='lat' dir='ltr'>Mensibus</span> <span class='ocrx_word' id='word_1_87' title='bbox 576 1311 790 1366; x_wconf 81' lang='lat' dir='ltr'>egerunt</span> <span class='ocrx_word' id='word_1_88' title='bbox 814 1305 974 1353; x_wconf 86' lang='lat' dir='ltr'>lustra</span> <span class='ocrx_word' id='word_1_89' title='bbox 999 1306 1193 1354; x_wconf 86' lang='lat' dir='ltr'>minora</span> <span class='ocrx_word' id='word_1_90' title='bbox 1212 1307 1409 1354; x_wconf 89' lang='lat' dir='ltr'>decem.</span> 
     </span>
    </p>
   </div>
   <div class='ocr_carea' id='block_1_11' title="bbox 214 1459 895 2789">
    <p class='ocr_par' dir='ltr' id='par_1_11' title="bbox 214 1459 894 2134">
     <span class='ocr_line' id='line_1_19' title="bbox 215 1459 887 1502; baseline 0.006 -14"><span class='ocrx_word' id='word_1_91' title='bbox 215 1467 312 1499; x_wconf 89' lang='lat' dir='ltr'>quam</span> <span class='ocrx_word' id='word_1_92' title='bbox 336 1468 355 1489; x_wconf 83' lang='lat' dir='ltr'>a</span> <span class='ocrx_word' id='word_1_93' title='bbox 379 1469 434 1490; x_wconf 90' lang='lat' dir='ltr'>suo</span> <span class='ocrx_word' id='word_1_94' title='bbox 459 1459 622 1491; x_wconf 87' lang='lat' dir='ltr'>inventore</span> <span class='ocrx_word' id='word_1_95' title='bbox 639 1460 812 1502; x_wconf 78' lang='lat' dir='ltr'>(Thalete)</span> <span class='ocrx_word' id='word_1_96' title='bbox 833 1472 887 1492; x_wconf 87' lang='lat' dir='ltr'>ac-</span> 
     </span>
     <span class='ocr_line' id='line_1_20' title="bbox 215 1508 891 1552; baseline 0.006 -15"><span class='ocrx_word' id='word_1_97' title='bbox 215 1513 380 1549; x_wconf 87' lang='lat' dir='ltr'>ceperuut,</span> <span class='ocrx_word' id='word_1_98' title='bbox 412 1508 580 1539; x_wconf 85' lang='lat' dir='ltr'>observant</span> <span class='ocrx_word' id='word_1_99' title='bbox 612 1510 828 1552; x_wconf 65' lang='lat' dir='ltr'>Cynosuram:</span> <span class='ocrx_word' id='word_1_100' title='bbox 858 1516 891 1542; x_wconf 83' lang='lat' dir='ltr'>et</span> 
     </span>
     <span class='ocr_line' id='line_1_21' title="bbox 214 1555 889 1601; baseline 0.006 -15"><span class='ocrx_word' id='word_1_101' title='bbox 214 1555 298 1587; x_wconf 91' lang='lat' dir='ltr'>hanc</span> <span class='ocrx_word' id='word_1_102' title='bbox 317 1556 489 1588; x_wconf 83' lang='lat' dir='ltr'>studiosius</span> <span class='ocrx_word' id='word_1_103' title='bbox 505 1559 736 1600; x_wconf 83' lang='lat' dir='ltr'>perspiciendo,</span> <span class='ocrx_word' id='word_1_104' title='bbox 754 1559 889 1601; x_wconf 84' lang='lat' dir='ltr'>diligen-</span> 
     </span>
     <span class='ocr_line' id='line_1_22' title="bbox 216 1604 890 1648; baseline 0.006 -13"><span class='ocrx_word' id='word_1_105' title='bbox 216 1604 279 1636; x_wconf 83' lang='lat' dir='ltr'>tius</span> <span class='ocrx_word' id='word_1_106' title='bbox 294 1605 444 1648; x_wconf 84' lang='lat' dir='ltr'>navigare</span> <span class='ocrx_word' id='word_1_107' title='bbox 461 1606 714 1638; x_wconf 79' lang='lat' dir='ltr'>existiinantur.”</span> <span class='ocrx_word' id='word_1_108' title='bbox 751 1609 800 1639; x_wconf 87' lang='lat' dir='ltr'>lbi</span> <span class='ocrx_word' id='word_1_109' title='bbox 820 1609 890 1640; x_wconf 77' lang='lat' dir='ltr'>vide</span> 
     </span>
     <span class='ocr_line' id='line_1_23' title="bbox 216 1654 892 1689; baseline 0.007 -5"><span class='ocrx_word' id='word_1_110' title='bbox 216 1654 370 1686; x_wconf 87' lang='lat' dir='ltr'>Munker.</span> <span class='ocrx_word' id='word_1_111' title='bbox 418 1656 522 1687; x_wconf 79' lang='lat' dir='ltr'>Notet.</span> <span class='ocrx_word' id='word_1_112' title='bbox 568 1656 719 1688; x_wconf 74' lang='lat' dir='ltr'>Similiter</span> <span class='ocrx_word' id='word_1_113' title='bbox 756 1659 892 1689; x_wconf 80' lang='lat' dir='ltr'>Metam.</span> 
     </span>
     <span class='ocr_line' id='line_1_24' title="bbox 217 1703 893 1739; baseline 0.007 -5"><span class='ocrx_word' id='word_1_114' title='bbox 217 1703 266 1735; x_wconf 87' lang='lat' dir='ltr'>iii.</span> <span class='ocrx_word' id='word_1_115' title='bbox 298 1706 374 1736; x_wconf 87' lang='grc'>595.</span> <span class='ocrx_word' id='word_1_116' title='bbox 405 1712 503 1736; x_wconf 79' lang='lat' dir='ltr'>nauta</span> <span class='ocrx_word' id='word_1_117' title='bbox 530 1706 591 1737; x_wconf 78' lang='lat' dir='ltr'>ait‘:</span> <span class='ocrx_word' id='word_1_118' title='bbox 618 1712 640 1724; x_wconf 92' lang='lat'><strong>“</strong></span> <span class='ocrx_word' id='word_1_119' title='bbox 658 1707 759 1738; x_wconf 84' lang='lat' dir='ltr'>oculis</span> <span class='ocrx_word' id='word_1_120' title='bbox 789 1708 893 1739; x_wconf 84' lang='lat' dir='ltr'>sidera</span> 
     </span>
     <span class='ocr_line' id='line_1_25' title="bbox 217 1754 892 1799; baseline 0.006 -15"><span class='ocrx_word' id='word_1_121' title='bbox 217 1754 362 1785; x_wconf 87' lang='lat' dir='ltr'>notavi.&#39;‘</span> <span class='ocrx_word' id='word_1_122' title='bbox 410 1755 554 1792; x_wconf 77' lang='lat' dir='ltr'>Petatur,</span> <span class='ocrx_word' id='word_1_123' title='bbox 581 1767 678 1798; x_wconf 84' lang='lat' dir='ltr'>quam</span> <span class='ocrx_word' id='word_1_124' title='bbox 708 1764 892 1799; x_wconf 78' lang='lat' dir='ltr'>sequantur.</span> 
     </span>
     <span class='ocr_line' id='line_1_26' title="bbox 217 1803 893 1844; baseline 0.007 -11"><span class='ocrx_word' id='word_1_125' title='bbox 217 1803 268 1834; x_wconf 88' lang='lat' dir='ltr'>Ire</span> <span class='ocrx_word' id='word_1_126' title='bbox 296 1815 351 1844; x_wconf 84' lang='lat' dir='ltr'>per</span> <span class='ocrx_word' id='word_1_127' title='bbox 380 1806 452 1841; x_wconf 71' lang='lat' dir='ltr'>lia’c,</span> <span class='ocrx_word' id='word_1_128' title='bbox 482 1812 544 1837; x_wconf 86' lang='lat' dir='ltr'>etc.</span> <span class='ocrx_word' id='word_1_129' title='bbox 592 1806 751 1844; x_wconf 81' lang='lat' dir='ltr'>Quoniam</span> <span class='ocrx_word' id='word_1_130' title='bbox 783 1818 893 1838; x_wconf 88' lang='lat' dir='ltr'>cursus</span> 
     </span>
     <span class='ocr_line' id='line_1_27' title="bbox 214 1852 893 1888; baseline 0.006 -4"><span class='ocrx_word' id='word_1_131' title='bbox 214 1852 299 1884; x_wconf 86' lang='lat' dir='ltr'>lunae</span> <span class='ocrx_word' id='word_1_132' title='bbox 330 1865 393 1885; x_wconf 89' lang='lat' dir='ltr'>non</span> <span class='ocrx_word' id='word_1_133' title='bbox 423 1855 558 1886; x_wconf 87' lang='lat' dir='ltr'>multum</span> <span class='ocrx_word' id='word_1_134' title='bbox 586 1855 727 1888; x_wconf 88' lang='lat' dir='ltr'>declinat</span> <span class='ocrx_word' id='word_1_135' title='bbox 754 1867 772 1887; x_wconf 91' lang='lat' dir='ltr'>a</span> <span class='ocrx_word' id='word_1_136' title='bbox 799 1867 893 1888; x_wconf 89' lang='lat' dir='ltr'>cursu</span> 
     </span>
     <span class='ocr_line' id='line_1_28' title="bbox 215 1902 891 1948; baseline 0.006 -15"><span class='ocrx_word' id='word_1_137' title='bbox 215 1902 292 1934; x_wconf 91' lang='lat' dir='ltr'>solis</span> <span class='ocrx_word' id='word_1_138' title='bbox 306 1903 431 1945; x_wconf 91' lang='lat' dir='ltr'>(verius</span> <span class='ocrx_word' id='word_1_139' title='bbox 448 1905 553 1945; x_wconf 77' lang='lat' dir='ltr'>terrae)</span> <span class='ocrx_word' id='word_1_140' title='bbox 566 1911 732 1948; x_wconf 83' lang='lat' dir='ltr'>propterea</span> <span class='ocrx_word' id='word_1_141' title='bbox 747 1912 777 1937; x_wconf 88' lang='lat' dir='ltr'>et</span> <span class='ocrx_word' id='word_1_142' title='bbox 792 1905 891 1948; x_wconf 88' lang='lat' dir='ltr'>ipsam</span> 
     </span>
     <span class='ocr_line' id='line_1_29' title="bbox 216 1951 894 1997; baseline 0.009 -15"><span class='ocrx_word' id='word_1_143' title='bbox 216 1951 385 1983; x_wconf 89' lang='lat' dir='ltr'>duodecim</span> <span class='ocrx_word' id='word_1_144' title='bbox 423 1954 514 1995; x_wconf 86' lang='lat' dir='ltr'>signa</span> <span class='ocrx_word' id='word_1_145' title='bbox 551 1955 672 1986; x_wconf 75' lang='lat' dir='ltr'>zodiaci</span> <span class='ocrx_word' id='word_1_146' title='bbox 709 1966 894 1997; x_wconf 88' lang='lat' dir='ltr'>percensere</span> 
     </span>
     <span class='ocr_line' id='line_1_30' title="bbox 216 2001 894 2037; baseline 0.007 -6"><span class='ocrx_word' id='word_1_147' title='bbox 216 2001 385 2033; x_wconf 82' lang='lat' dir='ltr'>cernimus.</span> <span class='ocrx_word' id='word_1_148' title='bbox 430 2003 526 2034; x_wconf 88' lang='lat' dir='ltr'>Hunc</span> <span class='ocrx_word' id='word_1_149' title='bbox 553 2015 678 2036; x_wconf 89' lang='lat' dir='ltr'>cursum</span> <span class='ocrx_word' id='word_1_150' title='bbox 703 2005 816 2036; x_wconf 84' lang='lat' dir='ltr'>diebus</span> <span class='ocrx_word' id='word_1_151' title='bbox 839 2007 894 2037; x_wconf 88' lang='lat'>27.</span> 
     </span>
     <span class='ocr_line' id='line_1_31' title="bbox 217 2049 892 2096; baseline 0.009 -16"><span class='ocrx_word' id='word_1_152' title='bbox 217 2049 301 2081; x_wconf 84' lang='lat' dir='ltr'>horis</span> <span class='ocrx_word' id='word_1_153' title='bbox 317 2052 349 2082; x_wconf 84' lang='lat'>8.</span> <span class='ocrx_word' id='word_1_154' title='bbox 368 2051 516 2092; x_wconf 73' lang='lat' dir='ltr'>conficit;</span> <span class='ocrx_word' id='word_1_155' title='bbox 532 2060 679 2096; x_wconf 87' lang='lat' dir='ltr'>respectu</span> <span class='ocrx_word' id='word_1_156' title='bbox 694 2055 768 2086; x_wconf 86' lang='lat' dir='ltr'>solis</span> <span class='ocrx_word' id='word_1_157' title='bbox 784 2060 892 2086; x_wconf 87' lang='lat' dir='ltr'>autem</span> 
     </span>
     <span class='ocr_line' id='line_1_32' title="bbox 217 2099 567 2134; baseline 0.014 -5"><span class='ocrx_word' id='word_1_158' title='bbox 217 2099 330 2131; x_wconf 88' lang='lat' dir='ltr'>diebus</span> <span class='ocrx_word' id='word_1_159' title='bbox 345 2102 398 2132; x_wconf 86' lang='lat'>29.</span> <span class='ocrx_word' id='word_1_160' title='bbox 415 2101 498 2132; x_wconf 89' lang='lat' dir='ltr'>horis</span> <span class='ocrx_word' id='word_1_161' title='bbox 516 2102 567 2134; x_wconf 88' lang='lat'>13.</span> 
     </span>
    </p>

    <p class='ocr_par' dir='ltr' id='par_1_12' title="bbox 214 2149 895 2789">
     <span class='ocr_line' id='line_1_33' title="bbox 264 2149 891 2196; baseline 0.011 -18"><span class='ocrx_word' id='word_1_162' title='bbox 264 2149 339 2180; x_wconf 85' lang='lat'>111.</span> <span class='ocrx_word' id='word_1_163' title='bbox 365 2150 477 2181; x_wconf 84' lang='lat' dir='ltr'>Libera</span> <span class='ocrx_word' id='word_1_164' title='bbox 500 2152 663 2193; x_wconf 84' lang='lat' dir='ltr'>eleganter</span> <span class='ocrx_word' id='word_1_165' title='bbox 685 2153 798 2185; x_wconf 86' lang='lat' dir='ltr'>eadem</span> <span class='ocrx_word' id='word_1_166' title='bbox 821 2165 891 2196; x_wconf 91' lang='lat' dir='ltr'>quae</span> 
     </span>
     <span class='ocr_line' id='line_1_34' title="bbox 217 2199 892 2234; baseline 0.007 -5"><span class='ocrx_word' id='word_1_167' title='bbox 217 2199 419 2231; x_wconf 80' lang='lat' dir='ltr'>inobservata.</span> <span class='ocrx_word' id='word_1_168' title='bbox 467 2201 613 2232; x_wconf 86' lang='lat' dir='ltr'>Sumtum</span> <span class='ocrx_word' id='word_1_169' title='bbox 640 2202 698 2233; x_wconf 87' lang='lat' dir='ltr'>hoc</span> <span class='ocrx_word' id='word_1_170' title='bbox 723 2203 764 2234; x_wconf 92' lang='lat' dir='ltr'>ab</span> <span class='ocrx_word' id='word_1_171' title='bbox 792 2203 892 2234; x_wconf 87' lang='lat' dir='ltr'>homi-</span> 
     </span>
     <span class='ocr_line' id='line_1_35' title="bbox 217 2247 893 2293; baseline 0.007 -15"><span class='ocrx_word' id='word_1_172' title='bbox 217 2247 311 2279; x_wconf 89' lang='lat' dir='ltr'>nibus</span> <span class='ocrx_word' id='word_1_173' title='bbox 333 2254 388 2279; x_wconf 91' lang='lat' dir='ltr'>aut</span> <span class='ocrx_word' id='word_1_174' title='bbox 411 2249 599 2291; x_wconf 84' lang='lat' dir='ltr'>pecudibus,</span> <span class='ocrx_word' id='word_1_175' title='bbox 625 2262 708 2293; x_wconf 87' lang='lat' dir='ltr'>quae,</span> <span class='ocrx_word' id='word_1_176' title='bbox 733 2252 809 2283; x_wconf 90' lang='lat' dir='ltr'>dum</span> <span class='ocrx_word' id='word_1_177' title='bbox 834 2265 893 2284; x_wconf 80' lang='lat' dir='ltr'>non</span> 
     </span>
     <span class='ocr_line' id='line_1_36' title="bbox 217 2297 892 2335; baseline 0.009 -8"><span class='ocrx_word' id='word_1_178' title='bbox 217 2297 428 2335; x_wconf 79' lang='lat' dir='ltr'>observantur,</span> <span class='ocrx_word' id='word_1_179' title='bbox 463 2301 555 2331; x_wconf 80' lang='lat' dir='ltr'>libere</span> <span class='ocrx_word' id='word_1_180' title='bbox 591 2311 694 2332; x_wconf 87' lang='lat' dir='ltr'>errare</span> <span class='ocrx_word' id='word_1_181' title='bbox 733 2301 892 2334; x_wconf 88' lang='lat' dir='ltr'>dicuntur.</span> 
     </span>
     <span class='ocr_line' id='line_1_37' title="bbox 219 2345 892 2384; baseline 0.01 -8"><span class='ocrx_word' id='word_1_182' title='bbox 219 2345 291 2376; x_wconf 82' lang='lat' dir='ltr'>Non</span> <span class='ocrx_word' id='word_1_183' title='bbox 310 2348 371 2384; x_wconf 81' lang='lat' dir='ltr'>illi,</span> <span class='ocrx_word' id='word_1_184' title='bbox 387 2354 449 2379; x_wconf 86' lang='lat' dir='ltr'>etc.</span> <span class='ocrx_word' id='word_1_185' title='bbox 465 2359 528 2380; x_wconf 87' lang='lat' dir='ltr'>non</span> <span class='ocrx_word' id='word_1_186' title='bbox 544 2349 590 2380; x_wconf 92' lang='lat' dir='ltr'>illi</span> <span class='ocrx_word' id='word_1_187' title='bbox 607 2351 805 2382; x_wconf 84' lang='lat' dir='ltr'>astronomiae</span> <span class='ocrx_word' id='word_1_188' title='bbox 827 2358 892 2383; x_wconf 85' lang='lat' dir='ltr'>stu-</span> 
     </span>
     <span class='ocr_line' id='line_1_38' title="bbox 217 2395 895 2443; baseline 0.01 -17"><span class='ocrx_word' id='word_1_189' title='bbox 217 2395 348 2433; x_wconf 86' lang='lat' dir='ltr'>debant,</span> <span class='ocrx_word' id='word_1_190' title='bbox 365 2397 420 2428; x_wconf 83' lang='lat' dir='ltr'>sed</span> <span class='ocrx_word' id='word_1_191' title='bbox 436 2398 481 2429; x_wconf 89' lang='lat' dir='ltr'>rei</span> <span class='ocrx_word' id='word_1_192' title='bbox 497 2398 638 2431; x_wconf 86' lang='lat' dir='ltr'>militari.</span> <span class='ocrx_word' id='word_1_193' title='bbox 686 2402 781 2443; x_wconf 80' lang='lat' dir='ltr'>Signa</span> <span class='ocrx_word' id='word_1_194' title='bbox 798 2401 895 2433; x_wconf 80' lang='lat' dir='ltr'>habet</span> 
     </span>
     <span class='ocr_line' id='line_1_39' title="bbox 217 2446 891 2483; baseline 0.01 -8"><span class='ocrx_word' id='word_1_195' title='bbox 217 2451 250 2476; x_wconf 91' lang='lat' dir='ltr'>et</span> <span class='ocrx_word' id='word_1_196' title='bbox 265 2446 396 2483; x_wconf 89' lang='lat' dir='ltr'>coelum,</span> <span class='ocrx_word' id='word_1_197' title='bbox 408 2453 439 2478; x_wconf 88' lang='lat' dir='ltr'>et</span> <span class='ocrx_word' id='word_1_198' title='bbox 454 2448 624 2480; x_wconf 78' lang='lat' dir='ltr'>exercitus.</span> <span class='ocrx_word' id='word_1_199' title='bbox 672 2451 756 2482; x_wconf 88' lang='lat' dir='ltr'>Hinc</span> <span class='ocrx_word' id='word_1_200' title='bbox 773 2451 827 2482; x_wconf 89' lang='lat' dir='ltr'>ille</span> <span class='ocrx_word' id='word_1_201' title='bbox 843 2452 891 2482; x_wconf 88' lang='lat' dir='ltr'>lu-</span> 
     </span>
     <span class='ocr_line' id='line_1_40' title="bbox 217 2495 891 2542; baseline 0.01 -17"><span class='ocrx_word' id='word_1_202' title='bbox 217 2505 292 2534; x_wconf 81' lang='lat' dir='ltr'>sus3</span> <span class='ocrx_word' id='word_1_203' title='bbox 315 2495 347 2526; x_wconf 90' lang='lat' dir='ltr'>in</span> <span class='ocrx_word' id='word_1_204' title='bbox 362 2507 425 2538; x_wconf 92' lang='lat' dir='ltr'>quo</span> <span class='ocrx_word' id='word_1_205' title='bbox 441 2502 549 2529; x_wconf 85' lang='lat' dir='ltr'>tamen</span> <span class='ocrx_word' id='word_1_206' title='bbox 565 2501 718 2530; x_wconf 79' lang='lat' dir='ltr'>mouebant</span> <span class='ocrx_word' id='word_1_207' title='bbox 730 2501 817 2542; x_wconf 85' lang='lat' dir='ltr'>justo</span> <span class='ocrx_word' id='word_1_208' title='bbox 834 2500 891 2532; x_wconf 90' lang='lat' dir='ltr'>du·</span> 
     </span>
     <span class='ocr_line' id='line_1_41' title="bbox 218 2544 890 2589; baseline 0.012 -15"><span class='ocrx_word' id='word_1_209' title='bbox 218 2544 284 2575; x_wconf 87' lang='lat' dir='ltr'>rius</span> <span class='ocrx_word' id='word_1_210' title='bbox 304 2544 400 2576; x_wconf 86' lang='lat' dir='ltr'>etiam</span> <span class='ocrx_word' id='word_1_211' title='bbox 420 2546 461 2577; x_wconf 89' lang='lat' dir='ltr'>ad</span> <span class='ocrx_word' id='word_1_212' title='bbox 477 2548 567 2589; x_wconf 88' lang='lat' dir='ltr'>signa</span> <span class='ocrx_word' id='word_1_213' title='bbox 584 2550 729 2580; x_wconf 85' lang='lat' dir='ltr'>coelestia</span> <span class='ocrx_word' id='word_1_214' title='bbox 744 2550 890 2582; x_wconf 81' lang='lat' dir='ltr'>relatum.</span> 
     </span>
     <span class='ocr_line' id='line_1_42' title="bbox 218 2593 892 2639; baseline 0.01 -15"><span class='ocrx_word' id='word_1_215' title='bbox 218 2593 316 2637; x_wconf 83' lang='lat' dir='ltr'>Signa</span> <span class='ocrx_word' id='word_1_216' title='bbox 328 2597 483 2627; x_wconf 81' lang='lat' dir='ltr'>movebant</span> <span class='ocrx_word' id='word_1_217' title='bbox 497 2602 566 2628; x_wconf 76' lang='lat' dir='ltr'>erat</span> <span class='ocrx_word' id='word_1_218' title='bbox 576 2597 711 2629; x_wconf 86' lang='lat' dir='ltr'>formula</span> <span class='ocrx_word' id='word_1_219' title='bbox 725 2599 892 2639; x_wconf 75' lang='lat' dir='ltr'>solemnis3</span> 
     </span>
     <span class='ocr_line' id='line_1_43' title="bbox 214 2643 891 2689; baseline 0.01 -16"><span class='ocrx_word' id='word_1_220' title='bbox 214 2643 282 2684; x_wconf 84' lang='lat' dir='ltr'>jam</span> <span class='ocrx_word' id='word_1_221' title='bbox 312 2643 363 2675; x_wconf 88' lang='lat' dir='ltr'>hic</span> <span class='ocrx_word' id='word_1_222' title='bbox 392 2644 556 2677; x_wconf 84' lang='lat' dir='ltr'>luxurians</span> <span class='ocrx_word' id='word_1_223' title='bbox 585 2647 694 2678; x_wconf 86' lang='lat' dir='ltr'>Ovidii</span> <span class='ocrx_word' id='word_1_224' title='bbox 728 2647 891 2689; x_wconf 81' lang='lat' dir='ltr'>ingenium</span> 
     </span>
     <span class='ocr_line' id='line_1_44' title="bbox 218 2692 890 2735; baseline 0.012 -13"><span class='ocrx_word' id='word_1_225' title='bbox 218 2692 402 2735; x_wconf 85' lang='lat' dir='ltr'>interponit,</span> <span class='ocrx_word' id='word_1_226' title='bbox 438 2705 500 2727; x_wconf 89' lang='lat' dir='ltr'>non</span> <span class='ocrx_word' id='word_1_227' title='bbox 538 2697 694 2733; x_wconf 79' lang='lat' dir='ltr'>coelestia,</span> <span class='ocrx_word' id='word_1_228' title='bbox 731 2698 788 2729; x_wconf 87' lang='lat' dir='ltr'>sed</span> <span class='ocrx_word' id='word_1_229' title='bbox 822 2709 890 2730; x_wconf 81' lang='lat' dir='ltr'>sua.</span> 
     </span>
     <span class='ocr_line' id='line_1_45' title="bbox 221 2741 888 2789; baseline 0.013 -18"><span class='ocrx_word' id='word_1_230' title='bbox 221 2741 301 2774; x_wconf 86' lang='lat' dir='ltr'>Coelo</span> <span class='ocrx_word' id='word_1_231' title='bbox 324 2743 469 2782; x_wconf 80' lang='lat' dir='ltr'>labentia,</span> <span class='ocrx_word' id='word_1_232' title='bbox 495 2753 529 2776; x_wconf 89' lang='lat' dir='ltr'>ut</span> <span class='ocrx_word' id='word_1_233' title='bbox 552 2746 666 2788; x_wconf 70' lang='lat' dir='ltr'>virgil.</span> <span class='ocrx_word' id='word_1_234' title='bbox 684 2747 804 2789; x_wconf 84' lang='lat' dir='ltr'>Georg.</span> <span class='ocrx_word' id='word_1_235' title='bbox 821 2748 842 2780; x_wconf 89' lang='lat' dir='ltr'>i.</span> <span class='ocrx_word' id='word_1_236' title='bbox 858 2750 888 2780; x_wconf 87' lang='lat'>6.</span> 
     </span>
    </p>
   </div>
   <div class='ocr_carea' id='block_1_12' title="bbox 1540 1308 1634 1352">
    <p class='ocr_par' dir='ltr' id='par_1_13' title="bbox 1540 1308 1634 1352">
     <span class='ocr_line' id='line_1_46' title="bbox 1540 1308 1634 1352; baseline -0.011 0"><span class='ocrx_word' id='word_1_237' title='bbox 1540 1308 1634 1352; x_wconf 82' lang='lat'>120</span> 
     </span>
    </p>
   </div>
   <div class='ocr_carea' id='block_1_13' title="bbox 959 1461 1634 1537">
    <p class='ocr_par' dir='ltr' id='par_1_14' title="bbox 959 1461 1634 1537">
     <span class='ocr_line' id='line_1_47' title="bbox 959 1461 1634 1505; baseline 0 -13"><span class='ocrx_word' id='word_1_238' title='bbox 959 1462 1164 1494; x_wconf 86' lang='lat' dir='ltr'>“labentem</span> <span class='ocrx_word' id='word_1_239' title='bbox 1198 1463 1282 1494; x_wconf 84' lang='lat' dir='ltr'>coelo</span> <span class='ocrx_word' id='word_1_240' title='bbox 1315 1474 1387 1505; x_wconf 88' lang='lat' dir='ltr'>quae</span> <span class='ocrx_word' id='word_1_241' title='bbox 1426 1461 1543 1493; x_wconf 83' lang='lat' dir='ltr'>ducitis</span> <span class='ocrx_word' id='word_1_242' title='bbox 1577 1471 1634 1492; x_wconf 84' lang='lat' dir='ltr'>an-</span> 
     </span>
     <span class='ocr_line' id='line_1_48' title="bbox 960 1506 1070 1537; baseline 0.009 -1"><span class='ocrx_word' id='word_1_243' title='bbox 960 1506 1070 1537; x_wconf 82' lang='lat' dir='ltr'>num.”</span> 
     </span>
    </p>
   </div>
   <div class='ocr_carea' id='block_1_14' title="bbox 954 1556 1638 2791">
    <p class='ocr_par' dir='ltr' id='par_1_15' title="bbox 961 1556 1638 2295">
     <span class='ocr_line' id='line_1_49' title="bbox 1008 1556 1636 1593; baseline -0.002 -7"><span class='ocrx_word' id='word_1_244' title='bbox 1008 1557 1190 1588; x_wconf 77' lang='lat'>115-118,</span> <span class='ocrx_word' id='word_1_245' title='bbox 1220 1557 1299 1588; x_wconf 75' lang='lat' dir='ltr'>llaec</span> <span class='ocrx_word' id='word_1_246' title='bbox 1327 1556 1441 1587; x_wconf 81' lang='lat' dir='ltr'>melius</span> <span class='ocrx_word' id='word_1_247' title='bbox 1467 1556 1636 1593; x_wconf 79' lang='lat' dir='ltr'>abessent3</span> 
     </span>
     <span class='ocr_line' id='line_1_50' title="bbox 964 1606 1637 1649; baseline -0.001 -13"><span class='ocrx_word' id='word_1_248' title='bbox 964 1606 1042 1637; x_wconf 86' lang='lat' dir='ltr'>nihil</span> <span class='ocrx_word' id='word_1_249' title='bbox 1071 1606 1156 1637; x_wconf 87' lang='lat' dir='ltr'>enim</span> <span class='ocrx_word' id='word_1_250' title='bbox 1187 1607 1227 1637; x_wconf 85' lang='lat' dir='ltr'>ad</span> <span class='ocrx_word' id='word_1_251' title='bbox 1254 1617 1319 1638; x_wconf 88' lang='lat' dir='ltr'>rem</span> <span class='ocrx_word' id='word_1_252' title='bbox 1343 1606 1514 1649; x_wconf 84' lang='lat' dir='ltr'>pertinent,</span> <span class='ocrx_word' id='word_1_253' title='bbox 1537 1615 1637 1647; x_wconf 90' lang='lat' dir='ltr'>quum</span> 
     </span>
     <span class='ocr_line' id='line_1_51' title="bbox 961 1655 1637 1698; baseline -0.001 -12"><span class='ocrx_word' id='word_1_254' title='bbox 961 1656 1020 1687; x_wconf 86' lang='lat' dir='ltr'>hoc</span> <span class='ocrx_word' id='word_1_255' title='bbox 1038 1667 1135 1687; x_wconf 88' lang='lat' dir='ltr'>unum</span> <span class='ocrx_word' id='word_1_256' title='bbox 1147 1662 1326 1692; x_wconf 82' lang='lat' dir='ltr'>moneatur,</span> <span class='ocrx_word' id='word_1_257' title='bbox 1343 1655 1462 1698; x_wconf 84' lang='lat' dir='ltr'>priscos</span> <span class='ocrx_word' id='word_1_258' title='bbox 1475 1655 1637 1686; x_wconf 84' lang='lat' dir='ltr'>Romanos</span> 
     </span>
     <span class='ocr_line' id='line_1_52' title="bbox 961 1705 1635 1748; baseline -0.001 -11"><span class='ocrx_word' id='word_1_259' title='bbox 961 1706 1158 1737; x_wconf 75' lang='lat' dir='ltr'>astronomiae</span> <span class='ocrx_word' id='word_1_260' title='bbox 1176 1706 1271 1738; x_wconf 86' lang='lat' dir='ltr'>fuisse</span> <span class='ocrx_word' id='word_1_261' title='bbox 1288 1707 1425 1748; x_wconf 83' lang='lat' dir='ltr'>ignaros.</span> <span class='ocrx_word' id='word_1_262' title='bbox 1473 1705 1562 1737; x_wconf 64' lang='lat' dir='ltr'>Fani</span> <span class='ocrx_word' id='word_1_263' title='bbox 1579 1715 1635 1736; x_wconf 91' lang='lat' dir='ltr'>au-</span> 
     </span>
     <span class='ocr_line' id='line_1_53' title="bbox 961 1755 1638 1798; baseline -0.001 -12"><span class='ocrx_word' id='word_1_264' title='bbox 961 1762 1026 1786; x_wconf 87' lang='lat' dir='ltr'>tem</span> <span class='ocrx_word' id='word_1_265' title='bbox 1057 1757 1227 1796; x_wconf 74' lang='lat' dir='ltr'>manipulos</span> <span class='ocrx_word' id='word_1_266' title='bbox 1255 1766 1271 1787; x_wconf 90' lang='lat' dir='ltr'>e</span> <span class='ocrx_word' id='word_1_267' title='bbox 1305 1755 1436 1798; x_wconf 73' lang='lat' dir='ltr'>perticis</span> <span class='ocrx_word' id='word_1_268' title='bbox 1467 1765 1638 1797; x_wconf 85' lang='lat' dir='ltr'>suspensos</span> 
     </span>
     <span class='ocr_line' id='line_1_54' title="bbox 962 1804 1636 1848; baseline 0 -12"><span class='ocrx_word' id='word_1_269' title='bbox 962 1806 1058 1836; x_wconf 77' lang='lat' dir='ltr'>fuisse</span> <span class='ocrx_word' id='word_1_270' title='bbox 1082 1806 1175 1847; x_wconf 85' lang='lat' dir='ltr'>signa</span> <span class='ocrx_word' id='word_1_271' title='bbox 1201 1805 1424 1848; x_wconf 81' lang='lat' dir='ltr'>antiquissima</span> <span class='ocrx_word' id='word_1_272' title='bbox 1450 1811 1482 1836; x_wconf 88' lang='lat' dir='ltr'>et</span> <span class='ocrx_word' id='word_1_273' title='bbox 1505 1804 1636 1836; x_wconf 87' lang='lat' dir='ltr'>aliunde</span> 
     </span>
     <span class='ocr_line' id='line_1_55' title="bbox 963 1854 1636 1897; baseline 0.001 -12"><span class='ocrx_word' id='word_1_274' title='bbox 963 1861 1105 1897; x_wconf 82' lang='lat' dir='ltr'>apparet.</span> <span class='ocrx_word' id='word_1_275' title='bbox 1128 1855 1295 1887; x_wconf 85' lang='lat' dir='ltr'>Plutarch.</span> <span class='ocrx_word' id='word_1_276' title='bbox 1311 1855 1408 1886; x_wconf 88' lang='lat' dir='ltr'>Rom.</span> <span class='ocrx_word' id='word_1_277' title='bbox 1421 1854 1495 1886; x_wconf 88' lang='lat' dir='ltr'>viii:</span> <span class='ocrx_word' id='word_1_278' title='bbox 1512 1854 1636 1897; x_wconf 85' lang='grc' dir='ltr'>χόρτου</span> 
     </span>
     <span class='ocr_line' id='line_1_56' title="bbox 962 1903 1638 1947; baseline 0.003 -13"><span class='ocrx_word' id='word_1_279' title='bbox 962 1905 1016 1934; x_wconf 85' lang='grc' dir='ltr'>καὶ</span> <span class='ocrx_word' id='word_1_280' title='bbox 1037 1905 1120 1943; x_wconf 83' lang='grc' dir='ltr'>ὓλης</span> <span class='ocrx_word' id='word_1_281' title='bbox 1143 1903 1309 1947; x_wconf 78' lang='grc' dir='ltr'>ἁγκαλὶδα</span> <span class='ocrx_word' id='word_1_282' title='bbox 1331 1904 1437 1947; x_wconf 71' lang='lat' dir='ltr'>actim-qs</span> <span class='ocrx_word' id='word_1_283' title='bbox 1461 1903 1638 1947; x_wconf 81' lang='grc' dir='ltr'>περικειμέ-</span> 
     </span>
     <span class='ocr_line' id='line_1_57' title="bbox 963 1953 1636 1996; baseline 0.001 -12"><span class='ocrx_word' id='word_1_284' title='bbox 963 1965 1030 1992; x_wconf 85' lang='grc' dir='ltr'>νην</span> <span class='ocrx_word' id='word_1_285' title='bbox 1059 1960 1224 1986; x_wconf 88' lang='lat' dir='ltr'>memorat.</span> <span class='ocrx_word' id='word_1_286' title='bbox 1275 1954 1328 1986; x_wconf 91' lang='lat' dir='ltr'>Ab</span> <span class='ocrx_word' id='word_1_287' title='bbox 1357 1954 1422 1986; x_wconf 90' lang='lat' dir='ltr'>illis</span> <span class='ocrx_word' id='word_1_288' title='bbox 1449 1954 1527 1996; x_wconf 88' lang='lat' dir='ltr'>ipsis</span> <span class='ocrx_word' id='word_1_289' title='bbox 1558 1953 1636 1986; x_wconf 86' lang='lat' dir='ltr'>foeni</span> 
     </span>
     <span class='ocr_line' id='line_1_58' title="bbox 962 2003 1635 2046; baseline 0.006 -14"><span class='ocrx_word' id='word_1_290' title='bbox 962 2005 1128 2043; x_wconf 81' lang='lat' dir='ltr'>manipulis</span> <span class='ocrx_word' id='word_1_291' title='bbox 1139 2010 1244 2046; x_wconf 84' lang='lat' dir='ltr'>partes</span> <span class='ocrx_word' id='word_1_292' title='bbox 1255 2003 1390 2046; x_wconf 88' lang='lat' dir='ltr'>legionis</span> <span class='ocrx_word' id='word_1_293' title='bbox 1404 2014 1519 2036; x_wconf 84' lang='lat' dir='ltr'>nomen</span> <span class='ocrx_word' id='word_1_294' title='bbox 1531 2009 1635 2036; x_wconf 85' lang='lat' dir='ltr'>traxe-</span> 
     </span>
     <span class='ocr_line' id='line_1_59' title="bbox 961 2053 1637 2096; baseline 0.003 -12"><span class='ocrx_word' id='word_1_295' title='bbox 961 2060 1045 2085; x_wconf 88' lang='lat' dir='ltr'>runt.</span> <span class='ocrx_word' id='word_1_296' title='bbox 1091 2054 1212 2094; x_wconf 51' lang='lat' dir='ltr'>Aqua-&#39;is</span> <span class='ocrx_word' id='word_1_297' title='bbox 1226 2064 1343 2095; x_wconf 87' lang='lat' dir='ltr'>magna</span> <span class='ocrx_word' id='word_1_298' title='bbox 1357 2053 1544 2091; x_wconf 80' lang='lat' dir='ltr'>reverentia,</span> <span class='ocrx_word' id='word_1_299' title='bbox 1556 2064 1637 2096; x_wconf 87' lang='lat' dir='ltr'>prae-</span> 
     </span>
     <span class='ocr_line' id='line_1_60' title="bbox 961 2101 1635 2144; baseline 0.003 -11"><span class='ocrx_word' id='word_1_300' title='bbox 961 2101 1068 2133; x_wconf 85' lang='lat' dir='ltr'>sertim</span> <span class='ocrx_word' id='word_1_301' title='bbox 1093 2113 1192 2144; x_wconf 85' lang='lat' dir='ltr'>quum</span> <span class='ocrx_word' id='word_1_302' title='bbox 1217 2109 1336 2134; x_wconf 83' lang='lat' dir='ltr'>ornatae</span> <span class='ocrx_word' id='word_1_303' title='bbox 1364 2109 1470 2135; x_wconf 89' lang='lat' dir='ltr'>essent</span> <span class='ocrx_word' id='word_1_304' title='bbox 1495 2103 1635 2135; x_wconf 85' lang='lat' dir='ltr'>Deorum</span> 
     </span>
     <span class='ocr_line' id='line_1_61' title="bbox 961 2152 1636 2195; baseline 0.004 -13"><span class='ocrx_word' id='word_1_305' title='bbox 961 2152 1256 2195; x_wconf 85' lang='lat' dir='ltr'>Imperatorumque</span> <span class='ocrx_word' id='word_1_306' title='bbox 1293 2153 1497 2195; x_wconf 86' lang='lat' dir='ltr'>imaginibus.</span> <span class='ocrx_word' id='word_1_307' title='bbox 1551 2153 1636 2185; x_wconf 89' lang='lat' dir='ltr'>Vide</span> 
     </span>
     <span class='ocr_line' id='line_1_62' title="bbox 962 2201 1636 2245; baseline 0.003 -13"><span class='ocrx_word' id='word_1_308' title='bbox 962 2201 1003 2232; x_wconf 88' lang='lat' dir='ltr'>ad</span> <span class='ocrx_word' id='word_1_309' title='bbox 1019 2202 1159 2233; x_wconf 87' lang='lat' dir='ltr'>Plinium</span> <span class='ocrx_word' id='word_1_310' title='bbox 1175 2213 1292 2245; x_wconf 86' lang='lat' dir='ltr'>paneg.</span> <span class='ocrx_word' id='word_1_311' title='bbox 1306 2215 1340 2234; x_wconf 83' lang='lat' dir='ltr'>x.</span> <span class='ocrx_word' id='word_1_312' title='bbox 1355 2204 1386 2235; x_wconf 90' lang='lat'>3.</span> <span class='ocrx_word' id='word_1_313' title='bbox 1411 2203 1636 2244; x_wconf 81' lang='lat' dir='ltr'>Manipulares,</span> 
     </span>
     <span class='ocr_line' id='line_1_63' title="bbox 962 2251 1349 2295; baseline 0.008 -14"><span class='ocrx_word' id='word_1_314' title='bbox 962 2251 1080 2284; x_wconf 84' lang='lat' dir='ltr'>milites</span> <span class='ocrx_word' id='word_1_315' title='bbox 1096 2252 1239 2294; x_wconf 84' lang='lat' dir='ltr'>ejusdem</span> <span class='ocrx_word' id='word_1_316' title='bbox 1255 2252 1349 2295; x_wconf 88' lang='lat' dir='ltr'>signi.</span> 
     </span>
    </p>

    <p class='ocr_par' dir='ltr' id='par_1_16' title="bbox 954 2302 1636 2791">
     <span class='ocr_line' id='line_1_64' title="bbox 1009 2302 1634 2340; baseline 0.005 -8"><span class='ocrx_word' id='word_1_317' title='bbox 1009 2303 1082 2334; x_wconf 86' lang='lat'>119.</span> <span class='ocrx_word' id='word_1_318' title='bbox 1106 2302 1214 2339; x_wconf 80' lang='lat' dir='ltr'>Ratio,</span> <span class='ocrx_word' id='word_1_319' title='bbox 1232 2302 1386 2340; x_wconf 91' lang='lat' dir='ltr'>doctrina,</span> <span class='ocrx_word' id='word_1_320' title='bbox 1403 2302 1537 2335; x_wconf 82' lang='lat' dir='ltr'>scientia</span> <span class='ocrx_word' id='word_1_321' title='bbox 1551 2303 1634 2335; x_wconf 86' lang='lat' dir='ltr'>side-</span> 
     </span>
     <span class='ocr_line' id='line_1_65' title="bbox 961 2353 1635 2395; baseline 0.004 -12"><span class='ocrx_word' id='word_1_322' title='bbox 961 2363 1042 2384; x_wconf 84' lang='lat' dir='ltr'>rum.</span> <span class='ocrx_word' id='word_1_323' title='bbox 1073 2353 1190 2384; x_wconf 79' lang='lat' dir='ltr'>Lustra</span> <span class='ocrx_word' id='word_1_324' title='bbox 1205 2353 1458 2395; x_wconf 83' lang='lat' dir='ltr'>quinquennalia</span> <span class='ocrx_word' id='word_1_325' title='bbox 1473 2361 1541 2385; x_wconf 82' lang='lat' dir='ltr'>tum</span> <span class='ocrx_word' id='word_1_326' title='bbox 1556 2364 1635 2386; x_wconf 90' lang='lat' dir='ltr'>non·</span> 
     </span>
     <span class='ocr_line' id='line_1_66' title="bbox 961 2402 1636 2435; baseline 0.004 -3"><span class='ocrx_word' id='word_1_327' title='bbox 961 2402 1038 2433; x_wconf 86' lang='lat' dir='ltr'>dum</span> <span class='ocrx_word' id='word_1_328' title='bbox 1053 2403 1272 2434; x_wconf 87' lang='lat' dir='ltr'>condebantur</span> <span class='ocrx_word' id='word_1_329' title='bbox 1287 2413 1306 2434; x_wconf 89' lang='lat' dir='ltr'>a</span> <span class='ocrx_word' id='word_1_330' title='bbox 1321 2403 1488 2435; x_wconf 82' lang='lat' dir='ltr'>Romanis.</span> <span class='ocrx_word' id='word_1_331' title='bbox 1525 2406 1636 2435; x_wconf 79' lang='lat' dir='ltr'>Annus</span> 
     </span>
     <span class='ocr_line' id='line_1_67' title="bbox 960 2452 1632 2495; baseline 0.006 -14"><span class='ocrx_word' id='word_1_332' title='bbox 960 2458 1040 2487; x_wconf 78' lang='lat' dir='ltr'>erat,</span> <span class='ocrx_word' id='word_1_333' title='bbox 1059 2458 1122 2483; x_wconf 88' lang='lat' dir='ltr'>etc.</span> <span class='ocrx_word' id='word_1_334' title='bbox 1168 2452 1258 2483; x_wconf 88' lang='lat' dir='ltr'>Idem</span> <span class='ocrx_word' id='word_1_335' title='bbox 1278 2452 1346 2495; x_wconf 87' lang='lat' dir='ltr'>jam</span> <span class='ocrx_word' id='word_1_336' title='bbox 1369 2453 1419 2484; x_wconf 91' lang='lat' dir='ltr'>bis</span> <span class='ocrx_word' id='word_1_337' title='bbox 1441 2452 1533 2490; x_wconf 85' lang='lat' dir='ltr'>dixit,</span> <span class='ocrx_word' id='word_1_338' title='bbox 1548 2464 1632 2486; x_wconf 86' lang='lat' dir='ltr'>vers.</span> 
     </span>
     <span class='ocr_line' id='line_1_68' title="bbox 960 2501 1633 2546; baseline 0.006 -15"><span class='ocrx_word' id='word_1_339' title='bbox 960 2501 1102 2543; x_wconf 81' lang='lat' dir='ltr'>proximo</span> <span class='ocrx_word' id='word_1_340' title='bbox 1117 2507 1150 2532; x_wconf 91' lang='lat' dir='ltr'>et</span> <span class='ocrx_word' id='word_1_341' title='bbox 1169 2503 1243 2534; x_wconf 90' lang='lat'>100.</span> <span class='ocrx_word' id='word_1_342' title='bbox 1289 2502 1330 2534; x_wconf 83' lang='lat' dir='ltr'>In</span> <span class='ocrx_word' id='word_1_343' title='bbox 1345 2504 1454 2534; x_wconf 83' lang='lat' dir='ltr'>honore</span> <span class='ocrx_word' id='word_1_344' title='bbox 1467 2510 1550 2541; x_wconf 79' lang='lat' dir='ltr'>sunt,</span> <span class='ocrx_word' id='word_1_345' title='bbox 1560 2514 1633 2546; x_wconf 85' lang='lat' dir='ltr'>quae</span> 
     </span>
     <span class='ocr_line' id='line_1_69' title="bbox 961 2551 1634 2593; baseline 0.006 -12"><span class='ocrx_word' id='word_1_346' title='bbox 961 2552 1071 2582; x_wconf 89' lang='lat' dir='ltr'>crebro</span> <span class='ocrx_word' id='word_1_347' title='bbox 1100 2551 1312 2593; x_wconf 82' lang='lat' dir='ltr'>adhibentur3</span> <span class='ocrx_word' id='word_1_348' title='bbox 1349 2554 1462 2585; x_wconf 87' lang='lat' dir='ltr'>Horat.</span> <span class='ocrx_word' id='word_1_349' title='bbox 1492 2553 1533 2586; x_wconf 88' lang='lat' dir='ltr'>de</span> <span class='ocrx_word' id='word_1_350' title='bbox 1562 2553 1634 2585; x_wconf 85' lang='lat' dir='ltr'>Art.</span> 
     </span>
     <span class='ocr_line' id='line_1_70' title="bbox 961 2601 1632 2645; baseline 0.004 -13"><span class='ocrx_word' id='word_1_351' title='bbox 961 2601 1051 2632; x_wconf 88' lang='lat' dir='ltr'>Poet.</span> <span class='ocrx_word' id='word_1_352' title='bbox 1079 2603 1135 2633; x_wconf 87' lang='lat'>70:</span> <span class='ocrx_word' id='word_1_353' title='bbox 1177 2607 1198 2620; x_wconf 80' lang='lat'>‘⁸</span> <span class='ocrx_word' id='word_1_354' title='bbox 1216 2602 1405 2645; x_wconf 86' lang='lat' dir='ltr'>Cadentque</span> <span class='ocrx_word' id='word_1_355' title='bbox 1435 2604 1516 2641; x_wconf 85' lang='lat' dir='ltr'>Quae</span> <span class='ocrx_word' id='word_1_356' title='bbox 1546 2613 1632 2635; x_wconf 89' lang='lat' dir='ltr'>nunc</span> 
     </span>
     <span class='ocr_line' id='line_1_71' title="bbox 960 2650 1633 2685; baseline 0.004 -4"><span class='ocrx_word' id='word_1_357' title='bbox 960 2657 1034 2682; x_wconf 89' lang='lat' dir='ltr'>sunt</span> <span class='ocrx_word' id='word_1_358' title='bbox 1058 2650 1090 2682; x_wconf 91' lang='lat' dir='ltr'>in</span> <span class='ocrx_word' id='word_1_359' title='bbox 1120 2651 1237 2683; x_wconf 87' lang='lat' dir='ltr'>honore</span> <span class='ocrx_word' id='word_1_360' title='bbox 1263 2653 1456 2684; x_wconf 88' lang='lat' dir='ltr'>vocabula.’&#39;</span> <span class='ocrx_word' id='word_1_361' title='bbox 1503 2653 1633 2685; x_wconf 81' lang='lat' dir='ltr'>Femina</span> 
     </span>
     <span class='ocr_line' id='line_1_72' title="bbox 954 2702 1631 2746; baseline 0.007 -16"><span class='ocrx_word' id='word_1_362' title='bbox 954 2703 1051 2741; x_wconf 85' lang='lat' dir='ltr'>parit.</span> <span class='ocrx_word' id='word_1_363' title='bbox 1075 2702 1192 2734; x_wconf 86' lang='lat' dir='ltr'>Confer</span> <span class='ocrx_word' id='word_1_364' title='bbox 1206 2703 1228 2734; x_wconf 89' lang='lat' dir='ltr'>i.</span> <span class='ocrx_word' id='word_1_365' title='bbox 1243 2704 1284 2734; x_wconf 83' lang='lat'>27</span> <span class='ocrx_word' id='word_1_366' title='bbox 1301 2713 1373 2746; x_wconf 87' lang='lat' dir='ltr'>sqq.</span> <span class='ocrx_word' id='word_1_367' title='bbox 1387 2703 1495 2745; x_wconf 85' lang='lat' dir='ltr'>ibique</span> <span class='ocrx_word' id='word_1_368' title='bbox 1510 2709 1631 2736; x_wconf 84' lang='lat' dir='ltr'>notata.</span> 
     </span>
     <span class='ocr_line' id='line_1_73' title="bbox 958 2751 1460 2791; baseline 0.01 -11"><span class='ocrx_word' id='word_1_369' title='bbox 958 2751 1076 2791; x_wconf 79' lang='lat' dir='ltr'>Spatia,</span> <span class='ocrx_word' id='word_1_370' title='bbox 1092 2752 1230 2784; x_wconf 86' lang='lat' dir='ltr'>decades</span> <span class='ocrx_word' id='word_1_371' title='bbox 1245 2763 1460 2785; x_wconf 84' lang='lat' dir='ltr'>numerorum.</span> 
     </span>
    </p>
   </div>
  </div>
 </body>
</html>
