<?xml version="1.0" encoding="UTF-8"?>
<!DOCTYPE html PUBLIC "-//W3C//DTD XHTML 1.0 Transitional//EN"
    "http://www.w3.org/TR/xhtml1/DTD/xhtml1-transitional.dtd">
<html xmlns="http://www.w3.org/1999/xhtml" xml:lang="en" lang="en">
 <head>
  <title>
</title>
<meta http-equiv="Content-Type" content="text/html;charset=utf-8" />
  <meta name='ocr-system' content='tesseract 3.04.00' />
  <meta name='ocr-capabilities' content='ocr_page ocr_carea ocr_par ocr_line ocrx_word'/>
</head>
<body>
  <div class='ocr_page' id='page_1' title='image "./povidiinasonisop05oviduoft_0031.png"; bbox 0 0 1830 3220; ppageno 0'>
   <div class='ocr_carea' id='block_1_1' title="bbox 577 200 1157 245">
    <p class='ocr_par' dir='ltr' id='par_1_1' title="bbox 577 200 1157 245">
     <span class='ocr_line' id='line_1_1' title="bbox 577 200 1157 245; baseline 0.003 -2"><span class='ocrx_word' id='word_1_1' title='bbox 577 200 929 244; x_wconf 86' lang='lat' dir='ltr'><strong>FASTORUM</strong></span> <span class='ocrx_word' id='word_1_2' title='bbox 961 202 1084 245; x_wconf 91' lang='lat' dir='ltr'>LIB.</span> <span class='ocrx_word' id='word_1_3' title='bbox 1119 203 1157 245; x_wconf 91' lang='grc' dir='ltr'>Ι.</span> 
     </span>
    </p>
   </div>
   <div class='ocr_carea' id='block_1_2' title="bbox 155 317 1565 850">
    <p class='ocr_par' dir='ltr' id='par_1_2' title="bbox 157 317 1411 460">
     <span class='ocr_line' id='line_1_2' title="bbox 157 317 1411 378; baseline 0.002 -13"><span class='ocrx_word' id='word_1_4' title='bbox 157 317 375 365; x_wconf 77' lang='lat' dir='ltr'>Caesaris</span> <span class='ocrx_word' id='word_1_5' title='bbox 394 333 532 366; x_wconf 88' lang='lat' dir='ltr'>arma</span> <span class='ocrx_word' id='word_1_6' title='bbox 555 325 740 367; x_wconf 88' lang='lat' dir='ltr'>canant</span> <span class='ocrx_word' id='word_1_7' title='bbox 765 319 870 376; x_wconf 86' lang='lat' dir='ltr'>alii;</span> <span class='ocrx_word' id='word_1_8' title='bbox 911 335 1002 367; x_wconf 90' lang='lat' dir='ltr'>nos</span> <span class='ocrx_word' id='word_1_9' title='bbox 1029 319 1248 368; x_wconf 85' lang='lat' dir='ltr'>Caesaris</span> <span class='ocrx_word' id='word_1_10' title='bbox 1273 336 1411 378; x_wconf 86' lang='lat' dir='ltr'>aras;</span> 
     </span>
     <span class='ocr_line' id='line_1_3' title="bbox 222 394 1326 460; baseline 0.004 -18"><span class='ocrx_word' id='word_1_11' title='bbox 222 394 291 443; x_wconf 93' lang='lat' dir='ltr'>Et</span> <span class='ocrx_word' id='word_1_12' title='bbox 315 410 664 460; x_wconf 88' lang='lat' dir='ltr'>quoscumque</span> <span class='ocrx_word' id='word_1_13' title='bbox 690 396 846 444; x_wconf 86' lang='lat' dir='ltr'>sacris</span> <span class='ocrx_word' id='word_1_14' title='bbox 871 395 1068 445; x_wconf 82' lang='lat' dir='ltr'>addidit</span> <span class='ocrx_word' id='word_1_15' title='bbox 1091 398 1175 445; x_wconf 90' lang='lat' dir='ltr'>ille</span> <span class='ocrx_word' id='word_1_16' title='bbox 1199 397 1326 446; x_wconf 78' lang='lat' dir='ltr'>dies,</span> 
     </span>
    </p>

    <p class='ocr_par' dir='ltr' id='par_1_3' title="bbox 155 472 1565 617">
     <span class='ocr_line' id='line_1_4' title="bbox 155 472 1565 539; baseline 0.003 -19"><span class='ocrx_word' id='word_1_17' title='bbox 155 472 337 522; x_wconf 89' lang='lat' dir='ltr'>Annue</span> <span class='ocrx_word' id='word_1_18' title='bbox 362 474 565 522; x_wconf 83' lang='lat' dir='ltr'>conanti</span> <span class='ocrx_word' id='word_1_19' title='bbox 590 491 680 539; x_wconf 87' lang='lat' dir='ltr'>per</span> <span class='ocrx_word' id='word_1_20' title='bbox 703 475 880 523; x_wconf 87' lang='lat' dir='ltr'>laudes</span> <span class='ocrx_word' id='word_1_21' title='bbox 905 475 976 523; x_wconf 89' lang='lat' dir='ltr'>ire</span> <span class='ocrx_word' id='word_1_22' title='bbox 995 482 1224 535; x_wconf 82' lang='lat' dir='ltr'>tuorum3</span> <span class='ocrx_word' id='word_1_23' title='bbox 1506 480 1565 525; x_wconf 85' lang='lat'>15</span> 
     </span>
     <span class='ocr_line' id='line_1_5' title="bbox 225 550 1376 617; baseline 0.004 -20"><span class='ocrx_word' id='word_1_24' title='bbox 225 550 408 616; x_wconf 89' lang='lat' dir='ltr'>Deque</span> <span class='ocrx_word' id='word_1_25' title='bbox 433 568 547 600; x_wconf 90' lang='lat' dir='ltr'>meo</span> <span class='ocrx_word' id='word_1_26' title='bbox 572 552 782 617; x_wconf 89' lang='lat' dir='ltr'>pavidos</span> <span class='ocrx_word' id='word_1_27' title='bbox 807 559 990 600; x_wconf 80' lang='lat' dir='ltr'>excute</span> <span class='ocrx_word' id='word_1_28' title='bbox 1017 553 1167 601; x_wconf 90' lang='lat' dir='ltr'>corde</span> <span class='ocrx_word' id='word_1_29' title='bbox 1193 561 1376 602; x_wconf 90' lang='lat' dir='ltr'>metus.</span> 
     </span>
    </p>

    <p class='ocr_par' dir='ltr' id='par_1_4' title="bbox 156 627 1520 774">
     <span class='ocr_line' id='line_1_6' title="bbox 156 627 1520 695; baseline 0.004 -20"><span class='ocrx_word' id='word_1_30' title='bbox 156 627 237 676; x_wconf 89' lang='lat' dir='ltr'>Da</span> <span class='ocrx_word' id='word_1_31' title='bbox 260 630 383 677; x_wconf 90' lang='lat' dir='ltr'>mihi</span> <span class='ocrx_word' id='word_1_32' title='bbox 407 636 458 678; x_wconf 92' lang='lat' dir='ltr'>te</span> <span class='ocrx_word' id='word_1_33' title='bbox 482 630 768 695; x_wconf 83' lang='lat' dir='ltr'>placidum3</span> <span class='ocrx_word' id='word_1_34' title='bbox 811 631 1014 679; x_wconf 90' lang='lat' dir='ltr'>dederis</span> <span class='ocrx_word' id='word_1_35' title='bbox 1039 631 1090 678; x_wconf 89' lang='lat' dir='ltr'>in</span> <span class='ocrx_word' id='word_1_36' title='bbox 1116 632 1340 680; x_wconf 86' lang='lat' dir='ltr'>carmina</span> <span class='ocrx_word' id='word_1_37' title='bbox 1361 632 1520 681; x_wconf 88' lang='lat' dir='ltr'>vires:</span> 
     </span>
     <span class='ocr_line' id='line_1_7' title="bbox 221 706 1284 774; baseline 0.004 -20"><span class='ocrx_word' id='word_1_38' title='bbox 221 706 489 771; x_wconf 78' lang='lat' dir='ltr'>Ingenium</span> <span class='ocrx_word' id='word_1_39' title='bbox 513 710 656 756; x_wconf 88' lang='lat' dir='ltr'>vultu</span> <span class='ocrx_word' id='word_1_40' title='bbox 682 716 886 774; x_wconf 86' lang='lat' dir='ltr'>statque</span> <span class='ocrx_word' id='word_1_41' title='bbox 913 710 1151 773; x_wconf 81' lang='lat' dir='ltr'>caditque</span> <span class='ocrx_word' id='word_1_42' title='bbox 1178 717 1284 758; x_wconf 89' lang='lat' dir='ltr'>tuo.</span> 
     </span>
    </p>

    <p class='ocr_par' dir='ltr' id='par_1_5' title="bbox 155 784 1280 850">
     <span class='ocr_line' id='line_1_8' title="bbox 155 784 1280 850; baseline 0.001 -18"><span class='ocrx_word' id='word_1_43' title='bbox 155 784 349 848; x_wconf 81' lang='lat' dir='ltr'>Pagina</span> <span class='ocrx_word' id='word_1_44' title='bbox 369 786 617 850; x_wconf 89' lang='lat' dir='ltr'>judicium</span> <span class='ocrx_word' id='word_1_45' title='bbox 638 787 774 835; x_wconf 90' lang='lat' dir='ltr'>docti</span> <span class='ocrx_word' id='word_1_46' title='bbox 801 787 1030 835; x_wconf 86' lang='lat' dir='ltr'>subitura</span> <span class='ocrx_word' id='word_1_47' title='bbox 1053 795 1280 835; x_wconf 88' lang='lat' dir='ltr'>movetur</span> 
     </span>
    </p>
   </div>
   <div class='ocr_carea' id='block_1_3' title="bbox 217 863 1345 930">
    <p class='ocr_par' dir='ltr' id='par_1_6' title="bbox 217 863 1345 930">
     <span class='ocr_line' id='line_1_9' title="bbox 217 863 1345 930; baseline 0.004 -20"><span class='ocrx_word' id='word_1_48' title='bbox 217 863 488 929; x_wconf 86' lang='lat' dir='ltr'>Principis,</span> <span class='ocrx_word' id='word_1_49' title='bbox 516 871 573 912; x_wconf 89' lang='lat' dir='ltr'>ut</span> <span class='ocrx_word' id='word_1_50' title='bbox 599 865 768 913; x_wconf 87' lang='lat' dir='ltr'>Clario</span> <span class='ocrx_word' id='word_1_51' title='bbox 796 866 950 914; x_wconf 88' lang='lat' dir='ltr'>missa</span> <span class='ocrx_word' id='word_1_52' title='bbox 974 867 1192 930; x_wconf 82' lang='lat' dir='ltr'>legenda</span> <span class='ocrx_word' id='word_1_53' title='bbox 1219 866 1345 914; x_wconf 89' lang='lat' dir='ltr'>Deo.</span> 
     </span>
    </p>
   </div>
   <div class='ocr_carea' id='block_1_4' title="bbox 1497 871 1562 914">
    <p class='ocr_par' dir='ltr' id='par_1_7' title="bbox 1497 871 1562 914">
     <span class='ocr_line' id='line_1_10' title="bbox 1497 871 1562 914; baseline 0.015 -1"><span class='ocrx_word' id='word_1_54' title='bbox 1497 871 1562 914; x_wconf 84' lang='lat'>20</span> 
     </span>
    </p>
   </div>
   <div class='ocr_carea' id='block_1_5' title="bbox 153 940 1564 1243">
    <p class='ocr_par' dir='ltr' id='par_1_8' title="bbox 153 940 1564 1243">
     <span class='ocr_line' id='line_1_11' title="bbox 153 940 1358 1001; baseline 0.002 -12"><span class='ocrx_word' id='word_1_55' title='bbox 153 940 281 996; x_wconf 78' lang='lat' dir='ltr'>Quae</span> <span class='ocrx_word' id='word_1_56' title='bbox 308 943 373 990; x_wconf 88' lang='lat' dir='ltr'>sit</span> <span class='ocrx_word' id='word_1_57' title='bbox 397 943 530 991; x_wconf 88' lang='lat' dir='ltr'>enim</span> <span class='ocrx_word' id='word_1_58' title='bbox 555 944 678 992; x_wconf 87' lang='lat' dir='ltr'>culti</span> <span class='ocrx_word' id='word_1_59' title='bbox 704 944 941 993; x_wconf 87' lang='lat' dir='ltr'>facundia</span> <span class='ocrx_word' id='word_1_60' title='bbox 967 945 1216 992; x_wconf 77' lang='lat' dir='ltr'>sensimus</span> <span class='ocrx_word' id='word_1_61' title='bbox 1242 944 1358 1001; x_wconf 89' lang='lat' dir='ltr'>oris,</span> 
     </span>
     <span class='ocr_line' id='line_1_12' title="bbox 222 1020 1360 1087; baseline 0 -19"><span class='ocrx_word' id='word_1_62' title='bbox 222 1020 398 1069; x_wconf 86' lang='lat' dir='ltr'>Civica</span> <span class='ocrx_word' id='word_1_63' title='bbox 421 1038 511 1086; x_wconf 91' lang='lat' dir='ltr'>pro</span> <span class='ocrx_word' id='word_1_64' title='bbox 535 1022 745 1087; x_wconf 87' lang='lat' dir='ltr'>trepidis</span> <span class='ocrx_word' id='word_1_65' title='bbox 767 1039 925 1086; x_wconf 90' lang='lat' dir='ltr'>quum</span> <span class='ocrx_word' id='word_1_66' title='bbox 950 1022 1065 1070; x_wconf 89' lang='lat' dir='ltr'>tulit</span> <span class='ocrx_word' id='word_1_67' title='bbox 1083 1038 1221 1069; x_wconf 87' lang='lat' dir='ltr'>arma</span> <span class='ocrx_word' id='word_1_68' title='bbox 1245 1022 1360 1070; x_wconf 85' lang='lat' dir='ltr'>reis.</span> 
     </span>
     <span class='ocr_line' id='line_1_13' title="bbox 158 1097 1564 1164; baseline 0.002 -19"><span class='ocrx_word' id='word_1_69' title='bbox 158 1097 359 1147; x_wconf 83' lang='lat' dir='ltr'>Scimus</span> <span class='ocrx_word' id='word_1_70' title='bbox 386 1106 452 1156; x_wconf 90' lang='lat' dir='ltr'>et,</span> <span class='ocrx_word' id='word_1_71' title='bbox 471 1100 534 1147; x_wconf 89' lang='lat' dir='ltr'>ad</span> <span class='ocrx_word' id='word_1_72' title='bbox 561 1107 756 1149; x_wconf 88' lang='lat' dir='ltr'>nostras</span> <span class='ocrx_word' id='word_1_73' title='bbox 785 1116 942 1164; x_wconf 87' lang='lat' dir='ltr'>quum</span> <span class='ocrx_word' id='word_1_74' title='bbox 963 1116 1017 1147; x_wconf 90' lang='lat' dir='ltr'>se</span> <span class='ocrx_word' id='word_1_75' title='bbox 1038 1100 1155 1147; x_wconf 89' lang='lat' dir='ltr'>tulit</span> <span class='ocrx_word' id='word_1_76' title='bbox 1176 1100 1394 1164; x_wconf 88' lang='lat' dir='ltr'>impetus</span> <span class='ocrx_word' id='word_1_77' title='bbox 1414 1105 1564 1157; x_wconf 80' lang='lat' dir='ltr'>arteS,</span> 
     </span>
     <span class='ocr_line' id='line_1_14' title="bbox 222 1175 1214 1243; baseline 0.001 -19"><span class='ocrx_word' id='word_1_78' title='bbox 222 1175 420 1240; x_wconf 83' lang='lat' dir='ltr'>Ingenii</span> <span class='ocrx_word' id='word_1_79' title='bbox 446 1186 649 1227; x_wconf 86' lang='lat' dir='ltr'>currant</span> <span class='ocrx_word' id='word_1_80' title='bbox 672 1178 882 1227; x_wconf 85' lang='lat' dir='ltr'>flumina</span> <span class='ocrx_word' id='word_1_81' title='bbox 907 1186 1100 1243; x_wconf 88' lang='lat' dir='ltr'>quanta</span> <span class='ocrx_word' id='word_1_82' title='bbox 1124 1179 1214 1227; x_wconf 89' lang='lat' dir='ltr'>tui.</span> 
     </span>
    </p>
   </div>
   <div class='ocr_carea' id='block_1_6' title="bbox 150 1339 832 2826">
    <p class='ocr_par' dir='ltr' id='par_1_9' title="bbox 150 1339 828 2121">
     <span class='ocr_line' id='line_1_15' title="bbox 199 1339 825 1384; baseline 0.006 -15"><span class='ocrx_word' id='word_1_83' title='bbox 199 1339 250 1370; x_wconf 85' lang='lat'>13.</span> <span class='ocrx_word' id='word_1_84' title='bbox 285 1339 411 1372; x_wconf 83' lang='lat' dir='ltr'>Caesarz&#39;s</span> <span class='ocrx_word' id='word_1_85' title='bbox 433 1352 494 1373; x_wconf 73' lang='lat' dir='ltr'><em>127·ae</em></span> <span class='ocrx_word' id='word_1_86' title='bbox 520 1346 648 1384; x_wconf 83' lang='lat' dir='ltr'>possent</span> <span class='ocrx_word' id='word_1_87' title='bbox 671 1352 739 1373; x_wconf 87' lang='lat' dir='ltr'>esse</span> <span class='ocrx_word' id='word_1_88' title='bbox 764 1352 825 1373; x_wconf 85' lang='lat' dir='ltr'>arae</span> 
     </span>
     <span class='ocr_line' id='line_1_16' title="bbox 154 1388 825 1434; baseline 0.004 -15"><span class='ocrx_word' id='word_1_89' title='bbox 154 1388 274 1420; x_wconf 83' lang='lat' dir='ltr'>Caesari</span> <span class='ocrx_word' id='word_1_90' title='bbox 298 1390 432 1432; x_wconf 84' lang='lat' dir='ltr'>positae3</span> <span class='ocrx_word' id='word_1_91' title='bbox 467 1391 628 1428; x_wconf 82' lang='lat' dir='ltr'>Horatius,</span> <span class='ocrx_word' id='word_1_92' title='bbox 653 1391 700 1423; x_wconf 93' lang='lat' dir='ltr'>II.</span> <span class='ocrx_word' id='word_1_93' title='bbox 721 1392 781 1434; x_wconf 87' lang='lat' dir='ltr'>Ep.</span> <span class='ocrx_word' id='word_1_94' title='bbox 804 1391 825 1423; x_wconf 86' lang='lat' dir='ltr'>i.</span> 
     </span>
     <span class='ocr_line' id='line_1_17' title="bbox 156 1439 825 1483; baseline 0.006 -15"><span class='ocrx_word' id='word_1_95' title='bbox 156 1439 207 1469; x_wconf 89' lang='lat'>15.</span> <span class='ocrx_word' id='word_1_96' title='bbox 252 1439 313 1470; x_wconf 88' lang='lat' dir='ltr'>Sed</span> <span class='ocrx_word' id='word_1_97' title='bbox 335 1440 450 1472; x_wconf 91' lang='lat' dir='ltr'>melius</span> <span class='ocrx_word' id='word_1_98' title='bbox 465 1441 688 1483; x_wconf 79' lang='lat' dir='ltr'>intelliguntur</span> <span class='ocrx_word' id='word_1_99' title='bbox 704 1452 765 1472; x_wconf 86' lang='lat' dir='ltr'>arae</span> <span class='ocrx_word' id='word_1_100' title='bbox 786 1442 825 1473; x_wconf 84' lang='lat' dir='ltr'>ab</span> 
     </span>
     <span class='ocr_line' id='line_1_18' title="bbox 152 1489 827 1533; baseline 0.006 -14"><span class='ocrx_word' id='word_1_101' title='bbox 152 1489 301 1530; x_wconf 86' lang='lat' dir='ltr'>Augusto</span> <span class='ocrx_word' id='word_1_102' title='bbox 314 1489 386 1521; x_wconf 93' lang='lat' dir='ltr'>Diis</span> <span class='ocrx_word' id='word_1_103' title='bbox 402 1490 569 1528; x_wconf 63' lang='lat' dir='ltr'>dedicatae,</span> <span class='ocrx_word' id='word_1_104' title='bbox 585 1490 729 1533; x_wconf 81' lang='lat' dir='ltr'>diesque,</span> <span class='ocrx_word' id='word_1_105' title='bbox 748 1502 827 1533; x_wconf 88' lang='lat' dir='ltr'>quos</span> 
     </span>
     <span class='ocr_line' id='line_1_19' title="bbox 150 1537 826 1583; baseline 0.004 -14"><span class='ocrx_word' id='word_1_106' title='bbox 150 1537 206 1569; x_wconf 89' lang='lat' dir='ltr'>ille</span> <span class='ocrx_word' id='word_1_107' title='bbox 230 1549 335 1571; x_wconf 85' lang='lat' dir='ltr'>sacros</span> <span class='ocrx_word' id='word_1_108' title='bbox 356 1550 424 1572; x_wconf 89' lang='lat' dir='ltr'>esse</span> <span class='ocrx_word' id='word_1_109' title='bbox 438 1540 545 1583; x_wconf 83' lang='lat' dir='ltr'>jussit.</span> <span class='ocrx_word' id='word_1_110' title='bbox 594 1541 624 1572; x_wconf 82' lang='lat' dir='ltr'><strong>A</strong></span> <span class='ocrx_word' id='word_1_111' title='bbox 647 1540 736 1572; x_wconf 86' lang='lat' dir='ltr'>Livio</span> <span class='ocrx_word' id='word_1_112' title='bbox 757 1541 826 1573; x_wconf 91' lang='lat' dir='ltr'>Au-</span> 
     </span>
     <span class='ocr_line' id='line_1_20' title="bbox 150 1589 827 1631; baseline 0.001 -11"><span class='ocrx_word' id='word_1_113' title='bbox 150 1595 262 1630; x_wconf 85' lang='lat' dir='ltr'>gustus</span> <span class='ocrx_word' id='word_1_114' title='bbox 285 1589 391 1621; x_wconf 89' lang='lat' dir='ltr'>dictus</span> <span class='ocrx_word' id='word_1_115' title='bbox 420 1596 468 1621; x_wconf 87' lang='lat' dir='ltr'>est</span> <span class='ocrx_word' id='word_1_116' title='bbox 492 1592 669 1631; x_wconf 82' lang='lat' dir='ltr'>templorum</span> <span class='ocrx_word' id='word_1_117' title='bbox 694 1593 827 1622; x_wconf 74' lang='lat' dir='ltr'>omnium</span> 
     </span>
     <span class='ocr_line' id='line_1_21' title="bbox 152 1640 826 1676; baseline 0.004 -8"><span class='ocrx_word' id='word_1_118' title='bbox 152 1640 301 1676; x_wconf 80' lang='lat' dir='ltr'>conditor,</span> <span class='ocrx_word' id='word_1_119' title='bbox 316 1648 372 1670; x_wconf 82' lang='lat' dir='ltr'>aut</span> <span class='ocrx_word' id='word_1_120' title='bbox 386 1642 557 1671; x_wconf 77' lang='lat' dir='ltr'>restitutor.</span> <span class='ocrx_word' id='word_1_121' title='bbox 582 1640 666 1671; x_wconf 86' lang='lat' dir='ltr'>Vide</span> <span class='ocrx_word' id='word_1_122' title='bbox 683 1640 826 1672; x_wconf 84' lang='lat' dir='ltr'>Casaub.</span> 
     </span>
     <span class='ocr_line' id='line_1_22' title="bbox 151 1688 828 1732; baseline 0.003 -12"><span class='ocrx_word' id='word_1_123' title='bbox 151 1688 191 1720; x_wconf 84' lang='lat' dir='ltr'>ad</span> <span class='ocrx_word' id='word_1_124' title='bbox 222 1689 417 1727; x_wconf 87' lang='lat' dir='ltr'>Suetonium,</span> <span class='ocrx_word' id='word_1_125' title='bbox 446 1690 583 1732; x_wconf 84' lang='lat' dir='ltr'>August.</span> <span class='ocrx_word' id='word_1_126' title='bbox 612 1691 666 1722; x_wconf 88' lang='lat'>30.</span> <span class='ocrx_word' id='word_1_127' title='bbox 712 1690 828 1722; x_wconf 83' lang='lat' dir='ltr'>Confer</span> 
     </span>
     <span class='ocr_line' id='line_1_23' title="bbox 151 1738 824 1776; baseline 0.001 -7"><span class='ocrx_word' id='word_1_128' title='bbox 151 1738 235 1770; x_wconf 81' lang='lat' dir='ltr'>infra</span> <span class='ocrx_word' id='word_1_129' title='bbox 256 1739 291 1770; x_wconf 91' lang='lat' dir='ltr'>ii.</span> <span class='ocrx_word' id='word_1_130' title='bbox 314 1740 370 1771; x_wconf 88' lang='grc'>59.</span> <span class='ocrx_word' id='word_1_131' title='bbox 418 1741 482 1771; x_wconf 74' lang='lat' dir='ltr'>Per</span> <span class='ocrx_word' id='word_1_132' title='bbox 505 1741 610 1771; x_wconf 76' lang='lat' dir='ltr'>laudes</span> <span class='ocrx_word' id='word_1_133' title='bbox 631 1739 762 1771; x_wconf 89' lang='lat' dir='ltr'>aliorum</span> <span class='ocrx_word' id='word_1_134' title='bbox 786 1742 824 1776; x_wconf 78' lang='lat' dir='ltr'>it,</span> 
     </span>
     <span class='ocr_line' id='line_1_24' title="bbox 152 1788 828 1830; baseline 0.001 -11"><span class='ocrx_word' id='word_1_135' title='bbox 152 1788 207 1830; x_wconf 90' lang='lat' dir='ltr'>qui</span> <span class='ocrx_word' id='word_1_136' title='bbox 233 1799 288 1820; x_wconf 84' lang='lat' dir='ltr'>eas</span> <span class='ocrx_word' id='word_1_137' title='bbox 311 1794 440 1826; x_wconf 84' lang='lat' dir='ltr'>tractat,</span> <span class='ocrx_word' id='word_1_138' title='bbox 463 1795 627 1827; x_wconf 81' lang='lat' dir='ltr'>recenset3</span> <span class='ocrx_word' id='word_1_139' title='bbox 651 1789 683 1820; x_wconf 92' lang='lat' dir='ltr'>ii.</span> <span class='ocrx_word' id='word_1_140' title='bbox 704 1790 756 1820; x_wconf 95' lang='lat'>16.</span> <span class='ocrx_word' id='word_1_141' title='bbox 772 1800 828 1829; x_wconf 85' lang='lat' dir='ltr'>per</span> 
     </span>
     <span class='ocr_line' id='line_1_25' title="bbox 151 1840 825 1882; baseline 0 -13"><span class='ocrx_word' id='word_1_142' title='bbox 151 1840 257 1870; x_wconf 79' lang='lat' dir='ltr'>titulos</span> <span class='ocrx_word' id='word_1_143' title='bbox 268 1841 463 1881; x_wconf 78' lang='lat' dir='ltr'>ingredimur</span> <span class='ocrx_word' id='word_1_144' title='bbox 477 1847 553 1870; x_wconf 74' lang='lat' dir='ltr'>tuos.</span> <span class='ocrx_word' id='word_1_145' title='bbox 585 1840 748 1882; x_wconf 74' lang='lat' dir='ltr'>Ingenium</span> <span class='ocrx_word' id='word_1_146' title='bbox 761 1847 825 1878; x_wconf 75' lang='lat' dir='ltr'>tuo,-</span> 
     </span>
     <span class='ocr_line' id='line_1_26' title="bbox 151 1887 828 1931; baseline 0.001 -12"><span class='ocrx_word' id='word_1_147' title='bbox 151 1887 315 1930; x_wconf 81' lang='lat' dir='ltr'>ingenium</span> <span class='ocrx_word' id='word_1_148' title='bbox 337 1900 444 1920; x_wconf 91' lang='lat' dir='ltr'>meum</span> <span class='ocrx_word' id='word_1_149' title='bbox 467 1889 554 1920; x_wconf 86' lang='lat' dir='ltr'>valet</span> <span class='ocrx_word' id='word_1_150' title='bbox 581 1895 636 1920; x_wconf 90' lang='lat' dir='ltr'>aut</span> <span class='ocrx_word' id='word_1_151' title='bbox 664 1889 828 1931; x_wconf 83' lang='lat' dir='ltr'>frangitur,</span> 
     </span>
     <span class='ocr_line' id='line_1_27' title="bbox 151 1938 826 1981; baseline 0.001 -12"><span class='ocrx_word' id='word_1_152' title='bbox 151 1944 246 1981; x_wconf 90' lang='lat' dir='ltr'>prout</span> <span class='ocrx_word' id='word_1_153' title='bbox 271 1944 306 1970; x_wconf 89' lang='lat' dir='ltr'>tu</span> <span class='ocrx_word' id='word_1_154' title='bbox 321 1939 413 1970; x_wconf 90' lang='lat' dir='ltr'>vultu</span> <span class='ocrx_word' id='word_1_155' title='bbox 431 1940 481 1970; x_wconf 91' lang='lat' dir='ltr'>vel</span> <span class='ocrx_word' id='word_1_156' title='bbox 508 1949 627 1976; x_wconf 83' lang='lat' dir='ltr'>sereno,</span> <span class='ocrx_word' id='word_1_157' title='bbox 644 1939 694 1970; x_wconf 92' lang='lat' dir='ltr'>vel</span> <span class='ocrx_word' id='word_1_158' title='bbox 717 1938 826 1981; x_wconf 91' lang='lat' dir='ltr'>iniquo</span> 
     </span>
     <span class='ocr_line' id='line_1_28' title="bbox 153 1988 825 2032; baseline 0.001 -13"><span class='ocrx_word' id='word_1_159' title='bbox 153 1999 204 2020; x_wconf 90' lang='lat' dir='ltr'>me</span> <span class='ocrx_word' id='word_1_160' title='bbox 221 1989 360 2032; x_wconf 83' lang='lat' dir='ltr'>respicis.</span> <span class='ocrx_word' id='word_1_161' title='bbox 392 1990 454 2021; x_wconf 94' lang='lat' dir='ltr'>IV.</span> <span class='ocrx_word' id='word_1_162' title='bbox 469 1999 508 2021; x_wconf 90' lang='lat' dir='ltr'>ex</span> <span class='ocrx_word' id='word_1_163' title='bbox 525 1990 618 2020; x_wconf 88' lang='lat' dir='ltr'>Pont.</span> <span class='ocrx_word' id='word_1_164' title='bbox 632 1988 699 2020; x_wconf 90' lang='lat' dir='ltr'>viii.</span> <span class='ocrx_word' id='word_1_165' title='bbox 715 1990 768 2021; x_wconf 88' lang='lat'>68.</span> <span class='ocrx_word' id='word_1_166' title='bbox 785 1990 825 2020; x_wconf 91' lang='lat' dir='ltr'>ad</span> 
     </span>
     <span class='ocr_line' id='line_1_29' title="bbox 151 2039 826 2083; baseline 0.003 -13"><span class='ocrx_word' id='word_1_167' title='bbox 151 2039 299 2071; x_wconf 91' lang='lat' dir='ltr'>eumdem</span> <span class='ocrx_word' id='word_1_168' title='bbox 317 2039 555 2076; x_wconf 86' lang='lat' dir='ltr'>Germanicum,</span> <span class='ocrx_word' id='word_1_169' title='bbox 572 2044 593 2058; x_wconf 88' lang='lat'><em>“</em></span> <span class='ocrx_word' id='word_1_170' title='bbox 607 2040 627 2072; x_wconf 91' lang='lat' dir='ltr'>J</span> <span class='ocrx_word' id='word_1_171' title='bbox 630 2039 735 2071; x_wconf 86' lang='lat' dir='ltr'>udicio</span> <span class='ocrx_word' id='word_1_172' title='bbox 757 2050 826 2083; x_wconf 90' lang='lat' dir='ltr'>pre-</span> 
     </span>
     <span class='ocr_line' id='line_1_30' title="bbox 153 2089 591 2121; baseline 0.002 -1"><span class='ocrx_word' id='word_1_173' title='bbox 153 2089 232 2120; x_wconf 91' lang='lat' dir='ltr'>tium</span> <span class='ocrx_word' id='word_1_174' title='bbox 245 2100 294 2121; x_wconf 83' lang='lat' dir='ltr'>res</span> <span class='ocrx_word' id='word_1_175' title='bbox 309 2089 406 2121; x_wconf 87' lang='lat' dir='ltr'>habet</span> <span class='ocrx_word' id='word_1_176' title='bbox 421 2089 483 2121; x_wconf 86' lang='lat' dir='ltr'>ista</span> <span class='ocrx_word' id='word_1_177' title='bbox 498 2089 591 2121; x_wconf 86' lang='lat' dir='ltr'>tuo.&#39;&#39;</span> 
     </span>
    </p>

    <p class='ocr_par' dir='ltr' id='par_1_10' title="bbox 153 2138 832 2826">
     <span class='ocr_line' id='line_1_31' title="bbox 200 2138 825 2181; baseline 0.002 -12"><span class='ocrx_word' id='word_1_178' title='bbox 200 2139 251 2170; x_wconf 89' lang='grc'>19.</span> <span class='ocrx_word' id='word_1_179' title='bbox 277 2139 411 2181; x_wconf 80' lang='lat' dir='ltr'>Pagina,</span> <span class='ocrx_word' id='word_1_180' title='bbox 423 2139 522 2178; x_wconf 90' lang='lat' dir='ltr'>liber;</span> <span class='ocrx_word' id='word_1_181' title='bbox 544 2139 590 2171; x_wconf 88' lang='lat' dir='ltr'>iii.</span> <span class='ocrx_word' id='word_1_182' title='bbox 607 2140 687 2171; x_wconf 89' lang='lat'>791:</span> <span class='ocrx_word' id='word_1_183' title='bbox 713 2138 746 2170; x_wconf 89' lang='lat' dir='ltr'>in</span> <span class='ocrx_word' id='word_1_184' title='bbox 761 2139 825 2181; x_wconf 90' lang='lat' dir='ltr'>pri·</span> 
     </span>
     <span class='ocr_line' id='line_1_32' title="bbox 153 2188 828 2221; baseline 0.001 -2"><span class='ocrx_word' id='word_1_185' title='bbox 153 2188 212 2220; x_wconf 88' lang='lat' dir='ltr'>mis</span> <span class='ocrx_word' id='word_1_186' title='bbox 223 2189 264 2220; x_wconf 88' lang='lat' dir='ltr'>de</span> <span class='ocrx_word' id='word_1_187' title='bbox 277 2189 381 2220; x_wconf 87' lang='lat' dir='ltr'>Fastis</span> <span class='ocrx_word' id='word_1_188' title='bbox 395 2189 570 2221; x_wconf 78' lang='lat' dir='ltr'>dicebatur.</span> <span class='ocrx_word' id='word_1_189' title='bbox 594 2189 671 2221; x_wconf 91' lang='lat' dir='ltr'>Vid.</span> <span class='ocrx_word' id='word_1_190' title='bbox 682 2189 828 2220; x_wconf 83' lang='lat' dir='ltr'>Schwar-</span> 
     </span>
     <span class='ocr_line' id='line_1_33' title="bbox 153 2238 828 2282; baseline 0 -12"><span class='ocrx_word' id='word_1_191' title='bbox 153 2238 219 2271; x_wconf 88' lang='lat' dir='ltr'>zius</span> <span class='ocrx_word' id='word_1_192' title='bbox 243 2239 284 2271; x_wconf 86' lang='lat' dir='ltr'>ad</span> <span class='ocrx_word' id='word_1_193' title='bbox 307 2239 459 2277; x_wconf 86' lang='lat' dir='ltr'>Plinium,</span> <span class='ocrx_word' id='word_1_194' title='bbox 482 2251 600 2282; x_wconf 84' lang='lat' dir='ltr'>paneg.</span> <span class='ocrx_word' id='word_1_195' title='bbox 625 2241 680 2271; x_wconf 89' lang='lat'>92.</span> <span class='ocrx_word' id='word_1_196' title='bbox 728 2240 766 2270; x_wconf 90' lang='lat' dir='ltr'>In</span> <span class='ocrx_word' id='word_1_197' title='bbox 790 2240 828 2270; x_wconf 89' lang='lat' dir='ltr'>li-</span> 
     </span>
     <span class='ocr_line' id='line_1_34' title="bbox 154 2288 829 2331; baseline 0 -11"><span class='ocrx_word' id='word_1_198' title='bbox 154 2289 245 2320; x_wconf 90' lang='lat' dir='ltr'>brum</span> <span class='ocrx_word' id='word_1_199' title='bbox 269 2289 380 2320; x_wconf 83' lang='lat' dir='ltr'>transit</span> <span class='ocrx_word' id='word_1_200' title='bbox 399 2295 504 2320; x_wconf 86' lang='lat' dir='ltr'>metus</span> <span class='ocrx_word' id='word_1_201' title='bbox 527 2288 686 2328; x_wconf 81' lang='lat' dir='ltr'>auctoris3</span> <span class='ocrx_word' id='word_1_202' title='bbox 719 2289 829 2331; x_wconf 85' lang='lat' dir='ltr'>itaque</span> 
     </span>
     <span class='ocr_line' id='line_1_35' title="bbox 153 2339 830 2381; baseline 0 -11"><span class='ocrx_word' id='word_1_203' title='bbox 153 2346 289 2371; x_wconf 79' lang='lat' dir='ltr'>movetur</span> <span class='ocrx_word' id='word_1_204' title='bbox 304 2341 489 2376; x_wconf 89' lang='lat' dir='ltr'>reverentia,</span> <span class='ocrx_word' id='word_1_205' title='bbox 499 2346 663 2381; x_wconf 79' lang='lat' dir='ltr'>tamquam</span> <span class='ocrx_word' id='word_1_206' title='bbox 676 2339 788 2381; x_wconf 83' lang='lat' dir='ltr'>legend</span> <span class='ocrx_word' id='word_1_207' title='bbox 796 2350 830 2370; x_wconf 89' lang='lat' dir='ltr'>us</span> 
     </span>
     <span class='ocr_line' id='line_1_36' title="bbox 154 2388 829 2432; baseline 0 -12"><span class='ocrx_word' id='word_1_208' title='bbox 154 2389 330 2421; x_wconf 83' lang='lat' dir='ltr'>mitteretur</span> <span class='ocrx_word' id='word_1_209' title='bbox 356 2389 511 2432; x_wconf 82' lang='lat' dir='ltr'>Apollini.</span> <span class='ocrx_word' id='word_1_210' title='bbox 558 2389 609 2421; x_wconf 89' lang='lat' dir='ltr'>De</span> <span class='ocrx_word' id='word_1_211' title='bbox 632 2390 737 2420; x_wconf 78' lang='lat' dir='ltr'>Clario</span> <span class='ocrx_word' id='word_1_212' title='bbox 756 2388 829 2420; x_wconf 89' lang='lat' dir='ltr'>vide</span> 
     </span>
     <span class='ocr_line' id='line_1_37' title="bbox 155 2440 830 2472; baseline 0 -1"><span class='ocrx_word' id='word_1_213' title='bbox 155 2440 197 2471; x_wconf 83' lang='lat' dir='ltr'>ad</span> <span class='ocrx_word' id='word_1_214' title='bbox 218 2441 353 2471; x_wconf 83' lang='lat' dir='ltr'>Metam.</span> <span class='ocrx_word' id='word_1_215' title='bbox 371 2440 394 2470; x_wconf 93' lang='lat' dir='ltr'>i.</span> <span class='ocrx_word' id='word_1_216' title='bbox 417 2442 493 2472; x_wconf 87' lang='lat'>515.</span> <span class='ocrx_word' id='word_1_217' title='bbox 543 2440 726 2471; x_wconf 60' lang='lat' dir='ltr'>Docti-inam</span> <span class='ocrx_word' id='word_1_218' title='bbox 750 2440 830 2471; x_wconf 85' lang='lat' dir='ltr'>Ger-</span> 
     </span>
     <span class='ocr_line' id='line_1_38' title="bbox 154 2489 831 2526; baseline 0 -6"><span class='ocrx_word' id='word_1_219' title='bbox 154 2489 272 2521; x_wconf 88' lang='lat' dir='ltr'>manici</span> <span class='ocrx_word' id='word_1_220' title='bbox 298 2500 369 2521; x_wconf 89' lang='lat' dir='ltr'>vere</span> <span class='ocrx_word' id='word_1_221' title='bbox 399 2489 520 2526; x_wconf 86' lang='lat' dir='ltr'>laudat,</span> <span class='ocrx_word' id='word_1_222' title='bbox 549 2495 582 2520; x_wconf 88' lang='lat' dir='ltr'>et</span> <span class='ocrx_word' id='word_1_223' title='bbox 607 2489 770 2521; x_wconf 88' lang='lat' dir='ltr'>commode</span> <span class='ocrx_word' id='word_1_224' title='bbox 799 2489 831 2521; x_wconf 89' lang='lat' dir='ltr'>in</span> 
     </span>
     <span class='ocr_line' id='line_1_39' title="bbox 155 2539 831 2571; baseline 0.001 -2"><span class='ocrx_word' id='word_1_225' title='bbox 155 2539 353 2571; x_wconf 82' lang='lat' dir='ltr'>dedicatione</span> <span class='ocrx_word' id='word_1_226' title='bbox 377 2539 538 2571; x_wconf 81' lang='lat' dir='ltr'>carminis.</span> <span class='ocrx_word' id='word_1_227' title='bbox 584 2539 702 2571; x_wconf 81' lang='lat' dir='ltr'>Confer</span> <span class='ocrx_word' id='word_1_228' title='bbox 726 2539 831 2571; x_wconf 90' lang='lat' dir='ltr'>locum</span> 
     </span>
     <span class='ocr_line' id='line_1_40' title="bbox 155 2589 827 2632; baseline 0.001 -13"><span class='ocrx_word' id='word_1_229' title='bbox 155 2589 310 2631; x_wconf 84' lang='lat' dir='ltr'>insignem</span> <span class='ocrx_word' id='word_1_230' title='bbox 327 2589 372 2620; x_wconf 93' lang='lat' dir='ltr'>II.</span> <span class='ocrx_word' id='word_1_231' title='bbox 388 2600 425 2620; x_wconf 89' lang='lat' dir='ltr'>ex</span> <span class='ocrx_word' id='word_1_232' title='bbox 444 2590 537 2620; x_wconf 91' lang='lat' dir='ltr'>Pont.</span> <span class='ocrx_word' id='word_1_233' title='bbox 551 2601 582 2621; x_wconf 88' lang='lat' dir='ltr'>v.</span> <span class='ocrx_word' id='word_1_234' title='bbox 599 2590 640 2621; x_wconf 79' lang='lat'>49</span> <span class='ocrx_word' id='word_1_235' title='bbox 656 2600 715 2632; x_wconf 89' lang='lat' dir='ltr'>sqq</span> <span class='ocrx_word' id='word_1_236' title='bbox 729 2602 737 2627; x_wconf 89' lang='lat'>;</span> <span class='ocrx_word' id='word_1_237' title='bbox 760 2596 827 2620; x_wconf 82' lang='lat' dir='ltr'>tum</span> 
     </span>
     <span class='ocr_line' id='line_1_41' title="bbox 155 2639 831 2681; baseline 0.003 -12"><span class='ocrx_word' id='word_1_238' title='bbox 155 2639 341 2670; x_wconf 85' lang='lat' dir='ltr'>Suetonium</span> <span class='ocrx_word' id='word_1_239' title='bbox 367 2639 472 2681; x_wconf 81' lang='lat' dir='ltr'>Calig.</span> <span class='ocrx_word' id='word_1_240' title='bbox 495 2640 525 2670; x_wconf 89' lang='lat'>4.</span> <span class='ocrx_word' id='word_1_241' title='bbox 546 2639 601 2671; x_wconf 90' lang='lat' dir='ltr'>ubi</span> <span class='ocrx_word' id='word_1_242' title='bbox 629 2639 658 2671; x_wconf 93' lang='lat' dir='ltr'>ei</span> <span class='ocrx_word' id='word_1_243' title='bbox 682 2639 831 2671; x_wconf 84' lang='lat' dir='ltr'>tribuitur</span> 
     </span>
     <span class='ocr_line' id='line_1_42' title="bbox 157 2688 829 2732; baseline 0.001 -13"><span class='ocrx_word' id='word_1_244' title='bbox 157 2688 366 2731; x_wconf 83' lang='lat' dir='ltr'>“ingenium</span> <span class='ocrx_word' id='word_1_245' title='bbox 399 2690 432 2721; x_wconf 83' lang='lat' dir='ltr'>in</span> <span class='ocrx_word' id='word_1_246' title='bbox 467 2695 601 2732; x_wconf 84' lang='lat' dir='ltr'>utroque</span> <span class='ocrx_word' id='word_1_247' title='bbox 638 2689 829 2731; x_wconf 73' lang='lat' dir='ltr'>eloquentiae</span> 
     </span>
     <span class='ocr_line' id='line_1_43' title="bbox 157 2738 829 2782; baseline 0.001 -13"><span class='ocrx_word' id='word_1_248' title='bbox 157 2738 372 2781; x_wconf 87' lang='lat' dir='ltr'>doctrinaeque</span> <span class='ocrx_word' id='word_1_249' title='bbox 383 2750 498 2781; x_wconf 84' lang='lat' dir='ltr'>genere</span> <span class='ocrx_word' id='word_1_250' title='bbox 508 2739 729 2782; x_wconf 87' lang='lat' dir='ltr'>praecellens.&#39;&#39;</span> <span class='ocrx_word' id='word_1_251' title='bbox 751 2740 829 2770; x_wconf 87' lang='lat' dir='ltr'>Mox</span> 
     </span>
     <span class='ocr_line' id='line_1_44' title="bbox 161 2788 832 2826; baseline 0 -6"><span class='ocrx_word' id='word_1_252' title='bbox 161 2788 300 2826; x_wconf 79' lang='lat' dir='ltr'>additur,</span> <span class='ocrx_word' id='word_1_253' title='bbox 316 2794 338 2807; x_wconf 84' lang='lat'>“</span> <span class='ocrx_word' id='word_1_254' title='bbox 355 2789 470 2821; x_wconf 82' lang='lat' dir='ltr'>Oravit</span> <span class='ocrx_word' id='word_1_255' title='bbox 481 2800 594 2821; x_wconf 83' lang='lat' dir='ltr'>causas</span> <span class='ocrx_word' id='word_1_256' title='bbox 608 2789 705 2821; x_wconf 77' lang='lat' dir='ltr'>etiam</span> <span class='ocrx_word' id='word_1_257' title='bbox 722 2789 832 2821; x_wconf 87' lang='lat' dir='ltr'>trium-</span> 
     </span>
    </p>
   </div>
   <div class='ocr_carea' id='block_1_7' title="bbox 891 1340 1571 2832">
    <p class='ocr_par' dir='ltr' id='par_1_11' title="bbox 891 1340 1571 2832">
     <span class='ocr_line' id='line_1_45' title="bbox 893 1340 1566 1384; baseline -0.001 -11"><span class='ocrx_word' id='word_1_258' title='bbox 893 1341 1016 1384; x_wconf 84' lang='lat' dir='ltr'>phales,</span> <span class='ocrx_word' id='word_1_259' title='bbox 1033 1347 1130 1384; x_wconf 87' lang='lat' dir='ltr'>atque</span> <span class='ocrx_word' id='word_1_260' title='bbox 1153 1341 1236 1373; x_wconf 88' lang='lat' dir='ltr'>inter</span> <span class='ocrx_word' id='word_1_261' title='bbox 1257 1346 1373 1372; x_wconf 84' lang='lat' dir='ltr'>caetera</span> <span class='ocrx_word' id='word_1_262' title='bbox 1394 1340 1566 1372; x_wconf 88' lang='lat' dir='ltr'>studiorum</span> 
     </span>
     <span class='ocr_line' id='line_1_46' title="bbox 894 1391 1569 1434; baseline -0.001 -12"><span class='ocrx_word' id='word_1_263' title='bbox 894 1399 1101 1424; x_wconf 86' lang='lat' dir='ltr'>monumenta</span> <span class='ocrx_word' id='word_1_264' title='bbox 1131 1392 1259 1434; x_wconf 88' lang='lat' dir='ltr'>reliquit</span> <span class='ocrx_word' id='word_1_265' title='bbox 1288 1391 1462 1422; x_wconf 83' lang='lat' dir='ltr'>comoedias</span> <span class='ocrx_word' id='word_1_266' title='bbox 1490 1402 1569 1432; x_wconf 75' lang='lat' dir='ltr'>grae-</span> 
     </span>
     <span class='ocr_line' id='line_1_47' title="bbox 895 1441 1569 1484; baseline -0.004 -10"><span class='ocrx_word' id='word_1_267' title='bbox 895 1442 985 1474; x_wconf 76' lang='lat' dir='ltr'>caS.’&#39;</span> <span class='ocrx_word' id='word_1_268' title='bbox 1034 1444 1085 1474; x_wconf 92' lang='lat' dir='ltr'>De</span> <span class='ocrx_word' id='word_1_269' title='bbox 1110 1442 1224 1478; x_wconf 83' lang='lat' dir='ltr'>causis,</span> <span class='ocrx_word' id='word_1_270' title='bbox 1241 1452 1321 1484; x_wconf 85' lang='lat' dir='ltr'>quas</span> <span class='ocrx_word' id='word_1_271' title='bbox 1345 1442 1378 1472; x_wconf 93' lang='lat' dir='ltr'>in</span> <span class='ocrx_word' id='word_1_272' title='bbox 1403 1441 1467 1471; x_wconf 89' lang='lat' dir='ltr'>soro</span> <span class='ocrx_word' id='word_1_273' title='bbox 1493 1441 1569 1483; x_wconf 84' lang='lat' dir='ltr'>egit,</span> 
     </span>
     <span class='ocr_line' id='line_1_48' title="bbox 894 1491 1569 1533; baseline -0.004 -9"><span class='ocrx_word' id='word_1_274' title='bbox 894 1493 978 1524; x_wconf 84' lang='lat' dir='ltr'>conf.</span> <span class='ocrx_word' id='word_1_275' title='bbox 994 1492 1058 1524; x_wconf 91' lang='lat' dir='ltr'>Dio</span> <span class='ocrx_word' id='word_1_276' title='bbox 1075 1492 1163 1523; x_wconf 81' lang='lat' dir='ltr'>Cass.</span> <span class='ocrx_word' id='word_1_277' title='bbox 1179 1491 1236 1523; x_wconf 86' lang='lat' dir='ltr'>lvi.</span> <span class='ocrx_word' id='word_1_278' title='bbox 1253 1492 1307 1523; x_wconf 89' lang='lat'>26.</span> <span class='ocrx_word' id='word_1_279' title='bbox 1345 1491 1569 1533; x_wconf 81' lang='lat' dir='ltr'>Eloquentiam</span> 
     </span>
     <span class='ocr_line' id='line_1_49' title="bbox 895 1540 1569 1583; baseline -0.004 -9"><span class='ocrx_word' id='word_1_280' title='bbox 895 1542 1097 1574; x_wconf 81' lang='lat' dir='ltr'>commendat</span> <span class='ocrx_word' id='word_1_281' title='bbox 1119 1542 1159 1572; x_wconf 90' lang='lat' dir='ltr'>ab</span> <span class='ocrx_word' id='word_1_282' title='bbox 1181 1540 1399 1573; x_wconf 85' lang='lat' dir='ltr'>honestissimo</span> <span class='ocrx_word' id='word_1_283' title='bbox 1415 1541 1483 1583; x_wconf 90' lang='lat' dir='ltr'>ejus</span> <span class='ocrx_word' id='word_1_284' title='bbox 1499 1552 1569 1577; x_wconf 88' lang='lat' dir='ltr'>usu,</span> 
     </span>
     <span class='ocr_line' id='line_1_50' title="bbox 895 1591 1569 1628; baseline -0.001 -5"><span class='ocrx_word' id='word_1_285' title='bbox 895 1598 929 1623; x_wconf 93' lang='lat' dir='ltr'>ut</span> <span class='ocrx_word' id='word_1_286' title='bbox 952 1592 1116 1628; x_wconf 86' lang='lat' dir='ltr'>Horatius,</span> <span class='ocrx_word' id='word_1_287' title='bbox 1135 1592 1183 1622; x_wconf 90' lang='grc' dir='ltr'>ΙΙ.</span> <span class='ocrx_word' id='word_1_288' title='bbox 1206 1591 1270 1623; x_wconf 89' lang='lat' dir='ltr'>Od.</span> <span class='ocrx_word' id='word_1_289' title='bbox 1285 1591 1309 1622; x_wconf 91' lang='lat' dir='ltr'>i.</span> <span class='ocrx_word' id='word_1_290' title='bbox 1328 1593 1377 1623; x_wconf 87' lang='lat'>13.</span> <span class='ocrx_word' id='word_1_291' title='bbox 1393 1591 1446 1622; x_wconf 92' lang='lat' dir='ltr'>ubi</span> <span class='ocrx_word' id='word_1_292' title='bbox 1468 1591 1569 1622; x_wconf 92' lang='lat' dir='ltr'>Pollio</span> 
     </span>
     <span class='ocr_line' id='line_1_51' title="bbox 893 1640 1499 1684; baseline -0.003 -11"><span class='ocrx_word' id='word_1_293' title='bbox 893 1646 914 1660; x_wconf 88' lang='lat'><strong>“</strong></span> <span class='ocrx_word' id='word_1_294' title='bbox 931 1641 1054 1684; x_wconf 85' lang='lat' dir='ltr'>insigne</span> <span class='ocrx_word' id='word_1_295' title='bbox 1069 1641 1192 1672; x_wconf 82' lang='lat' dir='ltr'>moestis</span> <span class='ocrx_word' id='word_1_296' title='bbox 1206 1641 1388 1684; x_wconf 83' lang='lat' dir='ltr'>praesidium</span> <span class='ocrx_word' id='word_1_297' title='bbox 1404 1640 1499 1672; x_wconf 86' lang='lat' dir='ltr'>reis.&#39;&#39;</span> 
     </span>
     <span class='ocr_line' id='line_1_52' title="bbox 938 1690 1567 1734; baseline -0.005 -11"><span class='ocrx_word' id='word_1_298' title='bbox 938 1693 994 1723; x_wconf 83' lang='lat'>23.</span> <span class='ocrx_word' id='word_1_299' title='bbox 1020 1691 1165 1732; x_wconf 77' lang='lat' dir='ltr'>Impetus,</span> <span class='ocrx_word' id='word_1_300' title='bbox 1187 1691 1283 1727; x_wconf 87' lang='lat' dir='ltr'>calor,</span> <span class='ocrx_word' id='word_1_301' title='bbox 1299 1690 1438 1734; x_wconf 84' lang='lat' dir='ltr'>spiritus,</span> <span class='ocrx_word' id='word_1_302' title='bbox 1454 1690 1567 1721; x_wconf 89' lang='lat' dir='ltr'>enthu-</span> 
     </span>
     <span class='ocr_line' id='line_1_53' title="bbox 894 1740 1569 1783; baseline -0.003 -10"><span class='ocrx_word' id='word_1_303' title='bbox 894 1741 1028 1773; x_wconf 78' lang='lat' dir='ltr'>siasmus</span> <span class='ocrx_word' id='word_1_304' title='bbox 1044 1741 1199 1783; x_wconf 82' lang='lat' dir='ltr'>poeticus,</span> <span class='ocrx_word' id='word_1_305' title='bbox 1215 1741 1311 1771; x_wconf 85' lang='lat' dir='ltr'>etiarn</span> <span class='ocrx_word' id='word_1_306' title='bbox 1331 1741 1371 1771; x_wconf 92' lang='lat' dir='ltr'>vi.</span> <span class='ocrx_word' id='word_1_307' title='bbox 1388 1741 1429 1779; x_wconf 74' lang='lat'>63</span> <span class='ocrx_word' id='word_1_308' title='bbox 1454 1740 1513 1772; x_wconf 86' lang='lat' dir='ltr'>IV.</span> <span class='ocrx_word' id='word_1_309' title='bbox 1530 1751 1569 1772; x_wconf 86' lang='lat' dir='ltr'>ex</span> 
     </span>
     <span class='ocr_line' id='line_1_54' title="bbox 895 1790 1568 1831; baseline -0.003 -9"><span class='ocrx_word' id='word_1_310' title='bbox 895 1791 1011 1827; x_wconf 84' lang='lat' dir='ltr'>Ponto,</span> <span class='ocrx_word' id='word_1_311' title='bbox 1038 1790 1072 1821; x_wconf 84' lang='lat' dir='ltr'>ii.</span> <span class='ocrx_word' id='word_1_312' title='bbox 1098 1791 1150 1821; x_wconf 88' lang='lat'>26.</span> <span class='ocrx_word' id='word_1_313' title='bbox 1172 1795 1193 1807; x_wconf 92' lang='lat'><em>“</em></span> <span class='ocrx_word' id='word_1_314' title='bbox 1210 1790 1354 1831; x_wconf 82' lang='lat' dir='ltr'>Impetus</span> <span class='ocrx_word' id='word_1_315' title='bbox 1383 1790 1438 1820; x_wconf 89' lang='lat' dir='ltr'>ille</span> <span class='ocrx_word' id='word_1_316' title='bbox 1469 1800 1568 1826; x_wconf 86' lang='lat' dir='ltr'>sacer,</span> 
     </span>
     <span class='ocr_line' id='line_1_55' title="bbox 895 1839 1568 1884; baseline -0.004 -11"><span class='ocrx_word' id='word_1_317' title='bbox 895 1842 950 1884; x_wconf 91' lang='lat' dir='ltr'>qui</span> <span class='ocrx_word' id='word_1_318' title='bbox 967 1846 1074 1872; x_wconf 85' lang='lat' dir='ltr'>vatum</span> <span class='ocrx_word' id='word_1_319' title='bbox 1096 1845 1225 1882; x_wconf 80' lang='lat' dir='ltr'>pectora</span> <span class='ocrx_word' id='word_1_320' title='bbox 1240 1839 1373 1870; x_wconf 87' lang='lat' dir='ltr'>nutrit.”</span> <span class='ocrx_word' id='word_1_321' title='bbox 1420 1839 1471 1870; x_wconf 86' lang='lat' dir='ltr'>De</span> <span class='ocrx_word' id='word_1_322' title='bbox 1488 1840 1568 1870; x_wconf 89' lang='lat' dir='ltr'>Ger-</span> 
     </span>
     <span class='ocr_line' id='line_1_56' title="bbox 893 1889 1567 1932; baseline -0.003 -9"><span class='ocrx_word' id='word_1_323' title='bbox 893 1891 1010 1923; x_wconf 85' lang='lat' dir='ltr'>manici</span> <span class='ocrx_word' id='word_1_324' title='bbox 1026 1890 1152 1932; x_wconf 86' lang='lat' dir='ltr'>ingenio</span> <span class='ocrx_word' id='word_1_325' title='bbox 1168 1890 1229 1921; x_wconf 90' lang='lat' dir='ltr'>IV.</span> <span class='ocrx_word' id='word_1_326' title='bbox 1245 1900 1283 1920; x_wconf 88' lang='lat' dir='ltr'>ex</span> <span class='ocrx_word' id='word_1_327' title='bbox 1301 1889 1414 1926; x_wconf 87' lang='lat' dir='ltr'>Ponto,</span> <span class='ocrx_word' id='word_1_328' title='bbox 1431 1889 1495 1920; x_wconf 89' lang='lat' dir='ltr'>viii.</span> <span class='ocrx_word' id='word_1_329' title='bbox 1511 1891 1567 1921; x_wconf 87' lang='lat'>69.</span> 
     </span>
     <span class='ocr_line' id='line_1_57' title="bbox 895 1939 1569 1980; baseline -0.004 -7"><span class='ocrx_word' id='word_1_330' title='bbox 895 1946 917 1959; x_wconf 92' lang='lat'><strong>“</strong></span> <span class='ocrx_word' id='word_1_331' title='bbox 934 1941 1028 1980; x_wconf 78' lang='lat' dir='ltr'>Quod</span> <span class='ocrx_word' id='word_1_332' title='bbox 1052 1940 1111 1971; x_wconf 90' lang='lat' dir='ltr'>nisi</span> <span class='ocrx_word' id='word_1_333' title='bbox 1126 1946 1157 1971; x_wconf 87' lang='lat' dir='ltr'>te</span> <span class='ocrx_word' id='word_1_334' title='bbox 1173 1950 1290 1970; x_wconf 86' lang='lat' dir='ltr'>numen</span> <span class='ocrx_word' id='word_1_335' title='bbox 1307 1945 1431 1970; x_wconf 86' lang='lat' dir='ltr'>tantum</span> <span class='ocrx_word' id='word_1_336' title='bbox 1447 1939 1487 1970; x_wconf 91' lang='lat' dir='ltr'>ad</span> <span class='ocrx_word' id='word_1_337' title='bbox 1502 1949 1569 1970; x_wconf 88' lang='lat' dir='ltr'>ma-</span> 
     </span>
     <span class='ocr_line' id='line_1_58' title="bbox 891 1989 1570 2034; baseline -0.006 -11"><span class='ocrx_word' id='word_1_338' title='bbox 891 1992 962 2034; x_wconf 89' lang='lat' dir='ltr'>jora</span> <span class='ocrx_word' id='word_1_339' title='bbox 973 1996 1128 2027; x_wconf 81' lang='lat' dir='ltr'>vocasset,</span> <span class='ocrx_word' id='word_1_340' title='bbox 1145 1989 1256 2021; x_wconf 80' lang='lat' dir='ltr'>Gloria</span> <span class='ocrx_word' id='word_1_341' title='bbox 1269 1989 1431 2020; x_wconf 84' lang='lat' dir='ltr'>Pieridum</span> <span class='ocrx_word' id='word_1_342' title='bbox 1447 1999 1570 2020; x_wconf 88' lang='lat' dir='ltr'>summa</span> 
     </span>
     <span class='ocr_line' id='line_1_59' title="bbox 895 2039 1570 2082; baseline -0.003 -10"><span class='ocrx_word' id='word_1_343' title='bbox 895 2042 1019 2072; x_wconf 84' lang='lat' dir='ltr'>futurus</span> <span class='ocrx_word' id='word_1_344' title='bbox 1041 2040 1145 2072; x_wconf 82' lang='lat' dir='ltr'>eraS.&#39;&#39;</span> <span class='ocrx_word' id='word_1_345' title='bbox 1191 2040 1233 2070; x_wconf 89' lang='lat' dir='ltr'>Et</span> <span class='ocrx_word' id='word_1_346' title='bbox 1252 2039 1413 2082; x_wconf 87' lang='lat' dir='ltr'>poeticum</span> <span class='ocrx_word' id='word_1_347' title='bbox 1433 2039 1501 2081; x_wconf 82' lang='lat' dir='ltr'>ejus</span> <span class='ocrx_word' id='word_1_348' title='bbox 1521 2040 1570 2070; x_wconf 90' lang='lat' dir='ltr'>in-</span> 
     </span>
     <span class='ocr_line' id='line_1_60' title="bbox 895 2089 1570 2133; baseline -0.003 -11"><span class='ocrx_word' id='word_1_349' title='bbox 895 2091 1024 2133; x_wconf 85' lang='lat' dir='ltr'>genium</span> <span class='ocrx_word' id='word_1_350' title='bbox 1053 2090 1151 2122; x_wconf 86' lang='lat' dir='ltr'>etiam</span> <span class='ocrx_word' id='word_1_351' title='bbox 1184 2089 1278 2121; x_wconf 90' lang='lat' dir='ltr'>hodie</span> <span class='ocrx_word' id='word_1_352' title='bbox 1307 2095 1440 2121; x_wconf 77' lang='lat' dir='ltr'>testatur</span> <span class='ocrx_word' id='word_1_353' title='bbox 1469 2089 1570 2120; x_wconf 90' lang='lat' dir='ltr'>versio</span> 
     </span>
     <span class='ocr_line' id='line_1_61' title="bbox 895 2139 1569 2182; baseline -0.003 -10"><span class='ocrx_word' id='word_1_354' title='bbox 895 2141 998 2173; x_wconf 86' lang='lat' dir='ltr'>Arati.</span> <span class='ocrx_word' id='word_1_355' title='bbox 1024 2142 1234 2182; x_wconf 78' lang='lat' dir='ltr'>Desaintange</span> <span class='ocrx_word' id='word_1_356' title='bbox 1248 2140 1405 2177; x_wconf 86' lang='lat' dir='ltr'>observat,</span> <span class='ocrx_word' id='word_1_357' title='bbox 1421 2139 1569 2170; x_wconf 90' lang='lat' dir='ltr'>eumdem</span> 
     </span>
     <span class='ocr_line' id='line_1_62' title="bbox 896 2189 1571 2233; baseline -0.004 -11"><span class='ocrx_word' id='word_1_358' title='bbox 896 2202 915 2222; x_wconf 87' lang='lat' dir='ltr'>a</span> <span class='ocrx_word' id='word_1_359' title='bbox 929 2191 1054 2233; x_wconf 87' lang='lat' dir='ltr'>poetica</span> <span class='ocrx_word' id='word_1_360' title='bbox 1065 2190 1180 2221; x_wconf 86' lang='lat' dir='ltr'>virtute</span> <span class='ocrx_word' id='word_1_361' title='bbox 1195 2201 1214 2221; x_wconf 86' lang='lat' dir='ltr'>a</span> <span class='ocrx_word' id='word_1_362' title='bbox 1226 2189 1426 2227; x_wconf 80' lang='lat' dir='ltr'>Quintiliano</span> <span class='ocrx_word' id='word_1_363' title='bbox 1441 2189 1571 2220; x_wconf 89' lang='lat' dir='ltr'>summis</span> 
     </span>
     <span class='ocr_line' id='line_1_63' title="bbox 896 2239 1570 2277; baseline -0.004 -5"><span class='ocrx_word' id='word_1_364' title='bbox 896 2241 999 2272; x_wconf 82' lang='lat' dir='ltr'>efferri</span> <span class='ocrx_word' id='word_1_365' title='bbox 1012 2240 1174 2272; x_wconf 81' lang='lat' dir='ltr'>laudibus.</span> <span class='ocrx_word' id='word_1_366' title='bbox 1203 2241 1323 2272; x_wconf 90' lang='lat' dir='ltr'>Verum</span> <span class='ocrx_word' id='word_1_367' title='bbox 1340 2239 1570 2277; x_wconf 73' lang='lat' dir='ltr'>Quintilianus,</span> 
     </span>
     <span class='ocr_line' id='line_1_64' title="bbox 897 2289 1571 2325; baseline -0.003 -3"><span class='ocrx_word' id='word_1_368' title='bbox 897 2293 939 2323; x_wconf 87' lang='lat' dir='ltr'>X.</span> <span class='ocrx_word' id='word_1_369' title='bbox 956 2291 976 2322; x_wconf 88' lang='lat' dir='ltr'>i.</span> <span class='ocrx_word' id='word_1_370' title='bbox 993 2292 1046 2322; x_wconf 90' lang='lat'>91.</span> <span class='ocrx_word' id='word_1_371' title='bbox 1062 2301 1124 2322; x_wconf 88' lang='lat' dir='ltr'>non</span> <span class='ocrx_word' id='word_1_372' title='bbox 1150 2291 1233 2322; x_wconf 87' lang='lat' dir='ltr'>hunc</span> <span class='ocrx_word' id='word_1_373' title='bbox 1260 2289 1498 2325; x_wconf 87' lang='lat' dir='ltr'>Germanicum,</span> <span class='ocrx_word' id='word_1_374' title='bbox 1515 2289 1571 2320; x_wconf 91' lang='lat' dir='ltr'>sed</span> 
     </span>
     <span class='ocr_line' id='line_1_65' title="bbox 898 2338 1567 2382; baseline -0.004 -10"><span class='ocrx_word' id='word_1_375' title='bbox 898 2341 1119 2372; x_wconf 84' lang='lat' dir='ltr'>Domitianum</span> <span class='ocrx_word' id='word_1_376' title='bbox 1148 2341 1374 2382; x_wconf 82' lang='lat' dir='ltr'>Imperatorem</span> <span class='ocrx_word' id='word_1_377' title='bbox 1400 2338 1567 2373; x_wconf 84' lang='lat' dir='ltr'>intellexit,</span> 
     </span>
     <span class='ocr_line' id='line_1_66' title="bbox 899 2388 1569 2431; baseline -0.003 -9"><span class='ocrx_word' id='word_1_378' title='bbox 899 2391 962 2428; x_wconf 86' lang='lat' dir='ltr'>cui,</span> <span class='ocrx_word' id='word_1_379' title='bbox 972 2391 1160 2422; x_wconf 83' lang='lat' dir='ltr'>necessitate</span> <span class='ocrx_word' id='word_1_380' title='bbox 1173 2395 1313 2426; x_wconf 78' lang='lat' dir='ltr'>coactus,</span> <span class='ocrx_word' id='word_1_381' title='bbox 1327 2388 1444 2431; x_wconf 85' lang='lat' dir='ltr'>passim</span> <span class='ocrx_word' id='word_1_382' title='bbox 1456 2388 1569 2420; x_wconf 78' lang='lat' dir='ltr'>adula-</span> 
     </span>
     <span class='ocr_line' id='line_1_67' title="bbox 899 2438 1568 2481; baseline -0.006 -9"><span class='ocrx_word' id='word_1_383' title='bbox 899 2446 949 2472; x_wconf 88' lang='lat' dir='ltr'>tus</span> <span class='ocrx_word' id='word_1_384' title='bbox 966 2446 1024 2472; x_wconf 88' lang='lat' dir='ltr'>est.</span> <span class='ocrx_word' id='word_1_385' title='bbox 1070 2440 1103 2470; x_wconf 80' lang='lat' dir='ltr'>Si</span> <span class='ocrx_word' id='word_1_386' title='bbox 1121 2442 1189 2470; x_wconf 78' lang='lat' dir='ltr'>licet</span> <span class='ocrx_word' id='word_1_387' title='bbox 1206 2439 1298 2481; x_wconf 80' lang='lat' dir='ltr'>etfas</span> <span class='ocrx_word' id='word_1_388' title='bbox 1311 2445 1351 2469; x_wconf 71' lang='lat' dir='ltr'>est</span> <span class='ocrx_word' id='word_1_389' title='bbox 1369 2438 1503 2469; x_wconf 85' lang='lat' dir='ltr'>formula</span> <span class='ocrx_word' id='word_1_390' title='bbox 1517 2448 1568 2469; x_wconf 91' lang='lat' dir='ltr'>so-</span> 
     </span>
     <span class='ocr_line' id='line_1_68' title="bbox 900 2486 1571 2527; baseline -0.006 -6"><span class='ocrx_word' id='word_1_391' title='bbox 900 2490 1025 2527; x_wconf 84' lang='lat' dir='ltr'>lemnis,</span> <span class='ocrx_word' id='word_1_392' title='bbox 1062 2490 1160 2520; x_wconf 87' lang='lat' dir='ltr'>etiam</span> <span class='ocrx_word' id='word_1_393' title='bbox 1196 2499 1296 2519; x_wconf 80' lang='lat' dir='ltr'>sacra.</span> <span class='ocrx_word' id='word_1_394' title='bbox 1342 2487 1463 2524; x_wconf 85' lang='lat' dir='ltr'>Livius,</span> <span class='ocrx_word' id='word_1_395' title='bbox 1492 2486 1514 2518; x_wconf 93' lang='lat' dir='ltr'>i.</span> <span class='ocrx_word' id='word_1_396' title='bbox 1539 2487 1571 2518; x_wconf 88' lang='lat'>2.</span> 
     </span>
     <span class='ocr_line' id='line_1_69' title="bbox 900 2537 1570 2581; baseline -0.007 -9"><span class='ocrx_word' id='word_1_397' title='bbox 900 2544 920 2558; x_wconf 85' lang='lat'><strong>“</strong></span> <span class='ocrx_word' id='word_1_398' title='bbox 938 2542 1180 2581; x_wconf 82' lang='lat' dir='ltr'>Quemcumque</span> <span class='ocrx_word' id='word_1_399' title='bbox 1206 2549 1278 2569; x_wconf 86' lang='lat' dir='ltr'>eum</span> <span class='ocrx_word' id='word_1_400' title='bbox 1303 2537 1367 2568; x_wconf 91' lang='lat' dir='ltr'>dici</span> <span class='ocrx_word' id='word_1_401' title='bbox 1387 2538 1439 2579; x_wconf 85' lang='lat' dir='ltr'>jus</span> <span class='ocrx_word' id='word_1_402' title='bbox 1459 2538 1570 2579; x_wconf 83' lang='lat' dir='ltr'>fasque</span> 
     </span>
     <span class='ocr_line' id='line_1_70' title="bbox 896 2587 1570 2622; baseline -0.007 -1"><span class='ocrx_word' id='word_1_403' title='bbox 896 2590 965 2622; x_wconf 82' lang='lat' dir='ltr'>est&#39;’</span> <span class='ocrx_word' id='word_1_404' title='bbox 982 2590 1022 2620; x_wconf 87' lang='lat' dir='ltr'>de</span> <span class='ocrx_word' id='word_1_405' title='bbox 1039 2590 1144 2620; x_wconf 61' lang='lat' dir='ltr'>[Enea</span> <span class='ocrx_word' id='word_1_406' title='bbox 1158 2588 1240 2619; x_wconf 90' lang='lat' dir='ltr'>inter</span> <span class='ocrx_word' id='word_1_407' title='bbox 1256 2588 1344 2618; x_wconf 81' lang='lat' dir='ltr'>Deos</span> <span class='ocrx_word' id='word_1_408' title='bbox 1359 2587 1470 2617; x_wconf 87' lang='lat' dir='ltr'>relato.</span> <span class='ocrx_word' id='word_1_409' title='bbox 1507 2587 1570 2617; x_wconf 82' lang='lat' dir='ltr'>Sed</span> 
     </span>
     <span class='ocr_line' id='line_1_71' title="bbox 897 2637 1570 2683; baseline -0.009 -11"><span class='ocrx_word' id='word_1_410' title='bbox 897 2651 960 2683; x_wconf 91' lang='lat' dir='ltr'>quo</span> <span class='ocrx_word' id='word_1_411' title='bbox 974 2650 1059 2671; x_wconf 88' lang='lat' dir='ltr'>nunc</span> <span class='ocrx_word' id='word_1_412' title='bbox 1074 2639 1131 2670; x_wconf 89' lang='lat' dir='ltr'>illa</span> <span class='ocrx_word' id='word_1_413' title='bbox 1146 2639 1296 2669; x_wconf 61' lang='lat' dir='ltr'>refertur?</span> <span class='ocrx_word' id='word_1_414' title='bbox 1316 2637 1450 2668; x_wconf 88' lang='lat' dir='ltr'>Lenzius</span> <span class='ocrx_word' id='word_1_415' title='bbox 1463 2637 1570 2667; x_wconf 88' lang='lat' dir='ltr'>subiu-</span> 
     </span>
     <span class='ocr_line' id='line_1_72' title="bbox 897 2685 1570 2731; baseline -0.007 -11"><span class='ocrx_word' id='word_1_416' title='bbox 897 2688 1024 2731; x_wconf 81' lang='lat' dir='ltr'>telligit,</span> <span class='ocrx_word' id='word_1_417' title='bbox 1040 2688 1103 2725; x_wconf 89' lang='lat' dir='ltr'>vel,</span> <span class='ocrx_word' id='word_1_418' title='bbox 1126 2693 1161 2719; x_wconf 89' lang='lat' dir='ltr'>ut</span> <span class='ocrx_word' id='word_1_419' title='bbox 1183 2693 1272 2719; x_wconf 87' lang='lat' dir='ltr'>vates</span> <span class='ocrx_word' id='word_1_420' title='bbox 1294 2692 1400 2718; x_wconf 84' lang='lat' dir='ltr'>vatem</span> <span class='ocrx_word' id='word_1_421' title='bbox 1426 2685 1570 2727; x_wconf 82' lang='lat' dir='ltr'>inspiret,</span> 
     </span>
     <span class='ocr_line' id='line_1_73' title="bbox 898 2736 1568 2771; baseline -0.009 0"><span class='ocrx_word' id='word_1_422' title='bbox 898 2739 947 2771; x_wconf 88' lang='lat' dir='ltr'>vel</span> <span class='ocrx_word' id='word_1_423' title='bbox 965 2745 1001 2770; x_wconf 84' lang='lat' dir='ltr'>ut</span> <span class='ocrx_word' id='word_1_424' title='bbox 1015 2744 1049 2770; x_wconf 85' lang='lat' dir='ltr'>tu</span> <span class='ocrx_word' id='word_1_425' title='bbox 1066 2738 1167 2769; x_wconf 86' lang='lat' dir='ltr'>exsuli</span> <span class='ocrx_word' id='word_1_426' title='bbox 1183 2738 1299 2769; x_wconf 78' lang='lat' dir='ltr'>faveas.</span> <span class='ocrx_word' id='word_1_427' title='bbox 1331 2736 1435 2767; x_wconf 90' lang='lat' dir='ltr'>Possis</span> <span class='ocrx_word' id='word_1_428' title='bbox 1448 2741 1479 2766; x_wconf 86' lang='lat' dir='ltr'>et</span> <span class='ocrx_word' id='word_1_429' title='bbox 1494 2736 1568 2766; x_wconf 90' lang='lat' dir='ltr'>sub-</span> 
     </span>
     <span class='ocr_line' id='line_1_74' title="bbox 897 2785 1569 2832; baseline -0.009 -11"><span class='ocrx_word' id='word_1_430' title='bbox 897 2790 996 2832; x_wconf 86' lang='lat' dir='ltr'>jicere</span> <span class='ocrx_word' id='word_1_431' title='bbox 1019 2788 1201 2831; x_wconf 74' lang='lat' dir='ltr'>cogitando,</span> <span class='ocrx_word' id='word_1_432' title='bbox 1217 2788 1242 2818; x_wconf 91' lang='lat' dir='ltr'>si</span> <span class='ocrx_word' id='word_1_433' title='bbox 1269 2786 1343 2818; x_wconf 89' lang='lat' dir='ltr'>licet</span> <span class='ocrx_word' id='word_1_434' title='bbox 1369 2791 1457 2817; x_wconf 84' lang='lat' dir='ltr'>tuum</span> <span class='ocrx_word' id='word_1_435' title='bbox 1479 2785 1569 2816; x_wconf 81' lang='lat' dir='ltr'>auxi-</span> 
     </span>
    </p>
   </div>
  </div>
 </body>
</html>
