1809 3220
205 181 292 222 270

587 178 638 219 P.
674 176 881 218 OVIDII
914 173 1196 217 NASONIS

209 296 311 344 Sed
336 294 458 342 mihi
484 293 746 348 succurrit,
774 307 962 338 numen
988 306 1087 337 non
1112 305 1224 337 esse
1249 303 1495 343 severum,

273 374 514 437 Aptaque
539 370 732 418 deliciis
757 385 967 417 munera
990 368 1118 416 ferre
1143 367 1308 414 deam.

205 451 457 515 Tempora
483 450 717 497 sutilibus
743 449 1011 512 cinguntur
1034 454 1141 494 tota
1165 445 1392 493 coronis:

1517 443 1615 488 335

276 528 344 575 Et
368 529 491 575 latet
515 528 702 590 injecta
726 525 995 590 splendida
1017 539 1195 572 mensa
1219 538 1347 570 rosa.

209 605 392 653 Ebrius
418 604 652 651 incinctis
679 603 880 667 philyra
903 602 1112 650 conviva
1136 600 1332 664 capillis

276 683 456 737 Saltat,
484 689 536 729 et
561 681 854 745 imprudens
879 681 1035 727 utitur
1060 685 1167 727 arte
1193 677 1333 725 meri.

208 860 248 891 ad
270 859 312 891 vi.
337 860 412 890 249.
457 857 653 900 Aliquando,
677 869 776 900 quum
801 858 882 889 Cato

206 909 271 940 illis
287 908 371 939 ludis
384 909 560 943 interesset,
574 907 712 949 populus
728 913 762 938 ut
778 907 882 938 mimae

209 959 404 990 nudarentur
431 957 590 999 postulare
616 957 754 987 erubuit.
803 957 883 988 Cato

207 1008 304 1050 igitur
319 1006 464 1038 discessit
481 1017 498 1037 e
515 1007 651 1041 theatro,
661 1017 700 1037 ne
715 1006 884 1048 praesentia

207 1068 265 1088 sua
294 1056 469 1099 spectaculi
494 1055 757 1086 consuetudinem
780 1054 879 1097 impe-

207 1106 289 1137 diret
304 1118 309 1135 :
337 1116 430 1148 quem
447 1106 618 1136 abeuntem
635 1104 754 1145 ingenti
768 1105 880 1146 plausu

207 1156 345 1197 populus
373 1161 570 1197 prosecutuS,
600 1154 738 1196 priscum
763 1164 881 1185 morem

204 1205 347 1246 jocorum
373 1204 405 1234 in
431 1214 558 1234 scenam
579 1203 759 1242 revocavit3
783 1203 882 1234 Vale-

208 1253 273 1285 rius
301 1253 477 1290 Maximus,
510 1252 541 1284 ii.
573 1254 623 1283 10.
682 1253 798 1283 Postea
826 1252 881 1284 ille

207 1301 323 1333 librum
351 1302 391 1333 de
423 1313 455 1333 re
487 1303 592 1333 Floria
617 1301 753 1343 scripsit,
781 1302 835 1343 qui
865 1313 884 1333 a

209 1351 325 1388 Gellio,
347 1352 445 1382 Noct.
469 1351 569 1381 Auie.
586 1351 629 1381 ix.
652 1352 703 1381 12.
725 1351 883 1382 laudatur.

210 1400 438 1431 Obscaenitatis
461 1401 547 1431 illius
569 1410 698 1430 causam
721 1399 813 1430 multi
834 1411 882 1431 re-

208 1456 321 1492 petunt
344 1450 429 1487 inde,
454 1450 539 1491 quod
566 1449 659 1480 Flora
682 1449 756 1480 olim
783 1460 882 1480 mere-

208 1499 269 1531 trix
296 1500 398 1536 fuerit,
426 1506 458 1530 ut
482 1500 521 1530 ad
548 1510 615 1530 ver.
646 1500 719 1530 195.
735 1499 883 1530 vidimus.

209 1549 272 1580 Sed
289 1549 424 1580 Ovidius
441 1549 543 1580 lenius
567 1549 606 1579 de
632 1559 670 1579 ea
690 1559 722 1579 re
738 1549 883 1591 judicat3

210 1604 258 1629 est
280 1598 340 1630 dea
363 1600 493 1634 deliciis,
517 1598 550 1628 id
575 1604 630 1634 est,
657 1598 811 1639 voluptati
835 1599 882 1628 in-

209 1647 361 1684 serviens,
392 1647 520 1688 vultque
549 1657 606 1677 sua
630 1657 719 1677 sacra
744 1652 775 1677 et
798 1646 883 1689 plebi

212 1703 335 1739 patere.

255 1748 332 1778 335.
373 1746 446 1777 Non
480 1756 518 1777 ea
542 1746 607 1788 jam
640 1750 784 1776 recenset
812 1756 883 1787 quae

210 1795 390 1826 Floralibus
406 1795 492 1826 sacta
508 1795 592 1834 sint;
616 1794 671 1826 sed
688 1795 813 1825 Floram
829 1794 883 1826 de-

210 1844 292 1875 liciis
304 1855 437 1875 munera
453 1844 531 1875 ferre
545 1845 655 1886 quovis
671 1851 810 1886 tempore
827 1844 883 1875 do-

212 1900 262 1924 cet
280 1906 288 1932 ;
313 1905 429 1924 coronae
453 1892 549 1929 enim,
571 1894 687 1935 quibus
715 1893 771 1924 illa
793 1894 885 1924 flores

211 1943 380 1979 ministrat,
399 1953 462 1973 non
487 1953 506 1973 a
534 1942 674 1973 tristibus
700 1949 732 1973 et
757 1943 884 1979 severis,

211 1991 267 2022 sed
284 2002 302 2022 a
317 1991 399 2022 laetis
421 2000 453 2022 et
472 1991 626 2034 voluptati
646 1991 885 2033 indulgentibus

211 2046 391 2072 sumuntur.
439 2040 552 2071 Sutiles
571 2052 697 2077 coronae,
717 2041 749 2071 in
768 2041 884 2082 quibus

212 2101 300 2121 mera
327 2090 404 2121 folia
439 2101 580 2121 rosarum
612 2097 753 2127 consuta,
784 2101 883 2132 quum

211 2141 340 2180 pactiles
368 2139 408 2170 de
435 2138 607 2181 multiplici
638 2140 712 2170 flore
738 2146 881 2171 texeren-

213 2197 281 2229 tur;
299 2190 434 2226 Plinius,
445 2189 512 2220 xxi.
528 2191 547 2220 8
563 2201 569 2219 z
586 2193 608 2206 ‘¹
628 2190 759 2220 Summa
775 2195 883 2221 aucto-

212 2239 290 2271 ritas
304 2239 413 2282 pactili
430 2250 565 2270 coronae.
602 2239 718 2270 Sutiles
728 2239 883 2271 Saliorum

214 2289 247 2320 in
276 2289 373 2320 sacris
408 2288 600 2324 invenimus,
630 2295 662 2319 et
692 2289 886 2321 solemnibus

215 2339 328 2370 coenis.
374 2338 542 2370 Transiere
556 2338 672 2370 deinde
688 2339 728 2371 ad
744 2339 860 2370 rosaria
875 2352 882 2370 ;

213 2399 315 2429 eoque
339 2388 465 2419 luxuria
486 2387 648 2429 processit,
665 2394 700 2419 ut
725 2398 785 2418 non
800 2394 884 2419 esset

214 2437 326 2479 gratia,
342 2437 401 2468 nisi
418 2447 502 2467 mero
523 2437 597 2468 folio
612 2449 618 2467 :
643 2436 794 2467 sutilibus
810 2447 883 2468 mox

214 2486 321 2528 petitis
350 2487 389 2517 ab
422 2486 526 2522 India,
559 2491 614 2517 aut
642 2486 726 2517 ultra
753 2486 883 2516 Indos.''

213 2535 311 2566 Rosis
325 2546 379 2566 eas
395 2542 541 2566 consutas
556 2545 637 2572 esse,
653 2535 748 2566 etiam
764 2545 781 2565 e
797 2535 884 2566 Mar-

214 2584 296 2621 tiali,
312 2596 343 2616 v.
359 2585 421 2623 65;
444 2583 488 2615 ix.
504 2585 556 2614 91.
573 2585 626 2615 94.
649 2583 812 2620 discimus,
831 2585 884 2615 ubi

216 2640 347 2674 tempora
372 2636 444 2664 ¹rosis
465 2634 608 2664 sutilibus
634 2639 667 2663 et
695 2634 794 2663 sutilis
819 2645 885 2664 rosa

214 2683 375 2724 leguntur.
409 2682 547 2720 Quidam
562 2682 622 2713 hoc
638 2682 707 2714 loco
722 2684 884 2720 tortilibus,

217 2734 374 2769 uentibus,
403 2738 465 2764 etc.
525 2732 606 2763 Tum
640 2732 733 2764 valde
769 2732 883 2764 arridet

952 858 1074 890 Heinsii
1099 858 1234 900 conject.
1258 864 1319 888 tota
1343 856 1377 887 in
1397 861 1479 896 pota,
1500 852 1533 884 id
1561 857 1621 888 est,

952 908 1049 945 ebria,
1065 907 1237 946 mutanti53
1260 906 1345 938 omni
1369 905 1453 937 enim
1476 902 1621 934 hocloco

951 958 983 988 id
1000 964 1138 999 urgetur,
1155 967 1286 987 coronas
1306 953 1457 986 inservire
1479 963 1543 984 non
1561 950 1622 982 nisi

952 1007 1000 1042 iis,
1017 1008 1072 1048 qui
1096 1007 1188 1048 genio
1210 1006 1411 1046 indulgeant,
1430 1006 1486 1034 aut
1508 1002 1621 1038 ebriis,-

952 1057 1030 1087 nihil
1047 1062 1155 1087 contra
1170 1056 1210 1086 ad
1226 1065 1291 1086 rem
1307 1053 1454 1097 pertinet,
1466 1058 1530 1083 tota
1541 1057 1621 1082 tem·
1653 1094 1664 1098 -

950 1117 1026 1148 pora
1053 1106 1147 1148 cingi.
1195 1105 1287 1136 Latet
1314 1115 1426 1140 mensa,
1449 1108 1511 1134 etc.
1555 1101 1622 1132 Im-

950 1167 1059 1187 mensa
1074 1156 1234 1187 interdum
1256 1155 1368 1185 florum
1383 1152 1474 1195 copia
1489 1157 1521 1183 et
1533 1161 1623 1182 mena

950 1217 992 1237 sae
1021 1212 1053 1236 et
1078 1205 1218 1236 convivae
1245 1204 1470 1238 obruebantur,
1494 1212 1512 1233 e
1538 1207 1622 1232 tecto

950 1255 1045 1286 etiam
1063 1255 1198 1297 desuper
1212 1254 1418 1296 dejectorum.
1451 1250 1535 1283 Vide
1551 1251 1621 1281 Sal-

952 1305 1086 1336 masium
1112 1305 1153 1336 ad
1177 1305 1322 1346 Spartae.
1345 1302 1469 1334 AElium
1491 1302 1624 1337 Verum,

953 1365 1023 1396 cap.
1040 1357 1070 1385 5.

996 1404 1071 1434 337.
1087 1404 1217 1433 Saltatio
1232 1400 1388 1433 Romanis
1412 1411 1473 1431 non
1495 1399 1622 1431 omnino

953 1452 1105 1490 honesta3
1128 1450 1293 1483 Cornelius
1312 1451 1422 1492 Nepos
1444 1450 1478 1481 in
1493 1449 1623 1491 Epami-

953 1501 1070 1537 nonda,
1099 1501 1130 1539 i3
1155 1500 1226 1531 vide
1257 1499 1400 1531 Cortium
1431 1499 1470 1530 ad
1500 1499 1620 1530 Sallus-

954 1551 1033 1581 tium
1051 1551 1147 1581 Catil.
1162 1561 1236 1581 xxv.
1252 1551 1285 1580 2.
1326 1549 1364 1579 In
1379 1547 1533 1579 conviviis
1549 1550 1623 1579 ebrii

953 1601 1015 1631 sere
1038 1600 1208 1630 saltabant.
1258 1599 1402 1639 Philyra,
1418 1597 1521 1628 tenuis
1546 1597 1622 1628 tiliae

952 1649 1171 1680 membranula
1186 1649 1266 1679 inter
1278 1648 1427 1679 corticem
1442 1653 1475 1678 et
1488 1646 1622 1689 lignum,

953 1709 1016 1740 qua
1037 1699 1208 1730 utebantur
1231 1697 1272 1729 ad
1296 1696 1471 1728 nectendas
1494 1707 1625 1728 coronas

953 1748 1155 1786 convivales3
1181 1746 1317 1783 Plinius,
1340 1747 1404 1776 xvi.
1424 1746 1487 1783 14,-
1511 1745 1576 1777 xxi.
1591 1747 1624 1777 3.

953 1798 1058 1828 Etiam
1086 1796 1250 1832 Horatius,
1277 1797 1308 1827 Ι.
1334 1795 1400 1827 Od.
1425 1794 1558 1826 xxxviii.
1579 1796 1622 1826 2:

952 1858 1032 1878 neiae
1054 1847 1179 1887 philyra
1204 1856 1329 1876 coronae.
1376 1844 1499 1875 Merum
1522 1843 1627 1876 varias

954 1896 1090 1928 addocet
1105 1903 1207 1933 artes;
1225 1894 1389 1930 Horatius,
1404 1894 1432 1925 Ι.
1447 1894 1509 1936 Ep.
1523 1905 1553 1925 v.
1573 1894 1624 1925 18.

953 1945 1058 1976 Possis
1085 1945 1144 1975 hoc
1166 1945 1236 1975 loco
1260 1944 1300 1974 de
1325 1943 1476 1974 facundia
1497 1953 1624 1984 capere,

954 2005 1024 2036 quae
1038 1996 1248 2034 imprudenter
1260 1992 1398 2024 recludit
1411 2003 1538 2024 arcana.
1561 1994 1625 2025 Sed

953 2043 1007 2074 alii
1027 2043 1086 2074 hoc
1108 2054 1236 2084 quoque
1259 2042 1301 2073 ad
1324 2041 1526 2073 saltationem
1543 2043 1623 2075 refe-

952 2098 1036 2128 runt,
1053 2099 1084 2123 et
1100 2093 1323 2132 imprudentem
1336 2091 1471 2122 Lenzius
1484 2091 1626 2133 explicat

952 2142 1156 2177 titubantem,
1172 2140 1300 2172 incertis
1320 2140 1456 2183 pedibus
1471 2146 1624 2174 utentem.

953 2193 1002 2222 Ad
1023 2193 1148 2226 durum,
1166 2197 1230 2222 etc.
1269 2190 1365 2221 Tales
1389 2191 1625 2224 occentationes

953 2239 1292 2282 (παρακλαυσίθυρα)
1317 2240 1499 2281 frequentes
1523 2247 1625 2273 erant.

953 2291 992 2321 In
1008 2290 1046 2322 iis
1062 2290 1207 2321 convicia
1223 2289 1385 2321 faciebant
1401 2289 1521 2332 januae,
1536 2301 1622 2322 eam-

954 2351 1016 2383 que
1052 2342 1162 2371 duram
1201 2340 1367 2375 vocabant,
1402 2339 1479 2381 quia
1514 2341 1624 2382 puella

951 2392 1043 2426 dura,
1059 2388 1272 2425 inexorabilis,
1297 2398 1369 2430 quae
1393 2398 1447 2419 eos
1469 2389 1622 2421 exclude-

951 2439 1007 2470 bat
1017 2451 1026 2479 ;
1049 2438 1206 2475 Tibullus,
1222 2438 1250 2468 Ι.
1265 2437 1299 2468 ii.
1315 2439 1335 2468 5
1353 2448 1425 2479 sqq.
1468 2438 1624 2470 Eamdem

952 2499 1024 2519 vero
1048 2494 1080 2520 et
1099 2499 1214 2530 ungere
1235 2492 1333 2529 atque
1349 2490 1437 2518 sertis
1450 2487 1558 2520 velare
1572 2499 1622 2520 so-

952 2538 1083 2577 lebant3
1106 2537 1284 2573 Lucretius,
1304 2537 1348 2569 iv.
1365 2537 1446 2567 171:
1472 2541 1493 2554 “
1507 2537 1553 2568 At
1575 2538 1621 2569 la-

953 2597 1100 2628 crymans
1114 2587 1266 2618 exclusus
1277 2591 1399 2618 amator
1414 2586 1524 2618 limina
1537 2598 1621 2629 saepe

953 2636 1098 2667 Floribus
1129 2642 1161 2667 et
1193 2636 1284 2668 sertis
1311 2635 1423 2678 operit,
1452 2641 1620 2678 postesque

953 2685 1103 2726 superbos
1114 2685 1238 2727 Unguit
1253 2683 1469 2717 amaracino.’'
