1809 3220
200 167 288 209 156

582 165 634 207 P.
669 163 877 208 OVIDII
910 163 1195 207 NASONIS

209 282 328 332 Nox
353 289 488 330 erat:
529 287 647 329 ante
671 288 838 328 torum
861 281 969 329 visa
992 288 1073 328 est
1097 281 1300 329 adstare
1326 280 1508 329 sororis

276 359 543 425 Squalenti
570 358 704 406 Dido
730 358 1120 422 sanguinolenta
1144 375 1305 416 coma,

1522 360 1622 406 640

208 439 292 496 Et,
317 438 474 502 Fuge,
493 452 556 484 ne
577 436 770 492 dubita,
793 444 1029 484 moestum
1049 436 1183 499 fuge,
1203 436 1390 493 dicere,
1410 443 1621 484 tectum.

279 518 386 565 Sub
411 517 621 564 verbum
647 516 888 580 querulas
914 515 1115 580 impulit
1139 531 1261 563 aura
1284 514 1434 563 foreS.

207 595 420 653 Exsilit;
463 602 514 643 et
539 594 686 642 velox
711 593 887 641 humili
914 608 1067 658 super
1092 609 1209 641 arva
1233 592 1454 641 fenestra

279 674 346 722 Se
366 672 519 738 jacit:
561 671 807 720 audacem
833 670 1024 719 fecerat
1050 672 1159 735 ipse
1186 671 1362 719 timor:

208 750 425 815 Quaque
452 757 589 798 metu
615 749 824 814 rapitur,
851 749 1024 797 tunica
1048 749 1215 797 velata
1240 749 1476 804 recincta,
1526 749 1625 796 645

280 829 466 886 Currit,
495 836 551 876 ut
576 828 763 876 auditis
790 827 964 876 territa
989 827 1140 876 dama
1164 827 1314 892 lupis.

211 907 459 971 Corniger
483 907 613 954 hanc
639 905 840 970 cupidis
866 905 1095 970 rapuisse
1122 905 1390 953 Numicius
1416 903 1565 952 undis

280 985 534 1041 Creditur,
562 992 614 1032 et
638 984 833 1048 stagnis
859 984 1146 1032 occuluisse
1172 984 1294 1031 suis.

213 1062 418 1111 Sidonis
444 1063 638 1111 interea
662 1078 845 1125 magno
871 1063 1093 1110 clamore
1119 1077 1208 1126 per
1233 1077 1380 1125 agros

277 1140 560 1196 Quaeritur:
591 1148 840 1206 apparent
865 1141 1011 1205 signa
1035 1148 1272 1204 notaeque
1298 1139 1506 1204 pedum.
1527 1141 1628 1187 650

211 1219 434 1269 Ventum
461 1228 568 1269 erat
593 1221 657 1269 ad
685 1222 848 1286 ripas:
890 1221 1087 1268 inerant
1111 1219 1328 1282 vestigia
1351 1218 1491 1284 ripis,

282 1299 536 1347 Sustinuit
561 1300 739 1348 tacitas
765 1299 1000 1347 conscius
1027 1298 1188 1346 amnis
1214 1313 1390 1362 aquas.

213 1377 334 1442 Ipsa
354 1379 491 1442 loqui
513 1378 619 1427 visa
638 1387 743 1427 est:
776 1378 972 1426 Placidi
993 1394 1104 1425 sum
1128 1376 1371 1441 Nympha
1395 1374 1624 1434 Numici;

282 1458 445 1505 Amne
472 1473 692 1521 perenne
719 1457 898 1512 latens,
928 1456 1077 1503 Anna
1103 1455 1339 1503 Perenna
1362 1469 1527 1503 vocor.

215 1533 454 1582 Protinus
481 1534 656 1582 erratis
683 1534 782 1582 laeti
810 1542 1082 1582 vescuntur
1107 1533 1158 1581 in
1184 1533 1346 1596 agris;

1531 1533 1629 1580 655

281 1611 348 1660 Et
372 1613 633 1660 celebrant
658 1613 797 1675 largo
822 1628 982 1676 seque
1008 1612 1247 1676 diemque
1274 1626 1429 1659 mero.

212 1708 290 1751 quid
306 1709 501 1751 exsequaris.
540 1709 609 1740 Visa
626 1717 667 1741 est
684 1712 817 1747 adstare,
827 1717 890 1742 etc.

210 1759 301 1791 Idem
317 1760 499 1802 figmentum
513 1759 610 1791 habet
625 1761 722 1791 Silius
735 1772 801 1792 ver.
819 1762 890 1792 165.

213 1810 267 1840 ubi
296 1809 383 1840 Dido
410 1810 501 1851 plura
526 1811 622 1841 verba
651 1810 738 1842 facit.
787 1811 890 1841 Etiam

214 1859 334 1890 Didoni
351 1859 383 1890 in
399 1859 516 1891 somnis
533 1868 723 1902 apparuerat
738 1860 891 1902 Sychaeus

214 1908 408 1944 interfectus,
435 1919 571 1951 eamque
599 1910 706 1951 fugere
732 1910 891 1952 jusserat;

214 1959 293 1989 [ΕΠ.
309 1957 330 1988 ἱ.
348 1959 423 1989 353.
471 1958 612 1989 Moestum
630 1960 670 1990 ab
687 1959 805 1990 effectu
821 1959 888 1990 dic-

215 2014 295 2043 tutn,
317 2007 401 2049 quod
424 2017 592 2039 moerorem
618 2009 742 2051 injicit;
769 2009 890 2047 Livius,

215 2069 247 2088 v.
263 2059 318 2089 43.
336 2058 593 2098 ma-stajbrtuna.

260 2107 338 2138 642.
364 2108 426 2138 Sub
449 2109 571 2138 verbum
596 2108 627 2138 id
652 2108 737 2150 quod
762 2111 802 2139 ad
825 2120 891 2140 ver-

216 2158 299 2192 bum,
317 2157 425 2188 audito
443 2156 502 2188 hoc
519 2158 623 2189 verbo.
673 2158 840 2197 Qum-uias,
857 2165 892 2190 ut

216 2217 327 2238 sonum
347 2206 488 2238 ederent.
536 2207 697 2244 Recine-ta,
712 2208 779 2240 sine
799 2218 890 2246 zona,

218 2256 295 2298 quia
319 2267 336 2288 e
362 2257 444 2288 lecto
473 2257 645 2289 exsilierat.
705 2258 796 2290 Alias
819 2270 888 2290 suc-

216 2309 324 2338 cinctae
359 2306 540 2342 currebant,
580 2318 643 2349 quo
680 2307 892 2350 expeditiores

217 2361 335 2387 essent.
362 2356 467 2387 Etiam
483 2356 619 2387 Metam.
632 2357 686 2387 vii.
704 2359 782 2388 182:
801 2365 891 2389 vestes

218 2407 330 2436 induta
348 2408 508 2437 recinctus.
555 2406 652 2448 Apud
676 2407 801 2443 Silium,
819 2409 892 2439 188.

217 2455 315 2486 Anna
337 2455 431 2497 fugit,
450 2457 572 2487 “tenui
597 2467 710 2498 corpus
735 2458 892 2490 velamine

217 2505 335 2537 tecta.”
360 2505 519 2537 Caeterum
537 2506 648 2537 Heins.
664 2508 794 2549 conjicit
811 2509 891 2543 Quo-

217 2566 273 2597 que
287 2562 383 2587 metus
398 2558 515 2596 rapuit.

260 2606 337 2637 647.
363 2605 541 2636 Numicium
566 2616 706 2642 amnem,
733 2606 787 2648 qui
811 2606 893 2638 inter

218 2655 413 2686 Laurentum
440 2661 473 2686 et
496 2655 664 2687 Lavinium
693 2655 891 2694 decurrebat,

217 2705 338 2736 Noster
352 2704 505 2736 describit
521 2705 656 2736 Metam.
671 2706 734 2736 xiv.
746 2706 809 2737 602
820 2717 890 2748 sqq.

217 2754 365 2786 Lacubus
391 2754 499 2786 multis
527 2755 722 2797 interceptus
751 2763 828 2791 erat,
859 2763 890 2787 ct

960 1710 1024 1741 leni
1041 1716 1127 1741 rnotu
1145 1709 1257 1741 similis
1272 1717 1391 1752 stagno.
1437 1709 1523 1741 Hinc
1538 1708 1634 1741 etiam

960 1761 1037 1791 AEn.
1047 1759 1100 1791 vii.
1115 1761 1188 1791 150.
1202 1765 1223 1777 “
1236 1759 1330 1791 fontis
1344 1765 1459 1802 stagna
1471 1758 1637 1791 Numici.''

962 1810 1111 1853 Corniger
1127 1810 1267 1841 solemne
1285 1809 1447 1853 epitheton
1462 1809 1638 1847 fluviorem,

959 1860 1076 1902 quibus
1090 1861 1138 1891 vel
1155 1866 1281 1902 propter
1296 1859 1455 1902 mugitum
1467 1869 1635 1902 aquarum,

959 1911 1009 1942 vel
1034 1918 1158 1954 propter
1182 1917 1367 1942 curvaturas
1390 1921 1510 1947 earum,
1528 1909 1637 1952 capita

960 1966 1015 1991 aut
1044 1971 1163 1991 cornua
1191 1961 1316 1991 taurina
1346 1959 1441 1991 tribui
1470 1960 1634 1991 solebant:

961 2010 1112 2051 Corniger
1152 2010 1278 2046 Tiberis,
1310 2009 1441 2041 AEneid.
1471 2009 1538 2040 viii.
1569 2009 1633 2048 773

959 2058 1028 2101 ipse
1069 2059 1238 2091 Numicius
1278 2059 1430 2102 Corniger
1461 2060 1544 2091 Met.
1574 2058 1640 2091 xiv.

959 2109 1036 2140 602.

1003 2159 1077 2191 652.
1094 2158 1318 2191 Clamantibus
1333 2159 1396 2191 illis
1411 2158 1443 2190 in
1459 2159 1541 2202 ripa,
1551 2164 1637 2191 tacet

960 2209 1141 2245 Numicius,
1173 2209 1313 2251 loquitur
1344 2209 1507 2252 Nympha.
1562 2209 1638 2240 Pta-

959 2260 1047 2290 cidus
1077 2259 1227 2300 frequens
1261 2259 1425 2300 epitheton
1454 2257 1635 2296 fluviorum,

959 2310 1054 2340 etiam
1069 2307 1211 2340 Numicii
1221 2309 1356 2339 Metam.
1366 2307 1430 2339 xiv.
1441 2308 1502 2340 601
1516 2320 1525 2347 ;
1536 2307 1636 2340 idem-

961 2369 1023 2400 que
1043 2369 1127 2400 saepe
1148 2357 1180 2388 in
1200 2357 1349 2388 laudibus
1371 2357 1512 2389 Deorum
1536 2357 1637 2389 homi-

961 2418 1102 2450 numque
1126 2407 1263 2450 ponitur.
1309 2406 1342 2438 Si
1366 2407 1520 2450 Nympha
1543 2413 1638 2440 antea

962 2459 1055 2489 Anna
1082 2457 1181 2494 dicta,
1205 2467 1268 2488 non
1291 2468 1371 2500 opus
1393 2464 1461 2489 erat
1482 2459 1524 2489 ab
1548 2469 1638 2489 amne

962 2518 1076 2539 nornen
1093 2518 1185 2538 suurn
1207 2507 1377 2539 deducere.
1426 2508 1588 2540 Celebrant
1607 2516 1638 2539 se

961 2557 1089 2588 Marsus
1108 2556 1265 2599 explicat:
1290 2568 1324 2589 se
1344 2556 1483 2588 reddunt
1497 2557 1638 2590 celebres

960 2607 1127 2637 ebrietate.
1168 2606 1374 2638 Taubnerus:
1399 2617 1468 2644 sua,
1485 2607 1534 2639 vel
1550 2607 1636 2649 genii

959 2656 1008 2687 sui
1029 2666 1128 2688 causa
1146 2657 1328 2699 frequentes
1347 2656 1474 2689 adsunt.
1519 2657 1635 2695 Immo,

959 2712 1073 2737 curant
1093 2712 1128 2736 ut
1149 2706 1231 2737 bene
1248 2706 1308 2738 sibi
1327 2706 1380 2744 sit,
1395 2706 1523 2749 largiter
1540 2707 1636 2749 genio

958 2765 1016 2786 suo
1032 2754 1211 2797 indulgent.
