1809 3220
198 195 257 238 90

593 192 645 234 Ρ.
680 189 896 233 OVIDII
931 188 1219 232 NASONIS

205 312 397 361 Usibus
423 308 666 359 admoniti
692 306 910 355 flammis
936 306 1176 355 torrenda
1199 305 1403 362 dedere,

272 389 542 453 Multaque
567 392 781 452 peccato
806 385 994 433 damna
1017 383 1178 432 tulere
1204 400 1312 432 suo.

206 469 340 525 Nam
366 467 515 515 modo
540 465 810 514 verrebant
832 463 1001 527 nigras
1028 478 1118 527 pro
1144 461 1274 510 farre
1299 461 1524 520 favillas3

275 545 426 594 Nunc
453 545 590 609 ipsas
618 542 721 606 igni
748 542 1038 607 corripuere
1064 556 1226 588 casas.

208 624 367 672 Facta
392 622 505 671 Dea
530 628 608 670 est
634 620 835 668 Fornax
858 637 868 668 z
898 619 1000 667 laeti
1027 618 1231 666 fornace
1256 618 1421 666 coloni

1528 619 1628 665 525

276 701 455 758 Orant,
484 707 540 747 ut
565 699 734 762 fruges
760 704 1013 763 temperet
1038 697 1124 745 illa
1148 713 1284 745 suas.

210 780 366 828 Curio
388 778 627 842 legitimis
652 793 787 825 nunc
816 776 1115 824 Fornacalia
1139 775 1305 824 verbis

275 857 535 906 Maximus
562 855 767 912 indicit;
810 871 903 902 nec
931 862 1064 902 stata
1091 870 1236 902 sacra
1259 852 1408 901 facit:

210 936 376 1000 Inque
401 935 525 992 foro,
552 935 713 982 multa
737 933 930 981 circum
956 932 1214 997 pendente
1234 931 1438 988 tabella,

281 1014 522 1078 Signatur
548 1021 686 1061 certa
712 1012 854 1060 curia
877 1028 1097 1076 quaeque
1124 1017 1273 1059 nota:

1531 1012 1632 1057 530

213 1092 483 1156 Stultaque
509 1107 625 1156 pars
652 1091 844 1155 populi,
867 1107 981 1154 quae
1009 1091 1074 1138 sit
1099 1106 1191 1138 sua
1216 1088 1372 1145 curia,
1399 1087 1593 1146 nescit;

281 1170 385 1219 Sed
411 1169 531 1218 facit
556 1177 789 1218 extrema
814 1185 959 1218 sacra
988 1169 1146 1218 relata
1170 1168 1269 1217 die.

214 1249 319 1297 EST
344 1250 503 1298 honor
523 1256 574 1297 et
599 1249 835 1298 tumulis:
866 1249 1058 1297 animas
1085 1249 1284 1314 placate
1311 1253 1581 1312 paternas;

283 1327 551 1393 Parvaque
577 1327 627 1375 in
654 1328 935 1378 exstinctas
962 1344 1172 1377 munera
1196 1327 1321 1376 ferte
1347 1341 1517 1391 pyras.

213 1479 376 1522 Frequens
413 1479 601 1511 rusticorum
632 1480 795 1522 negotium
824 1487 892 1512 erat

214 1533 236 1546 ‘'
250 1535 366 1560 torrere
379 1528 443 1571 igni
458 1529 563 1571 fruges
575 1536 605 1561 et
616 1530 759 1572 frangere
772 1541 848 1561 saxo
862 1531 891 1569 ;”

215 1579 333 1621 Virgil.
360 1579 477 1621 Georg.
508 1579 529 1610 i.
552 1580 627 1611 267.
676 1579 809 1611 Ustione
838 1579 894 1611 illa

215 1630 320 1673 fruges
351 1630 475 1662 facilius
510 1631 638 1662 domare
679 1631 893 1673 folliculisque

215 1680 280 1712 suis
302 1680 434 1716 nudare,
457 1680 535 1723 quin
558 1681 638 1712 adeo
660 1680 698 1712 iis
714 1681 893 1723 jucundum

215 1740 361 1772 saporem
378 1730 545 1762 conciliare
563 1737 720 1772 poterant.
740 1731 895 1772 Heynius,

215 1791 250 1823 p.
269 1781 346 1812 367.
394 1780 519 1812 Auctor
542 1781 611 1823 ejus
635 1780 678 1812 rei
704 1781 762 1812 fuit
783 1791 895 1812 secun-

217 1830 294 1862 dum
317 1830 488 1862 Heminam
514 1831 636 1868 Numa,
663 1832 717 1873 qui
740 1837 771 1863 et
800 1832 896 1862 Deam

218 1881 387 1912 Fornacem
402 1880 492 1917 fecit,
511 1891 608 1923 quam
621 1882 845 1923 precabantur,
862 1887 897 1913 ut

217 1930 251 1963 in
275 1931 457 1963 fornacibus
481 1931 564 1963 farra
584 1937 670 1963 recte
696 1937 896 1963 torrerentur.

219 1981 301 2012 Inde
334 1981 532 2013 Fornacalia.
579 1981 713 2018 Plinius,
744 1981 834 2013 xviii.
865 1983 897 2014 2.

218 2030 350 2062 Festus:
378 2035 397 2047 ‘⁴
413 2030 611 2067 Fornacalia,
634 2030 718 2063 feriae
742 2030 894 2063 institutae

219 2086 295 2111 sunt
320 2079 410 2111 farris
440 2080 580 2111 torrendi
606 2080 720 2122 gratia,
748 2080 833 2122 quod
855 2081 896 2112 ad

220 2129 390 2167 fornacem,
417 2140 488 2172 quae
512 2129 545 2160 in
573 2130 713 2172 pistrinis
737 2136 815 2168 erat,
846 2142 895 2162 sa-

219 2178 375 2210 crificium
413 2179 479 2212 fieri
517 2179 650 2212 solebat.
710 2181 898 2213 Fornacalia

218 2238 312 2260 sacra
342 2235 443 2267 erant,
468 2240 567 2271 quum
592 2229 638 2261 far
667 2229 700 2261 in
728 2229 899 2262 fornaculis

220 2278 422 2310 torrebant.”
448 2279 555 2310 Multa
568 2281 682 2310 damna
694 2280 802 2316 tulere,
814 2290 899 2322 saepe

220 2327 346 2370 frugum
359 2328 518 2371 jacturam
539 2328 641 2361 fecere
656 2339 695 2360 ex
711 2328 821 2371 ignota
836 2336 898 2360 tor-

221 2378 312 2410 rendi
334 2379 468 2411 ratione.
515 2380 634 2422 Nigrus
648 2380 796 2422 favillas,
823 2380 900 2422 quia

222 2428 305 2460 farra
321 2428 441 2460 diutius
455 2429 561 2461 valido
576 2430 642 2472 igni
658 2429 825 2462 dederant.
865 2430 899 2462 Si

221 2480 290 2522 igni
305 2489 423 2516 servas,
439 2489 494 2522 per
510 2485 612 2511 totum
627 2479 733 2511 locum
751 2479 835 2512 idem
851 2486 900 2512 est

222 2527 415 2571 subjectum,
440 2534 473 2560 et
498 2531 672 2570 corripuere
696 2528 818 2561 dictum
842 2540 898 2572 pro

222 2577 445 2616 incenderunt,
461 2579 558 2610 verbo
578 2579 618 2610 ab
639 2578 765 2621 ignibus
787 2579 828 2610 ad
849 2579 896 2611 in-

224 2628 311 2660 colas
325 2627 489 2659 translato.

268 2679 345 2711 525.
361 2678 460 2709 Deam
471 2678 500 2709 F
499 2689 650 2715 oruacem,
663 2678 807 2722 virosque
823 2679 898 2712 doc-

224 2732 273 2759 tos
296 2727 496 2760 celebrandis
515 2728 741 2760 Furnacalibus
765 2740 898 2772 operan—

225 2782 272 2809 tes
295 2777 376 2811 ridet
399 2777 596 2814 Lactantius,
616 2778 699 2810 Fals.
717 2778 791 2811 Rel.
807 2779 827 2812 i.
843 2780 896 2811 20.

963 1481 1117 1521 Temperet
1144 1480 1271 1523 fruges,
1296 1479 1416 1522 justam
1450 1478 1635 1521 temperiem

961 1531 1104 1573 frugibus
1125 1531 1179 1562 det
1200 1530 1231 1561 in
1252 1530 1353 1561 furno.
1399 1526 1541 1566 Quidam
1558 1531 1637 1560 vires

962 1586 1114 1621 temperet,
1140 1591 1203 1611 non
1229 1579 1429 1622 improbante
1456 1577 1638 1609 Taubnero.

962 1631 1115 1674 Legitima
1144 1632 1246 1666 verba,
1263 1628 1399 1661 formula
1425 1627 1576 1660 solemnis
1604 1627 1638 1660 iu

962 1681 1071 1723 aliqua
1087 1692 1131 1712 re.
1156 1680 1278 1716 Livius,
1294 1679 1339 1710 ix.
1356 1680 1396 1710 9:
1423 1683 1444 1696 “
1462 1678 1571 1710 Verba
1591 1677 1639 1710 le-

963 1731 1074 1773 gitima
1089 1730 1275 1762 dedentium
1292 1728 1435 1761 urbem.'’

1008 1783 1086 1813 529.
1107 1782 1214 1812 Multa
1237 1780 1361 1816 tabella,
1375 1779 1486 1811 multis
1500 1778 1641 1817 tabellis,

964 1831 996 1862 in
1013 1832 1128 1874 quibus
1143 1831 1308 1873 scriptum,
1323 1830 1355 1861 in
1367 1840 1432 1873 qua
1447 1829 1536 1862 curia
1551 1840 1640 1872 quae—

964 1881 1011 1913 vis
1027 1882 1137 1924 populi
1152 1892 1225 1924 pars
1239 1891 1331 1913 sacra
1341 1881 1471 1912 faceret.
1502 1880 1641 1912 Omnem

965 1931 1049 1963 enim
1077 1931 1230 1974 populum
1262 1930 1421 1962 Romulus
1450 1930 1483 1962 in
1511 1929 1643 1972 triginta

966 1981 1070 2013 curias
1108 1981 1324 2018 distribuerat,
1354 1980 1471 2023 quibus
1507 1980 1642 2012 totidem

963 2033 1057 2063 cu—riae
1072 2031 1195 2063 scilicet
1216 2031 1362 2063 aediculae
1384 2030 1568 2074 assignatae,
1586 2031 1642 2062 ubi

964 2080 1101 2112 curiales
1128 2080 1348 2118 convenirent,
1372 2079 1413 2112 de
1436 2081 1531 2112 rebus
1555 2091 1642 2112 com·

965 2129 1114 2162 munibus
1149 2136 1292 2172 agerent,
1318 2136 1352 2162 et
1388 2140 1444 2173 per
1479 2129 1642 2162 curionem

965 2190 1058 2211 suum
1086 2190 1177 2212 sacra
1206 2181 1358 2212 facerent.
1404 2179 1551 2222 Triginta
1578 2179 1644 2212 illis

969 2229 1153 2262 Curionibus
1185 2235 1321 2272 praeerat
1352 2230 1449 2261 Curio
1477 2230 1644 2262 Maximus.

967 2279 1127 2322 Sigonius,
1151 2280 1231 2311 Ant.
1246 2281 1318 2312 Jur.
1332 2280 1404 2313 Civ.
1419 2280 1516 2312 Rom.
1531 2279 1579 2312 ΙΙ.
1594 2279 1642 2312 iii.

967 2340 1000 2373 p.
1024 2331 1078 2362 52.
1123 2330 1181 2362 Sed
1193 2329 1293 2372 facit,
1316 2336 1378 2362 etc.
1408 2329 1503 2368 Quod
1527 2330 1643 2374 reliqui

967 2381 1054 2412 cives
1070 2380 1121 2412 die
1136 2381 1161 2412 F
1164 2379 1272 2412 ornaci
1287 2386 1472 2412 consecrato
1488 2380 1643 2419 fecerant,

967 2430 1001 2462 id
1037 2430 1140 2468 stulti,
1171 2440 1263 2462 suam
1299 2430 1420 2462 curiam
1453 2430 1644 2470 nescientes,

968 2480 1190 2519 Quirinalibus
1226 2479 1458 2523 adimplebant.
1517 2481 1645 2519 Relata,

968 2530 1069 2562 dilata
1083 2530 1117 2562 in
1130 2530 1215 2562 diem
1231 2536 1422 2562 extremum.

1011 2580 1199 2612 533—570.
1218 2580 1375 2622 Fer-alim]
1394 2581 1470 2612 Mos
1489 2581 1643 2624 antiquus

965 2635 998 2661 et
1023 2629 1169 2672 plurimis
1193 2630 1343 2672 gentibus
1367 2630 1485 2668 cultus,
1511 2631 1644 2664 mortuis

960 2679 1051 2721 justa
1065 2677 1195 2722 publice
1210 2679 1402 2723 persolvere.
1447 2680 1489 2712 In
1511 2679 1641 2712 Italiam

965 2729 1137 2762 translatus
1152 2735 1200 2762 est
1215 2731 1255 2763 ab
1270 2731 1396 2771 AEnea3
1412 2730 1478 2763 vid.
1490 2731 1550 2763 inf.
1564 2732 1642 2764 543.

966 2779 1074 2812 Numa
1103 2780 1281 2823 Pompilius
1319 2791 1357 2813 ea
1386 2791 1513 2823 quoque
1550 2790 1641 2814 sacra
