1809 3220
195 153 285 197 3:36
597 153 648 194 P.
684 151 902 194 OVIDII
938 151 1224 194 NASONIS

198 271 340 320 Laeta
363 285 571 319 canam:
612 269 794 332 gaude,
822 268 1064 318 defuncta
1086 268 1361 324 laboribus,
1391 267 1500 325 Ino,

266 349 438 407 Dixit;
481 355 532 396 et
555 347 673 395 huic
700 347 890 412 populo
915 347 1130 395 dextera
1154 362 1356 411 semper
1382 345 1521 394 ades,

195 428 401 477 Numen
421 426 518 475 eris
541 425 734 491 pelagi:
765 431 942 472 natum
958 440 1165 489 quoque
1184 431 1369 489 pontus
1385 422 1619 481 habebit3

263 506 322 554 In
347 505 527 555 vestris
554 504 691 552 aliud
716 503 901 551 sumite
927 519 1113 550 nomen
1140 505 1303 567 aquis,

194 584 483 635 Leucothee
511 582 696 638 Graiis,
727 581 930 630 Matuta
954 582 1201 629 vocabere
1227 580 1442 649 nostris:
1518 582 1616 629 545

262 663 322 712 In
348 670 522 728 portus
549 668 667 710 nato
685 663 771 725 jus
798 661 892 709 erit
917 676 1066 708 omne
1093 667 1196 708 tuo.

192 742 358 798 Quem
379 758 469 789 nos
497 740 796 797 Portunum,
820 755 912 786 sua
937 738 1110 801 lingua
1135 737 1431 785 Palaemona
1449 736 1614 785 dicet:

263 820 357 877 Ite,
386 834 579 884 precor,
608 817 795 866 nostris
823 833 1001 881 aequus
1028 823 1242 880 uterque
1268 815 1412 863 locis.

190 899 516 947 Adnuerant:
558 897 807 961 promissa
830 895 986 942 fides:
1029 910 1244 958 posuere
1270 894 1499 952 labores;

259 975 482 1025 Nomina
506 982 792 1032 mutarunt;
835 974 917 1021 hic
943 973 1088 1030 deus,
1117 973 1202 1020 illa
1226 973 1323 1021 dea
1347 980 1442 1021 est.
1517 974 1617 1020 550

191 1056 297 1104 Cur
321 1060 458 1102 vetet
483 1052 693 1101 ancillas
721 1052 980 1108 accedere,
1010 1050 1274 1115 quaeritis?
1312 1050 1444 1108 odit3

256 1132 675 1197 Principiumque
701 1131 821 1188 odii,
850 1132 891 1179 si
919 1131 1053 1179 sinat
1078 1130 1205 1196 ipsa,
1233 1146 1442 1178 canam:

191 1213 308 1261 Una
331 1211 673 1259 ministrarum
700 1210 851 1259 solita
876 1218 969 1267 est,
1000 1209 1232 1266 Cadmei,
1260 1217 1461 1257 tuarum

258 1291 407 1355 Saepe
433 1289 528 1336 sub
555 1289 823 1354 amplexus
849 1288 1081 1352 conjugis
1108 1288 1179 1336 ire
1205 1287 1296 1335 tui.

187 1368 457 1434 Improbus
477 1368 605 1415 hanc
627 1367 873 1415 Athamas
896 1366 1067 1415 furtim
1089 1366 1299 1414 dilexit:
1324 1366 1387 1414 ab
1409 1365 1493 1413 illa
1511 1366 1610 1413 555

257 1446 521 1511 Comperit
546 1445 781 1508 agricolis
809 1444 1005 1492 semina
1028 1451 1162 1492 tosta
1188 1443 1313 1491 dari.

228 1612 303 1643 542.
330 1611 463 1642 Dextera
481 1621 535 1653 pro
550 1621 691 1651 prospera
711 1609 862 1641 Heinsius

185 1672 223 1692 ex
246 1666 381 1704 quatuor
401 1661 495 1692 MSS.
518 1660 647 1703 recepit,
666 1659 741 1702 quia
765 1659 860 1690 etiam

184 1711 205 1742 i.
217 1711 269 1742 67.
287 1710 327 1742 ad
338 1711 456 1742 Janum
471 1723 477 1740 ε
499 1710 614 1741 Deiter
629 1712 699 1741 ades
709 1711 859 1746 ‹lucibus;

182 1762 317 1793 Metam.
331 1760 416 1792 dicto
433 1761 502 1792 loco
519 1761 704 1803 NeptunuS,
723 1759 860 1791 Veneris

183 1811 330 1853 precibus
364 1816 551 1846 commotus,
591 1808 775 1840 natantibus
812 1808 860 1840 his

184 1860 215 1892 in
233 1861 310 1892 mari
335 1864 355 1877 ¹³
368 1870 548 1902 nomenque
564 1859 657 1891 simul
679 1858 859 1901 faciemque

184 1910 309 1942 novavit
325 1923 330 1940 :
369 1909 614 1951 Leucotheeque
652 1908 748 1940 deum
785 1919 857 1939 cum

182 1966 282 1993 matre
298 1960 481 1991 Palaemona
500 1959 613 1990 dixit.’'
663 1959 727 1989 Hos
743 1964 860 1990 cuncta

185 2011 312 2043 Graecia
348 2010 577 2047 venerabatur3
618 2009 740 2045 Cicero,
776 2009 856 2039 Nat.

182 2063 280 2094 Deor.
295 2060 344 2091 iii.
363 2060 413 2091 15.
443 2060 524 2091 Fons
537 2059 652 2091 sabulae
669 2070 707 2090 ex
726 2058 856 2090 Homeri

181 2111 245 2143 Od.
260 2115 296 2143 E.
309 2111 384 2142 335.
397 2121 468 2152 sqq.
494 2109 647 2141 Eamdem
661 2120 728 2140 esse
746 2110 855 2139 Mam-

181 2170 243 2193 tam
259 2161 488 2197 Romanorum,
507 2160 603 2192 0113111
624 2159 745 2195 Cicero,
761 2159 856 2191 Tusc.

181 2212 202 2243 i.
230 2212 281 2242 12.
306 2215 432 2242 narrat:
468 2215 488 2227 “
503 2210 615 2248 Quid!
650 2210 719 2246 Ino,
741 2208 854 2240 Cadmi

179 2261 258 2298 filia,
290 2270 394 2291 nonne
421 2259 602 2291 Leucothea
639 2259 801 2290 nominata
838 2269 854 2290 a

181 2310 315 2346 Graecis,
345 2310 472 2341 Matuta
496 2310 628 2341 liabetur
653 2320 671 2340 a
696 2308 854 2340 nostrisl'’

180 2362 232 2393 De
253 2361 376 2391 Matuta
395 2360 518 2391 Nonius
528 2359 662 2390 Marcel.
688 2360 855 2390 “Manum

180 2411 296 2443 dicitur
311 2410 444 2446 clarum,
462 2409 546 2440 unde
563 2408 658 2440 etiam
676 2419 769 2440 mane
784 2415 855 2451 post

179 2461 329 2493 tenebras
344 2459 445 2490 noctis
460 2458 523 2490 diei
539 2469 611 2501 pars
627 2459 739 2501 prima.
772 2458 853 2490 Inde

178 2512 320 2547 Matuta,
332 2520 402 2552 quae
413 2509 527 2540 Graece
539 2509 760 2540 Leucothea.‘'
787 2509 853 2541 Ne—

179 2561 280 2605 apolis
298 2559 479 2594 dubitabat.
498 2565 603 2590 utrum
628 2559 796 2596 Portunus,
812 2570 852 2591 an

177 2622 252 2643 cum
282 2609 348 2641 suis
376 2609 469 2640 MSS.
501 2609 690 2639 Portunmus
713 2609 853 2640 scriben-

178 2662 256 2694 dum
280 2661 338 2700 sit3
370 2660 437 2691 sine
460 2670 577 2691 causa:
616 2659 743 2696 Cicero,
773 2660 851 2691 Nat.

178 2713 278 2743 Deor.
295 2710 329 2742 ii.
347 2710 410 2742 26:
438 2714 458 2728 “
473 2710 517 2742 Ut
535 2710 695 2742 Portunus
715 2720 733 2741 a
749 2715 852 2752 portu,

177 2763 221 2793 sic
239 2761 411 2804 Neptunus
426 2771 444 2792 a
460 2759 603 2792 nando-'⁹

976 1609 1054 1640 549.
1084 1609 1235 1639 Promissa
1251 1608 1358 1649 fidem
1387 1612 1423 1638 ut
1449 1612 1515 1637 vota
1529 1606 1612 1648 fides

931 1661 1069 1700 sequitur
1094 1657 1223 1700 passim,
1248 1657 1345 1688 etiam
1370 1655 1402 1687 in
1425 1655 1476 1687 his
1496 1654 1612 1693 Fastis,

930 1708 1057 1751 legitur,
1071 1718 1170 1750 quum
1182 1708 1227 1744 fit,
1241 1706 1326 1750 quod
1340 1706 1412 1750 quis
1424 1710 1610 1750 optaverat3

930 1758 975 1789 sic
988 1759 1071 1800 fides
1093 1760 1298 1798 promittitur,
1322 1767 1421 1799 quum
1443 1756 1514 1800 quis
1538 1767 1610 1799 pro-

929 1807 1027 1839 mittit
1053 1819 1086 1839 se
1114 1807 1238 1850 aliquid
1265 1806 1422 1839 facturum
1448 1816 1538 1844 esse3
1564 1806 1610 1838 iii.

929 1859 1014 1890 366:
1055 1859 1231 1890 Pollicitutn
1269 1859 1359 1889 dictis
1387 1859 1466 1889 adde
1485 1856 1606 1898 fidem,·

933 1908 1166 1940 Pseudo—Lact.
1182 1907 1221 1940 de
1230 1908 1401 1940 Pasch.65
1417 1920 1423 1938 :
1450 1911 1470 1925 “
1483 1906 1605 1950 pollici-

928 1965 991 1990 tam
1009 1959 1105 1991 redde
1123 1959 1217 1991 fidem
1234 1959 1264 1998 ;’'
1288 1960 1425 1990 Metam.
1441 1959 1496 1991 vii.
1516 1959 1581 1991 323
1596 1972 1603 1990 :

929 2014 949 2026 “
966 2009 1119 2051 promissa
1157 2015 1323 2051 postquam
1355 2009 1539 2041 Exhibuere
1568 2008 1605 2040 fi-

926 2059 1038 2090 dem.''

971 2110 1047 2141 551.
1062 2109 1180 2141 Confer
1192 2108 1413 2145 Plutarchum,
1425 2108 1604 2146 Quaestion.

927 2158 1065 2190 Roman.
1086 2164 1162 2189 tom.
1179 2158 1234 2190 vii.
1255 2170 1290 2201 p.
1311 2159 1374 2190 83:
1401 2158 1546 2196 Δούλαις
1563 2159 1603 2191 τὸ

925 2212 987 2248 τῆς
1025 2208 1207 2247 Λευκοθέας
1244 2208 1334 2250 ἱερὸν
1370 2208 1515 2250 ἄβατον,
1546 2209 1603 2252 qui

925 2259 1026 2295 addit,
1067 2269 1162 2290 unam
1200 2259 1349 2290 ancillam
1387 2258 1545 2291 introduci
1583 2270 1604 2292 a

925 2309 1087 2346 matronis,
1103 2309 1311 2352 colaphisque
1329 2309 1498 2341 verberari.
1540 2310 1603 2342 Sub

924 2362 1079 2401 amplexus
1103 2361 1148 2391 ire
1170 2361 1267 2392 etiam
1290 2362 1426 2392 Metam.
1450 2359 1504 2392 vii.
1525 2361 1602 2394 616.

925 2410 975 2442 De
996 2411 1158 2442 seminibus
1177 2409 1241 2442 illis
1262 2413 1344 2442 tostis
1366 2410 1440 2442 vide
1458 2409 1491 2441 ii.
1512 2411 1576 2443 628
1590 2425 1602 2442 :v

923 2459 968 2491 iii.
986 2461 1062 2492 853.
1108 2460 1202 2491 Illam
1223 2471 1318 2491 unam
1339 2459 1435 2491 fuisse
1457 2460 1600 2492 AEtolam

921 2516 1028 2553 gente,
1059 2509 1271 2553 Antipheram
1296 2510 1435 2546 nomine,
1465 2517 1493 2540 et
1524 2510 1598 2542 inde

922 2560 1007 2603 apud
1031 2560 1258 2592 Chaeronenses
1278 2559 1431 2591 aedituum
1459 2566 1531 2591 ante
1554 2571 1598 2592 ae—

922 2610 995 2642 dem
1012 2609 1209 2642 Leucothees
1225 2620 1297 2641 cum
1318 2609 1445 2651 flagello
1460 2615 1598 2642 stantem

922 2659 1027 2692 dicere
1042 2673 1048 2690 :
1074 2660 1124 2691 Ne
1141 2659 1213 2702 quis
1229 2671 1338 2692 servus
1352 2660 1461 2697 intret,
1479 2671 1518 2692 ne
1532 2671 1597 2703 qua

922 2720 1022 2747 serva,
1038 2720 1077 2742 ne
1093 2709 1165 2752 quis
1180 2709 1322 2745 AEtolus,
1337 2720 1375 2741 ne
1392 2710 1458 2742 ulla
1474 2709 1597 2747 AEtola,

927 2759 1090 2790 Plutarch.
1107 2758 1193 2790 dicto
1208 2759 1277 2790 loco
1292 2765 1411 2790 narrat.

1754 3015 1801 3220 Γρᾒθῒτῆἳτ·
1779 2964 1792 2994 :—
