1830 3220
757 416 1152 459 EXCURSUS

572 582 660 636 IN
706 582 976 637 OVIDII
1021 583 1337 637 FASTOS.

826 758 1088 792 ...φ-

674 907 978 946 EXCURSUS
1010 907 1244 945 PRIMUS.

252 1057 307 1081 DE
335 1055 482 1081 FASTIS
506 1055 726 1089 ROMAle;
758 1057 814 1081 ΕΤ
834 1057 891 1082 ΒΕ
914 1056 1054 1081 HUJUS
1074 1055 1301 1087 CARMINIS,
1322 1054 1433 1085 QUOD
1456 1054 1502 1078 IN
1527 1054 1582 1077 119·
1604 1052 1667 1077 11„-

430 1119 702 1146 LUSTRANms
723 1120 968 1151 VERSATUR,
988 1119 1188 1145 CONSILIO
1210 1119 1266 1144 ET
1288 1118 1494 1143 RATIONE.

254 1221 653 1287 CONSILIUM,
678 1239 793 1294 quod
824 1239 865 1279 in
896 1238 974 1279 hoc
1003 1238 1190 1279 carmine
1221 1238 1518 1292 componendo
1550 1250 1670 1291 spec-

251 1309 358 1350 tavit
380 1315 424 1349 et
447 1308 632 1349 feliciter
654 1314 884 1350 exsecutus
904 1314 970 1349 est
989 1307 1188 1356 Ovidius,
1216 1307 1345 1348 totius
1368 1307 1467 1348 anni
1487 1306 1673 1347 Romani

251 1378 396 1426 ferias,
421 1383 691 1432 caeterasque
712 1377 920 1418 fastorum
949 1377 1190 1419 notationes
1217 1378 1270 1418 ad
1302 1391 1448 1418 eorum
1480 1376 1674 1417 ordinem

253 1448 422 1503 poetice
445 1447 673 1489 enarrandi
690 1453 735 1488 et
751 1447 804 1488 ad
829 1461 979 1488 causas
1004 1461 1100 1487 suas
1123 1447 1355 1488 revocandi
1377 1446 1509 1501 ipsius
1533 1450 1675 1500 poetae

252 1517 426 1573 ingenio
448 1523 493 1557 et
515 1516 752 1558 inventioni
774 1516 832 1557 ita
853 1523 972 1558 certe
994 1517 1144 1558 deberi
1167 1516 1350 1564 videtur,
1372 1522 1420 1556 ut
1441 1515 1671 1564 neminem,

253 1602 381 1642 quem
413 1588 466 1629 ab
495 1587 610 1628 omni
641 1592 762 1642 parte
793 1586 834 1626 in
862 1586 939 1627 hac
966 1601 1012 1626 re
1041 1591 1307 1640 praeeuntem
1335 1585 1544 1631 habuerit,
1567 1585 1675 1625 indi-

254 1672 352 1700 care
383 1671 605 1712 queamuS.
670 1657 749 1698 Est
779 1656 868 1697 haec
900 1656 941 1697 in
964 1655 1250 1710 singuiaribus
1276 1655 1401 1710 hujus
1423 1659 1564 1709 poetae
1590 1654 1677 1696 lau-

256 1727 396 1776 dibus,
419 1741 544 1782 quam
579 1733 623 1767 et
654 1726 696 1767 in
729 1725 898 1767 heroica
928 1725 1109 1780 epistola
1136 1724 1374 1773 condenda,
1399 1724 1586 1765 maxime
1617 1730 1677 1764 ta-

255 1811 354 1838 men
391 1796 504 1837 haud
538 1796 667 1837 dubie
706 1795 747 1836 in
781 1794 890 1836 Arte
925 1794 1144 1841 amatoria,
1180 1794 1296 1848 quod
1330 1808 1502 1834 carmen
1536 1793 1679 1848 quoad

256 1866 516 1907 inventionis
548 1865 721 1906 laudem
757 1865 868 1906 haud
901 1865 1028 1906 facile
1064 1865 1136 1904 ulli
1172 1864 1348 1905 carmini
1382 1863 1580 1905 Romano
1613 1877 1678 1904 se-

258 1937 446 1978 cundum
469 1944 549 1983 est,
574 1940 802 1976 meretura.

317 2006 525 2060 Princeps
556 2005 743 2047 omnium
774 2005 905 2060 igitur
937 2005 990 2045 de
1024 2004 1085 2045 bis
1115 2004 1235 2045 fastis
1266 2003 1446 2058 quaestio
1478 2017 1573 2043 esse
1605 2003 1679 2043 de-

260 2076 390 2124 bebit,
414 2082 459 2116 et
490 2082 549 2123 ut,
574 2075 776 2130 quicquid
804 2074 871 2115 vel
903 2075 996 2129 ipsa
1025 2074 1255 2128 antiquitas
1280 2073 1334 2114 de
1359 2072 1408 2113 iis
1433 2072 1586 2119 tradat,
1613 2071 1683 2113 vel

258 2147 501 2201 fragmenta
530 2159 679 2186 eorum
712 2144 794 2185 huc
824 2144 925 2185 illuc
953 2150 1138 2192 servata,
1162 2143 1357 2191 collecta,
1382 2149 1426 2183 et
1447 2157 1471 2183 e
1494 2141 1684 2184 tenebris

258 2217 478 2259 vindicata
499 2215 739 2263 docuerint,
760 2221 960 2256 accurate
985 2220 1028 2255 et
1047 2214 1279 2269 diligenter
1299 2214 1534 2261 videamus,
1555 2227 1684 2268 quam

260 2286 454 2341 proxime
487 2286 542 2326 ad
577 2285 819 2326 institutum
853 2289 1047 2324 nostrum
1079 2283 1290 2338 pertinet:
1328 2283 1461 2337 idque
1494 2281 1685 2337 inprimis

260 2370 392 2410 quum
417 2355 459 2396 in
483 2355 650 2396 duobus
673 2354 878 2395 fastorum
904 2353 1137 2407 generibus
1159 2351 1395 2406 (historicis
1420 2357 1464 2392 et
1486 2350 1686 2392 kalenda-

260 2424 379 2465 rz'bus
397 2424 465 2466 vel
487 2425 643 2474 sacris)
664 2423 789 2465 valde
812 2423 988 2477 quidem
1012 2421 1205 2470 diversis,
1230 2436 1327 2477 quae
1349 2427 1492 2462 tamen
1516 2426 1687 2462 veteres

261 2495 416 2535 eodem
449 2494 618 2534 nomine
649 2492 905 2548 plerumque
935 2491 1164 2546 complecti
1189 2490 1398 2538 solebant,
1423 2496 1687 2531 commutan-

262 2564 327 2605 dis
363 2563 518 2604 multos
552 2563 698 2604 turbas
732 2562 902 2610 fecisse,
929 2568 973 2603 et
1006 2562 1060 2603 ad
1096 2568 1240 2602 utrum
1275 2575 1413 2616 genus
1446 2559 1690 2614 pertineant

309 2672 323 2687 ‘²
353 2666 446 2699 Conf.
467 2666 639 2710 judicium,
664 2665 749 2708 quod
779 2664 820 2696 de
850 2665 944 2707 hujus
1017 2664 1073 2696 Vir
1109 2674 1251 2695 summus
1284 2663 1461 2703 Bottigerus
1496 2661 1528 2691 in
1563 2661 1688 2696 Sabinu,

266 2718 416 2749 carminis
449 2717 660 2748 aestimatione
697 2714 823 2757 egregie
859 2715 945 2746 tulit.
1017 2725 1093 2757 pag.
1113 2715 1165 2744 40.
