1830 3220
568 209 918 251 FASTORUM
954 209 1074 251 LIB.
1109 209 1165 252 V.

1493 211 1578 252 ‘289

154 325 350 374 Taurus
377 325 469 373 init
493 327 707 374 coelum:
749 335 814 383 te,
846 326 1039 382 Sidoni,
1066 326 1271 390 Jupiter
1299 326 1504 391 implet;

223 403 454 467 Parsque
480 411 623 451 tuum
648 411 794 452 terrae
821 405 970 453 tertia
994 422 1178 453 nomen
1204 405 1376 454 habet.

155 480 267 530 Hoc
294 482 377 529 alii
403 481 602 545 signum
629 481 867 529 Phariam
893 482 1069 530 dixere
1090 484 1390 546 juvencam3

223 559 350 614 Quae
377 560 468 607 bos
494 576 559 608 ex
585 560 787 608 homine
815 567 908 616 est,
932 577 996 609 ex
1022 561 1151 608 bove
1170 560 1306 608 facta
1331 562 1441 609 dea.
1478 564 1576 608 620

153 635 283 684 Tum
311 654 516 702 quoque
543 638 823 702 priscorum
847 638 986 701 virgo
1012 638 1281 686 simulacra
1305 639 1522 687 virorum

222 714 428 763 Mittere
453 716 662 764 roboreo
683 716 881 780 scirpea
906 722 1060 780 ponte
1087 716 1232 764 solet.

157 792 385 858 Corpora
412 801 529 859 post
553 794 725 843 decies
753 811 901 843 senos
927 795 1015 859 qui
1042 794 1257 842 credidit
1282 811 1439 842 annos

222 871 385 920 Missa
409 872 539 929 neci,
569 873 773 921 sceleris
801 873 1009 922 crimine
1035 873 1243 921 damnat
1267 889 1402 921 avos.

156 949 313 998 Fama
330 957 475 998 vetus
494 968 504 999 :
540 958 664 1009 tum,
684 968 840 1016 quum
865 952 1104 999 Saturnia
1129 958 1263 1000 terra
1280 958 1458 999 vocata
1477 957 1572 1007 est,

221 1027 365 1076 Talia
388 1029 579 1077 fatidici
606 1030 743 1078 dicta
765 1029 904 1078 fuere
931 1030 1014 1078 dei
1036 1045 1044 1075 :

1476 1031 1572 1076 626

152 1105 396 1155 Falcifero
421 1108 578 1155 libata
602 1109 709 1156 seni
737 1109 838 1156 duo
863 1124 1090 1172 corpora,
1117 1115 1310 1171 gentes,

225 1185 436 1244 Mittite,
458 1203 572 1250 quae
598 1187 779 1235 Tuscis
805 1187 1126 1251 excipiantur
1152 1187 1313 1249 aquis.

152 1403 171 1415 “
187 1397 289 1440 posita
303 1397 428 1430 fallacis
443 1398 580 1441 imagine
596 1399 676 1430 tauri
693 1401 733 1431 Se
750 1410 823 1431 con-

152 1449 252 1480 sessus
277 1449 369 1480 erat’¹
391 1450 538 1492 Jupiter3
571 1450 704 1481 Metam.
726 1450 770 1482 iii.
795 1451 823 1481 l.

154 1498 220 1531 Hoc
235 1500 302 1536 alii,
319 1505 381 1531 etc.
396 1500 479 1531 conf.
494 1500 538 1532 iv.
555 1501 635 1539 7173
662 1498 823 1542 Hyginus,

152 1548 242 1580 Poet.
258 1549 387 1581 Astron.
403 1549 435 1581 ii.
451 1551 503 1583 21.
551 1550 824 1591 Phariamjuven-

152 1610 227 1636 cam,
242 1600 290 1636 Io,
304 1599 416 1631 Inachi
430 1600 541 1637 filiam,
559 1600 651 1642 cujus
664 1600 825 1642 duplicem

152 1649 457 1682 transformationem
483 1661 515 1682 er
537 1652 654 1682 homine
675 1653 708 1681 in
730 1652 827 1682 bovem

152 1705 182 1731 et
198 1701 232 1730 in
247 1701 344 1731 Deam
360 1713 393 1732 esc
406 1703 473 1732 bove
490 1701 588 1732 habes
601 1702 682 1732 Met.
693 1701 714 1732 i.
744 1701 826 1731 Pha-

153 1751 242 1787 riam,
258 1750 457 1792 AEgyptiam.
504 1751 603 1782 Amat
617 1751 700 1782 hanc
716 1761 826 1782 vocem

152 1799 364 1831 Claudianus.
413 1801 520 1832 Verba
560 1802 633 1835 Qum
671 1802 729 1836 bos,
761 1807 825 1832 etc.

152 1849 249 1881 etiam
266 1850 395 1881 Heroid.
409 1850 473 1881 xiv.
485 1851 538 1882 86.
553 1851 714 1892 leguntur,
730 1856 826 1892 atque

153 1899 234 1930 adeo
249 1899 407 1941 placuisse
422 1899 569 1932 videntur
585 1900 714 1931 Ovidio.

197 1950 383 1981 621-662.
406 1949 526 1980 Eodem
542 1949 594 1981 die
609 1949 776 1992 pontifices
795 1956 825 1981 et

154 1997 290 2041 virgines
315 1999 451 2030 vestales
474 1999 595 2042 scirpea
622 1999 757 2030 virorum
782 1999 824 2030 si-

154 2049 296 2081 mulacra
310 2049 343 2080 in
351 2049 491 2081 Tiberim
501 2050 655 2092 projicere
666 2050 826 2088 soleba1113

154 2099 246 2142 cujus
281 2099 324 2131 rei
360 2110 464 2131 causae
498 2099 696 2131 adferuntur.
744 2099 828 2131 Vide

155 2149 291 2192 Dionys.
303 2149 467 2181 Halicarn.
479 2150 501 2181 i.
516 2151 554 2181 19
570 2155 602 2180 et
617 2151 677 2187 383
703 2149 828 2181 Plutar-

157 2200 265 2236 chum,
284 2201 406 2238 Quaest.
422 2200 519 2231 Rom.
537 2211 569 2242 p.
591 2201 662 2231 102.
679 2199 787 2231 Reisk.

204 2250 293 2287 Tum,
313 2250 424 2282 Idibus
450 2249 559 2285 Maiis,
580 2249 736 2281 sacrificio
759 2256 831 2281 ante

156 2305 295 2343 peracto,
316 2300 492 2342 pontificeS,
517 2299 663 2337 vestales,
683 2305 832 2342 praetores

159 2350 277 2392 aliique
302 2351 399 2386 cives,
423 2350 594 2382 simulacra
619 2350 659 2381 ad
684 2350 832 2381 humanae

159 2401 267 2431 formae
303 2399 542 2432 similitudinem
572 2400 671 2437 facta,
703 2410 833 2431 numero

157 2451 298 2494 triginta,
315 2451 355 2482 de
376 2457 470 2494 ponte
491 2451 625 2483 sublicio
645 2451 678 2481 in
693 2449 832 2482 Tiberim

158 2501 349 2540 mittebant3
374 2501 558 2543 Dionysius,
583 2501 638 2543 qui
663 2500 834 2531 simulacra

157 2551 213 2583 illa
237 2560 328 2584 vocat
353 2551 472 2583 εἴδωλα
495 2551 702 2594 ἀνδρείκελα,
724 2561 832 2582 κεκοσ-

159 2601 290 2644 μημένα
315 2603 375 2634 τὸν
400 2602 507 2634 αὑτὸν
529 2601 663 2639 ἐκείνοις
686 2612 829 2643 τροπον.

159 2654 283 2694 Scirpea
313 2652 420 2689 fuisse,
443 2657 576 2684 testatur
601 2653 696 2683 etiam
720 2651 832 2687 Varro,

160 2703 214 2745 qui
237 2708 361 2734 tantum
380 2702 489 2744 viginti
514 2706 649 2744 quatuor
672 2706 831 2732 numerat.

161 2752 260 2784 Dicta
285 2758 392 2784 autem
416 2760 489 2784 sunt
515 2754 619 2795 Argei.
668 2752 832 2787 Roboreus,

161 2802 332 2841 sublicius3
356 2813 374 2833 a
391 2803 545 2845 Dionysio
561 2813 658 2838 sacer,
676 2812 694 2832 a
712 2802 835 2833 Plutar-

218 2853 319 2884 VOL.
344 2855 386 2885 V.

894 1398 954 1430 cho
972 1398 1107 1441 ligneus,
1119 1399 1252 1439 ξυλίνη,
1263 1405 1404 1431 vocatur.
1442 1399 1573 1439 Corpora

891 1455 957 1489 post
972 1450 1078 1486 decies,
1092 1454 1154 1480 ete.
1200 1450 1296 1480 Falsa
1312 1449 1397 1480 fama
1413 1448 1574 1491 improba-

894 1504 954 1530 tur.
983 1498 1200 1540 Sexagenarfi,
1211 1500 1365 1531 Oscorum
1380 1498 1491 1539 lingua
1507 1510 1573 1529 cas-

895 1560 983 1580 mzres
999 1548 1199 1581 dicebantur.
1239 1550 1357 1580 Varro:
1380 1552 1400 1565 ‘¹
1416 1548 1480 1579 Vix
1496 1546 1574 1579 effa-

895 1604 946 1631 tus
972 1605 1049 1636 erat,
1075 1610 1173 1641 quum
1201 1610 1286 1630 more
1313 1598 1466 1641 majorum
1491 1598 1574 1629 ultro

895 1659 1043 1680 casnares
1054 1649 1217 1691 arripiunt,
1228 1649 1268 1680 de
1283 1656 1377 1691 ponte
1390 1649 1421 1679 in
1431 1647 1571 1679 Tiberim

896 1698 1101 1729 deturbant.’'

940 1749 1016 1780 625.
1055 1749 1201 1791 Pelasgis
1231 1749 1375 1780 Dodonae
1406 1748 1570 1780 oraculum

895 1804 963 1829 erat
978 1798 1097 1830 editum
1111 1810 1117 1827 ε
1133 1798 1283 1841 Στείχετε
1296 1798 1468 1841 μαιόμενοι
1481 1802 1567 1830 Σικε-

895 1850 965 1881 λῶν
978 1848 1190 1890 Σατουρνίαν
1206 1849 1297 1885 αἶαν,
1313 1847 1380 1880 ‘HR'
1399 1847 1572 1890 Ἀβοριγε-

896 1897 979 1930 νέων
994 1898 1165 1938 Κοτύλην,
1178 1898 1215 1930 οὗ
1227 1899 1331 1936 νᾶσος
1347 1898 1486 1940 ὀχεῖται.
1517 1898 1575 1935 Οἷς

895 1947 1137 1991 ἀναμιχθέντες
1149 1947 1293 1988 δεκάτην
1302 1947 1490 1990 ἐκπέμψατε
1501 1947 1577 1979 Φοί-

895 1998 959 2040 βῳ,
975 1999 1029 2030 καὶ
1052 1998 1196 2040 κεφάλας
1212 1997 1378 2042 ”Αόῃ,και“
1399 1999 1446 2040 τῷ
1470 1999 1574 2040 πατρὶ

898 2047 1042 2091 πέμπετε
1054 2051 1157 2091 φῶτα.
1193 2053 1214 2066 “
1227 2049 1276 2080 lte
1294 2055 1472 2091 quaerentes
1484 2049 1576 2080 Sicu-

897 2099 997 2130 lorum
1012 2098 1192 2130 Saturniam
1210 2104 1337 2136 terram,
1355 2105 1450 2141 atque
1462 2098 1577 2130 Abori-

898 2149 1006 2191 ginum
1018 2149 1167 2191 Cotylen,
1182 2150 1233 2181 ubi
1247 2149 1352 2181 insula
1365 2154 1465 2180 natat.
1496 2150 1576 2186 Qui-

899 2200 959 2230 bus
971 2199 1117 2241 permixti
1135 2198 1294 2230 decimam
1311 2199 1426 2230 mittite
1438 2199 1576 2236 Phoebo,

901 2255 932 2280 et
947 2248 1053 2291 capita
1066 2248 1146 2285 Diti,
1157 2255 1189 2280 et
1204 2249 1286 2291 patri
1304 2248 1420 2280 mittite
1431 2249 1533 2280 virum
1544 2249 1575 2287 ;’'

903 2299 1088 2340 Dionysius.
1135 2299 1196 2330 Dei
1223 2310 1261 2330 ex
1288 2299 1438 2330 Medieeo
1466 2299 1577 2330 Heius.

902 2348 1002 2386 dedit,
1024 2355 1058 2380 ut
1083 2349 1122 2380 de
1148 2349 1298 2392 Apolline
1324 2354 1446 2391 agatur.
1493 2349 1578 2387 Quia

904 2410 985 2436 vero,
1016 2404 1143 2430 auctore
1181 2399 1347 2441 Dionysio,
1378 2398 1578 2430 Dodonaeum

903 2448 964 2480 fuit
989 2449 1165 2485 oraculum,
1192 2454 1358 2492 propterea
1385 2448 1470 2479 idem
1495 2447 1580 2478 Jovis

902 2498 1022 2530 mallet.
1069 2499 1225 2541 Falcg'fero
1249 2501 1325 2535 seni,
1351 2498 1417 2530 sive
1444 2498 1579 2528 Saturno

901 2549 1019 2592 priscos
1041 2549 1145 2580 Italiae
1170 2549 1291 2581 incolas
1317 2549 1461 2580 homines
1484 2547 1577 2577 obtu-

901 2600 974 2632 lisse
998 2601 1053 2637 ita,
1075 2606 1110 2631 ut
1131 2611 1185 2632 eos
1206 2600 1342 2642 pedibus
1368 2598 1579 2638 manibusque

901 2651 1023 2682 vinctos
1038 2651 1071 2681 in
1084 2650 1225 2682 Tiberim
1237 2651 1437 2693 projicerent,
1450 2652 1580 2678 narrant

903 2708 935 2733 et
954 2700 1090 2744 Dionys.
1109 2706 1142 2732 et
1163 2701 1310 2732 Lactant.
1360 2700 1462 2729 Tuscae
1483 2708 1581 2737 oquae,

903 2751 1038 2787 Tiberis,
1056 2757 1087 2782 et
1102 2751 1123 2780 i.
1140 2751 1214 2781 500.

1044 2851 1066 2880 P
1085 2862 1103 2893 p
