1830 3220
819 175 960 218 IBIS.

1502 175 1589 219 483

171 288 392 338 Verbera
416 297 547 340 torta
571 291 766 340 dabunt
787 293 1038 352 sonitum;
1080 308 1331 357 nexaeque
1357 292 1577 341 colubris

232 367 455 416 Conscia
478 368 747 418 fumabunt
772 387 972 435 semper
998 370 1063 419 ad
1088 387 1175 418 ora
1199 370 1355 419 faces.

166 443 261 493 His
282 446 422 495 vivus
444 447 584 497 furiis
612 449 885 513 agitabere,
914 455 1142 497 mortuus
1167 450 1359 507 isdem3

233 522 301 572 Et
325 525 522 574 brevior
546 543 698 591 poena
720 527 823 575 vita
845 527 1014 576 futura
1038 534 1125 575 tua
1151 534 1244 575 est.

163 602 212 649 N
217 618 274 650 ec
286 602 847 668 tibicontingentfunus
864 605 1208 669 lacrymaeque
1226 612 1453 662 tuorum;
1489 606 1582 652 165

231 680 614 747 Indeploratum
640 683 908 748 projiciere
933 691 1104 748 caput.

162 757 533 825 Carnificisque
564 777 734 818 manu,
763 762 953 826 populo
979 761 1272 826 plaudente,
1296 760 1538 819 traheris3

230 837 533 904 Infixusque
559 840 661 888 tuis
687 841 888 888 ossibus
914 857 1074 889 uncus
1101 840 1213 888 erit.

161 914 294 981 Ipsae
319 924 369 966 te
395 917 607 982 fugient,
635 935 750 984 quae
775 926 992 984 carpunt
1016 919 1200 976 omnia,
1228 918 1475 967 flammae:

229 994 464 1061 Respuet
487 996 702 1046 invisum
717 999 859 1062 justa
883 999 1099 1047 cadaver
1124 999 1324 1047 humus.

1488 1000 1582 1045 170

161 1072 434 1137 Unguibus
459 1082 511 1123 et
535 1083 696 1125 rostro
721 1078 895 1126 tardus
921 1070 1088 1126 trahet
1111 1077 1196 1125 ilia
1219 1078 1417 1135 vultur;

226 1150 296 1199 Et
321 1152 555 1202 scindent
580 1154 738 1203 avidae
763 1155 957 1220 perfida
978 1156 1132 1204 corda
1156 1172 1328 1204 canes.

159 1229 343 1294 Deque
368 1238 456 1280 tuo
480 1231 587 1291 fiet,
612 1233 734 1282 licet
758 1234 852 1283 hac
881 1234 949 1283 sis
975 1235 1125 1284 laude
1151 1235 1420 1299 superbus,

227 1308 612 1359 Insatiabilibus
639 1328 852 1376 corpore
879 1313 989 1361 rixa
1013 1313 1162 1378 lupis.

157 1386 217 1434 In
243 1388 355 1436 loca
380 1390 443 1436 ab
471 1388 660 1454 Elysiis
686 1390 888 1438 diversa
911 1391 1154 1454 fugabere
1180 1391 1404 1455 campis3

1486 1393 1579 1438 175

224 1465 472 1532 Quasque
497 1474 640 1517 tenet
664 1469 814 1517 sedes
840 1469 993 1517 noxia
1018 1470 1184 1527 turba,
1211 1469 1367 1517 coles.

158 1543 414 1609 Sisyphus
441 1553 519 1594 est
543 1546 647 1594 illic
675 1563 856 1594 saxum
882 1548 1194 1612 volvensque
1219 1554 1535 1611 petensque;

224 1622 430 1688 Quique
457 1625 623 1688 agitur
647 1625 837 1690 rapidae
863 1625 1064 1673 vinctus
1092 1626 1155 1673 ab
1182 1626 1303 1674 orbe
1329 1632 1479 1673 rotae:

201 1772 277 1803 161.
305 1772 435 1803 Verbera
456 1773 564 1814 saeva.]
596 1773 726 1804 Verbera
750 1780 830 1805 torta

152 1823 264 1866 primae
281 1822 437 1854 editiones
453 1828 484 1854 et
501 1829 564 1854 tres
579 1823 707 1866 scripti3
725 1830 827 1855 recte:

152 1872 311 1908 Tibullus,
330 1872 388 1904 lib.
407 1872 429 1904 i.
454 1872 546 1914 Eleg.
568 1872 610 1904 vi.
635 1875 695 1904 45:
728 1878 749 1891 “
772 1884 831 1905 nec

152 1934 259 1955 acrem
276 1923 466 1959 Flammam,
479 1933 537 1954 nec
551 1922 685 1954 demens
700 1924 833 1955 verbera

155 1979 239 2004 torta
256 1973 347 2004 timet
362 1973 393 2012 ;’'
418 1973 511 2014 Eleg.
525 1971 569 2004 ix.
587 1974 649 2004 22:
676 1977 697 1990 “
714 1974 832 2005 intorto

153 2024 284 2055 verbere
298 2029 388 2065 terga
402 2033 477 2054 seca
489 2022 522 2062 3¹¹
540 2023 826 2066 Seneca'l'hyeste:

152 2077 174 2091 “
197 2072 285 2111 Quid
311 2083 366 2104 ora
391 2079 488 2104 terres
514 2073 657 2109 verbere,
679 2078 710 2103 et
733 2078 831 2104 tortos

153 2124 240 2155 ferox
269 2123 406 2155 Minaris
431 2123 600 2165 angues1''
633 2128 665 2154 et
690 2123 826 2154 Medea:

153 2178 174 2191 “
194 2173 307 2216 anguis
336 2184 471 2205 excusso
505 2178 597 2204 sonat
627 2172 742 2204 Tortus
772 2173 829 2204 fia-

152 2224 276 2267 gello;’'
302 2225 377 2255 Val.
403 2224 492 2255 Flac.
515 2223 581 2255 viii.
606 2224 668 2254 20:
696 2228 716 2241 “
736 2223 829 2260 Inde,

153 2274 241 2306 velut
264 2279 346 2306 torto
374 2274 528 2306 furiarum
553 2279 661 2306 erecta
690 2274 829 2316 flagello,

153 2323 316 2356 Prosilit.'’

201 2376 276 2407 162.
303 2374 464 2416 Conscia]
499 2374 612 2406 Cicero
645 2385 700 2417 pro
733 2374 830 2406 Sexto

154 2425 284 2462 Roscio,
310 2424 410 2457 dicit:
441 2429 461 2443 ‘⁸
487 2424 597 2455 Nolite
624 2429 748 2466 putare,
775 2435 830 2455 eos

154 2476 209 2519 qui
234 2475 357 2517 aliquid
381 2474 478 2517 impie
501 2475 720 2516 scelerateque
744 2485 828 2505 com-

153 2526 319 2563 miserunt,
343 2524 457 2567 agitari
486 2530 519 2557 et
548 2524 715 2568 perterreri
740 2524 833 2555 taedis

155 2576 360 2608 ardentibus:
387 2587 445 2607 sua
460 2586 621 2618 quemque
641 2576 739 2612 fraus,
757 2585 833 2606 suus

153 2638 237 2659 error
260 2626 399 2658 maxime
418 2632 531 2658 vexat:
558 2637 650 2658 suum
670 2635 831 2668 quemque

153 2678 259 2709 scelus
302 2677 415 2719 agitat,
454 2675 659 2718 amentiaque
700 2675 829 2706 adficit:

155 2738 221 2760 suae
237 2727 330 2759 malae
345 2726 554 2769 cogitationes
564 2724 831 2766 conscientiaeque

900 1773 997 1805 animi
1009 1780 1145 1806 terrent:
1167 1785 1214 1806 eae
1231 1780 1304 1806 sunt
1320 1774 1426 1817 impiis
1437 1774 1579 1807 adsiduae

900 1823 1147 1866 domesticaeque
1165 1823 1265 1861 furiae,
1281 1835 1352 1866 quae
1372 1824 1441 1855 dies
1458 1831 1581 1856 noctes-

900 1885 962 1916 que
978 1880 1145 1916 parentum
1161 1885 1276 1916 poenas
1291 1884 1310 1905 a
1328 1874 1580 1906 sceleratissimis

900 1924 973 1956 filiis
984 1925 1163 1967 repetant.''

947 1976 1019 2006 165.
1037 1975 1102 2007 Nec
1119 1977 1174 2006 tibi
1191 1977 1361 2018 continget,
1377 1976 1458 2017 etc.]
1480 1975 1578 2007 Acer-

899 2024 1065 2056 bissimum
1080 2025 1112 2056 id
1125 2025 1285 2057 veteribus
1300 2025 1414 2062 visum,
1425 2026 1451 2057 si
1467 2025 1575 2068 sepul-

900 2080 978 2105 turae
995 2075 1111 2106 honore
1127 2080 1284 2106 carerent.

949 2126 1018 2156 166.
1046 2125 1243 2166 Prqu'ciere]
1271 2124 1423 2167 Corpora,
1438 2136 1510 2167 quae
1526 2135 1577 2157 se—

900 2175 1030 2217 pultura
1041 2181 1164 2212 carent,
1177 2175 1331 2218 peculiari
1347 2175 1578 2217 significatione

896 2227 1008 2267 prry'ici
1034 2225 1205 2265 dicuntur3
1233 2226 1340 2258 Cicer.
1367 2226 1424 2257 lib.
1449 2225 1472 2256 i.
1496 2226 1577 2258 Tus-

898 2275 1004 2307 culam
1018 2289 1023 2306 :
1052 2280 1072 2293 “
1090 2276 1207 2307 Durior
1222 2276 1397 2317 Diogenes,
1409 2281 1441 2307 et
1456 2275 1489 2306 id
1505 2276 1577 2318 qui-

898 2325 971 2357 dem
997 2325 1147 2362 sentiens,
1180 2330 1214 2356 ut
1243 2325 1397 2367 Cynicus,
1425 2327 1578 2367 asperius,

897 2375 1010 2418 projici
1038 2385 1071 2406 se
1095 2375 1343 2414 inhumatum;''
1370 2376 1446 2407 Sen.
1469 2375 1576 2418 Epist.

898 2427 962 2457 93:
991 2430 1012 2443 “
1030 2427 1133 2463 Quem
1159 2425 1282 2456 saevitia
1307 2426 1486 2467 projecerit,
1509 2425 1578 2457 dies

898 2475 1048 2507 condet.¹'
1094 2475 1147 2505 Ita
1162 2475 1285 2507 Graecis
1302 2473 1535 2517 ἐξεῤῥιμμὲνος.

948 2525 1024 2556 168.
1049 2524 1227 2566 Infixusque
1254 2527 1316 2555 tuis
1343 2526 1453 2555 ossibus
1478 2536 1578 2556 ‘inicus

901 2576 993 2616 eret]
1017 2575 1099 2606 Puto
1104 2575 1267 2618 faucibus.
1284 2574 1414 2606 Gutturi
1430 2574 1514 2605 enim
1529 2574 1578 2606 in-

901 2625 1081 2667 figebantur
1110 2625 1196 2662 unci,
1227 2635 1292 2667 qua
1320 2624 1360 2656 de
1390 2635 1423 2656 re
1453 2624 1576 2656 dictum

901 2675 1044 2706 nonnihil
1072 2675 1181 2706 Amor.
1205 2675 1261 2706 lib.
1289 2674 1311 2706 i.
1331 2674 1424 2717 Eleg.
1444 2674 1487 2706 vi.
1514 2686 1577 2706 ver.

901 2725 955 2756 26.
979 2725 1100 2756 Hnrxs.
