1809 3220
226 203 315 246 106

630 200 681 242 Ρ.
715 197 933 240 OVIDII
968 196 1254 240 NASONIS

233 319 428 368 Lumen
447 319 511 366 ad
533 317 774 380 exiguum
799 315 1002 364 famulae
1021 315 1142 364 data
1166 328 1326 378 pensa
1349 311 1617 361 trahebant
1637 330 1650 372 ;

302 397 441 445 Inter
467 412 594 460 quas
620 394 761 443 tenui
787 394 860 442 sic
887 393 958 442 ait
981 393 1094 458 ipsa
1119 409 1276 441 sono:

232 475 491 524 Mittenda
506 485 584 522 est
601 473 824 530 domino,
843 489 975 521 nunc
993 489 1126 521 nune
1147 479 1431 537 properate,
1450 471 1653 536 puellae,

299 553 689 618 Quamprimum
715 558 887 600 nostra
910 551 1045 600 facta
1069 552 1271 599 lacerna
1295 566 1466 599 manu,

1554 552 1652 598 746

232 633 367 687 Quid
394 640 564 680 tamen
586 631 832 679 audistis?
871 647 988 678 nam
1014 631 1161 695 plura
1185 629 1359 678 audire
1385 628 1576 677 soletis.

299 710 561 766 Quantum
587 711 650 758 de
675 709 810 758 bello
835 709 1020 758 dicitur
1045 725 1158 757 esse
1185 707 1375 773 super?

230 789 356 837 Post
381 789 531 837 modo
556 790 690 837 victa
713 789 895 836 cades:
926 787 1235 843 melioribus,
1259 787 1444 843 Ardea,
1473 792 1654 842 restas,

297 867 552 933 Improba,
581 884 695 931 quae
722 874 919 914 nostros
946 866 1086 929 cogis
1113 867 1293 914 abesse
1319 865 1467 913 viros.

1554 866 1654 912 750

233 951 346 999 Sint
372 959 569 999 tantum
596 951 809 998 reduces
833 967 842 998 :
885 950 975 998 sed
1002 949 1138 998 enim
1165 949 1462 997 temerarius
1487 946 1574 996 ille

299 1029 394 1077 Est
417 1046 589 1087 meus;
631 1037 683 1077 et
707 1028 884 1076 stricto
913 1028 1142 1092 quolibet
1166 1043 1288 1076 ense
1314 1027 1429 1076 ruit.

231 1106 382 1155 Mens
408 1108 532 1163 abit,
560 1114 612 1155 et
637 1107 834 1163 morior,
863 1106 1065 1170 quoties
1093 1106 1366 1171 pugnantis
1393 1106 1560 1170 imago

298 1184 387 1234 Me
413 1185 551 1233 subit
573 1202 582 1233 :
625 1194 675 1232 et
700 1185 924 1247 gelidum
950 1192 1159 1249 pectora
1182 1184 1341 1248 frigus
1368 1184 1542 1234 habet.

232 1263 434 1311 Desinit
459 1265 508 1310 in
533 1264 805 1327 lacrymas,
836 1263 1134 1328 intentaque
1160 1264 1245 1312 fila
1268 1263 1498 1321 remittit,
1554 1266 1653 1313 755

298 1342 359 1389 In
385 1343 575 1406 gremio
600 1342 795 1389 vultum
821 1343 1163 1407 deposuitque
1187 1358 1351 1390 suum.

231 1419 344 1469 Hoc
371 1421 539 1486 ipsum
565 1421 767 1469 decuit:
809 1422 1044 1486 lacrymae
1071 1421 1290 1469 decuere
1316 1421 1580 1485 pudicam3

298 1499 365 1547 Et
389 1499 545 1548 facies
573 1500 740 1548 animo
766 1500 1024 1565 dignaque
1051 1516 1245 1565 parque
1271 1499 1380 1548 fuit.

229 1577 371 1626 Pone
397 1586 604 1634 metum,
633 1578 796 1634 venio,
825 1580 1014 1642 conjux
1041 1578 1139 1626 ait:
1186 1578 1273 1626 illa
1297 1578 1511 1636 revixit;

298 1656 480 1720 Deque
505 1656 595 1704 viri
622 1657 754 1704 collo
780 1656 928 1704 dulce
955 1657 1202 1722 pependit
1226 1672 1372 1704 onus.

272 1788 347 1818 744.
371 1785 520 1828 Sequitur
546 1786 745 1828 ingeniosum
774 1786 906 1829 figmen-

227 1843 306 1869 tum.
349 1837 460 1869 Tennis
475 1842 522 1868 est
539 1848 597 1868 vox
614 1836 797 1868 muliebris:
823 1838 905 1868 Met.

225 1888 259 1919 ii.
289 1888 365 1920 373.
395 1887 506 1929 Cycno
541 1887 574 1918 in
609 1898 698 1918 avem
731 1887 906 1918 transeunti

226 1937 325 1970 virilis
341 1948 400 1969 vox
418 1944 543 1968 tenuata
561 1944 613 1968 est.
660 1937 766 1969 Cicer.
784 1937 841 1969 Or.
857 1937 903 1968 iii.

230 1989 281 2019 11.
296 1988 395 2018 mollis
409 1987 466 2018 illa
481 1998 540 2018 vox
557 1993 699 2018 vocatur.
747 1987 902 2023 Lucerna,

227 2047 293 2079 qua
328 2036 504 2068 muniretur
540 2036 574 2067 in
612 2035 724 2067 castris
754 2036 906 2067 adversus

226 2086 345 2127 frigora
359 2090 392 2116 et
406 2085 534 2116 imbres.
566 2085 671 2116 Etiam
688 2085 830 2128 Propert.
845 2086 907 2117 lv.

227 2134 272 2166 iii.
289 2136 342 2166 33.
357 2134 471 2165 mulier
486 2133 595 2165 scribit
610 2147 616 2165 :
642 2139 663 2152 “
676 2135 835 2166 Noctibus
859 2135 906 2165 hi-

225 2184 334 2216 bernis
346 2183 521 2216 castrensia
532 2195 633 2226 pensa
649 2185 792 2216 laboro.''
815 2186 907 2216 Bene

226 2235 417 2266 ancillarum
447 2245 550 2266 mores
587 2240 699 2268 notant
739 2234 807 2273 illa,
835 2247 907 2267 nam

222 2287 317 2326 plura
333 2287 442 2317 audire
454 2287 567 2317 soletis.

271 2336 345 2368 749.
369 2337 501 2367 Sensum
516 2335 626 2366 horum
643 2337 809 2368 verborum
822 2336 903 2368 Bur-

226 2396 363 2417 mannus
376 2386 459 2416 bene
476 2385 641 2416 constituit
655 2397 661 2414 :
693 2386 789 2417 Certo
808 2386 904 2418 cades

224 2441 355 2478 postea3
391 2434 447 2466 sed
475 2445 564 2466 mora
592 2445 643 2466 me
681 2436 816 2472 cruciat,
848 2447 904 2479 per

224 2496 322 2528 quam
338 2484 404 2516 viro
426 2495 540 2524 careo;
570 2491 676 2521 restas,
695 2485 825 2524 resistis,
841 2487 902 2518 for-

222 2535 366 2567 tioribus.
400 2534 475 2575 ‚Ille
490 2545 563 2566 cum
579 2535 610 2566 vi
626 2535 768 2575 dictum3
793 2536 830 2573 is,
847 2547 902 2568 cu-

219 2585 274 2628 jus
290 2585 452 2617 temeritas
467 2585 544 2616 satis
560 2591 646 2616 nota.
691 2585 753 2617 Sed
767 2586 800 2617 in
815 2587 903 2618 verb.

222 2635 370 2677 sequenti
391 2634 504 2666 Heius.
522 2641 554 2666 et
572 2636 683 2667 Burm.
697 2635 901 2669 dissentiunt.

223 2685 285 2718 Ille
309 2686 437 2728 praefert
455 2686 547 2729 furit
574 2696 592 2717 e
619 2686 802 2728 conjectura
831 2698 900 2725 sua,

224 2735 311 2776 quod
335 2735 467 2767 verbum
496 2735 627 2778 passim,
665 2736 763 2767 etiam
792 2736 902 2769 addito

224 2795 296 2818 voc.
317 2797 394 2824 ense,
411 2786 450 2818 de
466 2785 603 2818 strenuis
624 2786 832 2819 bellatoribus
847 2798 899 2819 oc-

1554 1658 1655 1705 760

977 1787 1074 1818 currit
1091 1800 1099 1826 3
1125 1787 1177 1819 hic
1195 1788 1283 1819 verb.
1303 1790 1370 1819 ruit
1391 1787 1507 1819 melius
1521 1789 1570 1830 τῷ
1581 1799 1654 1830 quo-

975 1840 1046 1870 libet
1062 1838 1231 1870 convenire
1247 1844 1366 1875 monet,
1377 1843 1410 1870 et
1425 1849 1516 1870 ruere
1528 1840 1653 1882 proprie

975 1887 1224 1919 temerariorum.
1259 1889 1360 1920 Bene.
1398 1889 1487 1920 Mens
1501 1890 1565 1920 abit
1580 1898 1653 1932 per-

975 1937 1110 1970 turbatis
1148 1938 1264 1970 animo.
1315 1939 1456 1973 Metam.
1494 1938 1537 1971 iv.
1578 1940 1654 1972 175.

975 1992 994 2004 “
1009 1998 1098 2019 mens
1113 1987 1269 2019 excidit.”
1302 1988 1480 2031 Pugnantis
1494 1991 1594 2032 imago
1608 2000 1656 2021 me

975 2039 1066 2075 subit,
1097 2044 1293 2080 pugnantem
1336 2038 1450 2081 cogito.
1503 2040 1654 2078 Subeunt,

976 2097 1048 2129 quae
1065 2086 1207 2118 oriuntur
1222 2087 1255 2118 in
1271 2087 1388 2119 animo.

1022 2137 1099 2169 757.
1130 2137 1233 2169 Decus
1268 2136 1350 2168 illud
1387 2137 1506 2170 Noster
1533 2138 1654 2182 passim

976 2186 1098 2218 notavit
1127 2187 1211 2219 Met.
1242 2187 1286 2218 iv.
1311 2188 1397 2219 230:
1426 2188 1537 2231 “Ipse
1559 2187 1654 2221 timor

976 2235 1085 2268 decuit
1097 2237 1127 2276 ·,''
1152 2244 1184 2269 et
1207 2247 1273 2269 ver.
1295 2238 1380 2269 330:
1407 2237 1504 2270 “Sed
1527 2243 1561 2270 et
1581 2248 1652 2270 eru-

975 2287 1082 2319 buisse
1098 2287 1267 2320 decebat.”
1313 2287 1399 2320 Vide
1422 2288 1464 2320 ad
1484 2288 1567 2320 Met.
1588 2289 1656 2321 viii.

973 2338 1029 2369 25.
1060 2337 1137 2369 Post
1152 2340 1256 2370 decuit
1270 2337 1367 2380 igitur
1382 2348 1455 2370 cum
1467 2338 1498 2370 vi
1509 2338 1650 2378 additur,

975 2387 1116 2428 lacrymae
1152 2388 1281 2419 decuere
1315 2389 1473 2428 pudicam.
1517 2389 1652 2432 Propter

972 2437 1071 2469 decus
1106 2437 1140 2469 in
1176 2437 1283 2469 flendo
1309 2439 1416 2480 facies
1452 2440 1550 2482 digna
1580 2445 1652 2471 erat

971 2489 1086 2519 animo.
1133 2488 1214 2519 Haec
1236 2488 1355 2531 optime
1379 2489 1462 2521 inter
1486 2499 1520 2521 se
1545 2488 1652 2521 cohae-

971 2544 1052 2569 rent.

1017 2588 1092 2619 759.
1129 2587 1279 2630 Repente
1309 2599 1343 2620 se
1372 2587 1478 2630 prodit
1507 2588 1564 2626 vir,
1595 2589 1650 2632 qui

972 2637 1078 2669 adhuc
1110 2637 1212 2669 latens
1241 2649 1315 2670 cum
1345 2638 1516 2670 comitibus
1552 2640 1651 2672 verba

971 2686 1115 2730 conjugis
1141 2688 1284 2720 amantia
1312 2689 1489 2720 audiverat.
1534 2688 1587 2722 Ita
1616 2696 1650 2722 et

970 2737 1065 2768 dictis
1094 2743 1127 2769 et
1155 2738 1250 2770 factis
1279 2739 1459 2776 constabat,
1491 2745 1649 2782 quantum

970 2786 1116 2820 Lucretia
1134 2795 1298 2831 praestaret
1313 2788 1448 2821 caeteris.
