1830 3220
524 171 879 214 FASTORUM
915 170 1037 213 LIB.
1074 169 1157 212 IV.
1467 171 1552 212 2200

123 288 258 337 Hinc
277 289 582 338 Camerinan
606 290 729 346 adit,
742 289 1089 354 Thapsonque
1105 295 1155 336 et
1173 286 1384 335 Heloria
1398 286 1548 335 Tem-

190 367 407 432 Quaque
419 375 561 432 patet
575 368 810 432 Zephyro
823 383 1025 431 semper
1041 373 1249 430 apertus
1262 364 1420 430 Eryx.
1442 366 1549 429 [pe;

118 445 340 510 Jamque
352 445 1252 511 PeloriademLilybaeaque‚jamque
1262 443 1549 508 Pachynon

190 524 466 581 Lustrarat,
494 531 639 572 terrae
666 539 857 572 cornua
881 524 1044 588 prima
1069 539 1192 570 suae.
1448 524 1550 569 480

120 602 458 667 Quacumque
470 602 768 666 ingreditur,
785 602 982 650 miseris
996 602 1108 649 loca
1124 608 1312 648 cuncta
1326 600 1549 664 querelis

192 680 410 746 Implet3
453 687 509 728 ut
534 681 776 728 amissum
805 696 963 744 quum
991 679 1150 743 gemit
1175 679 1279 727 ales
1307 677 1455 742 Ityn:

121 758 326 824 Perque
351 758 507 815 vices,
535 758 687 806 modo
716 758 1066 822 Persephone,
1094 757 1245 805 modo
1275 756 1418 812 Filia,
1449 756 1551 803 cla-

191 836 410 893 Clamat,
433 844 484 884 et
509 837 717 884 alternis
744 852 926 885 nomen
951 843 1224 899 utrumque
1247 835 1364 883 ciet.
1392 837 1547 898 [mat;

124 915 229 964 Sed
261 932 429 980 neque
465 915 796 980 Persephone
828 915 1088 970 Cererem,
1117 930 1286 978 neque
1314 913 1418 961 filia
1446 929 1551 960 ma-

194 993 369 1051 Audit,
398 1002 449 1042 et
474 994 683 1042 alternis
710 1009 894 1041 nomen
921 1000 1195 1056 utrumque
1222 991 1369 1056 perit.
1401 993 1552 1055 [trem

128 1071 367 1137 Unaque,
397 1079 654 1137 pastorem
680 1072 908 1129 vidisset,
938 1088 1001 1119 an
1028 1087 1145 1119 arva
1169 1071 1439 1126 colentem,

192 1150 306 1198 Vox
333 1158 457 1206 erat,
487 1149 600 1198 Hac
628 1167 832 1213 gressus
859 1150 899 1197 si
927 1166 1030 1213 qua
1054 1150 1226 1214 puella
1251 1148 1400 1195 tulit?

123 1227 239 1277 Jam
266 1229 404 1277 color
430 1245 560 1276 unus
586 1228 720 1277 inest
744 1229 926 1284 rebus3
957 1227 1287 1290 tenebrisque
1313 1232 1556 1288 teguntur

195 1306 410 1356 Omnia:
445 1308 554 1371 jam
579 1307 755 1371 vigiles
781 1307 1075 1355 conticuere
1101 1322 1272 1353 canes,

1453 1306 1555 1350 490

127 1384 247 1434 Alta
265 1387 406 1450 jacet
430 1385 559 1433 vasti
586 1401 740 1450 super
765 1401 852 1433 ora
876 1384 1153 1449 Typhoeos
1181 1383 1349 1439 AEtne,

198 1464 361 1528 Cujus
387 1463 637 1512 anhelatis
664 1463 869 1527 ignibus
896 1463 1042 1511 ardet
1068 1464 1271 1510 humus.

127 1541 239 1590 Illic
266 1543 503 1591 accendit
528 1543 760 1606 geminas
787 1559 878 1607 pro
904 1541 1143 1607 lampade
1170 1541 1348 1606 pinus3

197 1620 332 1670 Hinc
361 1621 563 1671 Cereris
591 1623 747 1671 sacris
774 1639 909 1670 nunc
938 1637 1147 1686 quoque
1173 1620 1310 1667 taeda
1334 1619 1502 1667 datur.

127 1779 182 1806 net
201 1774 311 1807 Sicilia
330 1774 491 1807 montibus
509 1777 608 1808 AEltna
630 1781 662 1808 et
681 1777 804 1818 Eryce:

126 1825 276 1857 Vulcano
293 1826 394 1857 AEtna
408 1836 497 1857 sacer
518 1832 578 1863 est,
596 1827 682 1868 Eryx
699 1827 806 1858 Vene-

126 1874 189 1906 ri.”
235 1875 327 1907 Mela
350 1874 393 1906 vi.
418 1876 458 1906 7:
489 1879 510 1893 “
530 1877 693 1907 Montium
720 1877 807 1918 Eryx

125 1923 265 1956 maxime
285 1930 478 1956 memoratus
498 1925 537 1956 ob
557 1925 726 1956 delubrum
740 1926 808 1957 Ve-

127 1973 210 2005 neris
239 1975 280 2005 ab
312 1975 414 2006 AEnea
447 1975 646 2006 conditum.”
696 1974 808 2006 Finem

127 2023 266 2066 catalogi
293 2023 417 2055 faciunt
446 2035 575 2061 cornua,
600 2025 712 2067 ἄκραι,
738 2035 809 2067 pro-

127 2074 296 2110 montoria,
335 2085 469 2117 quorum
512 2074 641 2106 Pelorus
681 2074 810 2106 Italiam

128 2128 266 2166 spectat,
283 2124 467 2165 Pachynum
479 2130 534 2155 aut
551 2125 708 2156 Pachinus
719 2125 811 2156 Grae-

127 2172 223 2208 ciam.
257 2174 431 2215 Lilyboeum
469 2174 625 2206 Africam.
682 2175 813 2206 Pelorus

128 2223 277 2255 scribitur
306 2223 404 2255 etiam
438 2224 596 2260 Pelorum,
633 2224 752 2255 Peioris
780 2230 812 2256 et

130 2272 280 2305 Pelorias.
309 2273 387 2305 Vid.
403 2273 602 2305 Gronovium
617 2273 658 2305 ad
673 2274 810 2311 Melam,

128 2322 175 2353 ΙΙ.
189 2322 245 2354 vii.
264 2324 336 2354 143.
360 2323 591 2359 Promontoria‚
604 2334 676 2365 quae
690 2323 810 2366 longis-

129 2371 208 2403 sime
224 2373 256 2404 in
278 2383 364 2404 mare
380 2379 580 2416 procurrunt,
596 2374 678 2405 bene
698 2373 811 2405 dicun-

129 2427 181 2454 tur
194 2425 296 2463 prz'ma
311 2423 438 2454 insulae.
474 2423 566 2455 Vidit
582 2423 641 2455 hoc
658 2429 690 2455 et
706 2424 810 2455 Kreb-

132 2473 209 2505 sius.

175 2525 253 2555 482.
280 2523 348 2566 Itys
362 2523 453 2556 Terei
470 2529 501 2555 et
527 2524 665 2556 Procnes
684 2524 768 2556 filius
792 2535 811 2556 a

132 2579 232 2605 matre
248 2573 372 2605 occisus
387 2579 419 2605 et
434 2573 516 2616 patri
533 2574 716 2617 appositus;
739 2575 811 2606 Me—

132 2628 211 2654 tam.
230 2623 272 2654 vi.
284 2624 348 2654 620
364 2634 435 2665 sqq.
469 2624 576 2654 Mater
593 2629 724 2654 vocatur
739 2625 813 2661 ales,

132 2673 208 2715 quia
219 2673 251 2704 in
267 2673 471 2705 hirundinem
486 2679 629 2712 mutata3
646 2673 725 2704 ibid.
737 2674 813 2706 667.

133 2722 172 2754 In
188 2734 278 2767 seqq.
296 2725 417 2766 Perque
438 2726 642 2764 vices—perit
661 2724 744 2755 ludit
764 2724 812 2756 in-

132 2774 263 2814 genium
281 2774 489 2806 Ovidianum.
538 2774 616 2812 Ciet,
633 2775 813 2813 exclamat;

184 2825 288 2856 VOL.
314 2826 357 2856 V.

878 1775 997 1811 Livius,
1026 1775 1091 1806 xlv.
1118 1775 1178 1805 38:
1214 1774 1403 1812 triumphum
1436 1773 1557 1802 nomine

876 1828 966 1862 ciere,
975 1825 1156 1856 exclamare
1168 1825 1202 1855 Io
1214 1822 1371 1864 triumphe
1385 1822 1390 1852 !
1408 1821 1496 1853 Perit
1506 1832 1561 1852 no-

876 1874 1054 1917 men‚quod
1069 1885 1131 1905 non
1142 1873 1280 1905 auditur.
1305 1873 1337 1903 Si
1350 1884 1420 1913 qua,
1433 1882 1474 1903 an
1487 1882 1562 1914 qua.

923 1925 1112 1957 489—494.
1130 1923 1237 1955 Etiam
1254 1922 1286 1954 in
1303 1923 1421 1964 hymno
1438 1922 1558 1952 Home-

878 1976 942 2007 rico
967 1976 1021 2006 48.
1050 1979 1134 2006 errat
1161 1972 1339 2014 αἰθομένας
1370 1970 1486 2009 δαΐδας
1514 1977 1562 2002 te-

880 2036 971 2061 nenS,
987 2035 1106 2066 easque
1121 2022 1308 2066 λαμπάδας
1321 2022 1406 2064 apud
1428 2021 1562 2053 Diodor.

881 2077 981 2108 Sicul.
999 2088 1029 2107 v.
1045 2087 1077 2118 p.
1096 2076 1174 2106 288.
1193 2085 1320 2117 quoque
1338 2073 1373 2105 ἐκ
1394 2076 1463 2105 τῶν
1483 2073 1564 2105 κατὰ

882 2127 948 2166 τὴν
963 2124 1113 2164 ''Arrvnv
1139 2124 1318 2167 κρατήρων
1345 2123 1502 2159 accendit,
1530 2128 1564 2154 et

882 2176 967 2220 apud
985 2176 1090 2208 Cicer.
1107 2175 1193 2206 dicto
1210 2175 1293 2210 loco,
1312 2176 1350 2205 iis
1368 2175 1499 2216 ignibus,
1511 2175 1566 2215 qui

882 2238 917 2257 ea:
934 2227 1038 2257 AOEtnae
1054 2227 1166 2256 vertice
1182 2231 1358 2264 erumpunt.
1384 2224 1468 2254 Hinc
1487 2226 1564 2254 taeda

882 2275 915 2307 in
932 2275 1058 2306 Cereris
1075 2274 1173 2306 sacris
1190 2274 1424 2313 adhibebatur;
1445 2273 1564 2304 etenim

881 2325 973 2356 multi
998 2325 1076 2356 ritus
1101 2325 1284 2356 memoriam
1310 2323 1387 2354 facti
1411 2323 1560 2365 alicujus,

881 2374 1008 2406 mimice
1042 2374 1122 2405 illud
1158 2373 1352 2410 exhibendo,
1383 2373 1564 2404 servabant.

882 2424 933 2455 De
963 2424 1110 2466 Typhoea,
1136 2429 1276 2455 monstro
1304 2423 1447 2459 immani,
1473 2423 1564 2455 Jovis

882 2474 1015 2506 fulmine
1045 2475 1222 2510 vulnerato,
1255 2479 1286 2504 et
1318 2475 1419 2504 AEtna
1455 2479 1563 2503 rronte

881 2526 994 2556 obruto
1022 2525 1094 2556 vide
1121 2525 1162 2555 ad
1189 2525 1328 2555 Metam.
1354 2523 1399 2555 iii.
1421 2524 1506 2558 303;
1533 2534 1562 2553 v.

882 2575 959 2606 321.
990 2575 1068 2605 348.
1122 2574 1223 2605 Paulo
1255 2579 1328 2604 ante
1358 2585 1469 2604 cauum
1500 2582 1563 2602 non

881 2624 958 2655 satis
988 2624 1154 2656 commode
1185 2624 1305 2654 mentio
1334 2623 1430 2654 facta.
1478 2622 1561 2653 Cum

882 2674 982 2705 altero
996 2675 1076 2706 color
1089 2685 1183 2710 unus,
1195 2679 1259 2705 etc.
1273 2672 1447 2715 comparari
1458 2676 1564 2714 potest

882 2724 1011 2766 Virgilii
1029 2725 1104 2755 [En.
1121 2724 1164 2755 vi.
1179 2725 1243 2755 272
1257 2736 1263 2753 :
1281 2725 1369 2754 rebus
1385 2734 1441 2753 um*
1458 2723 1562 2752 abstu-

885 2776 921 2804 lit
938 2781 1008 2805 atra
1027 2776 1167 2804 colorem.

1018 2824 1078 2855 Ee
