1809 3220
188 171 276 212 436

495 170 586 212 AD
620 170 857 213 LIVIAM
891 170 1252 214 AUGUSTAM

196 286 243 335 N
250 305 307 336 ec
335 288 426 336 tibi
452 288 651 337 deletos
678 289 863 354 poterit
888 305 1089 337 narrare
1118 288 1429 344 Sicambros,

264 367 488 415 Ensibus
514 376 567 416 et
595 368 790 416 Suevos
818 377 962 432 terga
987 368 1191 416 dedisse
1218 367 1340 415 suis.

192 444 546 510 Fluminaque,
564 454 616 494 et
634 454 849 505 montes,
868 454 919 496 et
938 446 1144 495 nomina
1162 461 1347 509 magna
1361 446 1614 502 locorum;

257 523 325 571 Et
350 524 391 571 si
418 524 543 588 quid
570 525 679 572 miri
705 525 833 572 vidit
857 525 908 572 in
934 525 1055 573 orbe
1083 541 1228 572 novo.

190 601 424 666 Frigidus
449 603 535 652 ille
561 603 669 660 tibi,
699 620 989 668 corpusque
1016 603 1231 651 refertur
1257 602 1406 650 inane
1429 620 1439 659 ;

1516 602 1616 648 315

259 681 532 746 Quemque
558 689 757 746 premat
783 682 892 730 sine
919 691 986 738 te,
1015 681 1257 730 sternitur
1283 697 1405 729 ecce
1431 688 1588 728 torus.

188 757 303 814 Quo
328 760 539 824 raperis,
569 760 757 809 laniata
781 775 971 816 comas,
1001 759 1287 824 similisque
1312 758 1535 807 furenti?

258 837 374 892 Quo
401 839 541 886 ruis?
581 840 796 887 attonita
821 838 946 902 quid
973 839 1106 903 petis
1133 854 1221 885 ora
1247 838 1434 886 manu?

199 915 312 964 Hoc
333 916 428 964 fuit
447 917 824 975 Andromache,
847 934 1005 982 quum
1024 918 1097 965 vir
1116 917 1359 981 religatus
1381 917 1444 966 ad
1465 932 1615 965 axem

257 994 460 1044 Terruit
485 996 734 1044 admissos
761 994 1178 1060 sanguinolentus
1207 1012 1385 1060 equos.

1519 998 1620 1042 320

192 1071 304 1122 Hoc
330 1073 425 1121 fuit
451 1074 680 1132 Evadne,
711 1082 832 1123 tunc
860 1092 1019 1139 quum
1045 1074 1274 1123 ferienda
1299 1073 1524 1123 coruscis

258 1152 577 1201 Fulminibus
606 1154 882 1218 Capaneus
910 1154 1169 1219 impavida
1192 1170 1280 1202 ora
1304 1153 1462 1202 dedit.

187 1230 324 1286 Quid
340 1240 554 1280 mortem
570 1233 662 1281 tibi
684 1242 866 1281 moesta
886 1250 1054 1297 rogas3
1086 1233 1430 1297 amplexaque
1450 1239 1615 1287 natos,

256 1310 477 1375 Pignora
500 1313 563 1360 de
592 1313 762 1361 Druso
789 1314 897 1361 sola
921 1314 1101 1362 relicta
1125 1312 1306 1360 tenes?

189 1388 258 1438 Et
282 1391 433 1438 modo
460 1408 550 1456 per
576 1408 781 1440 somnos
808 1392 1013 1456 agitaris
1040 1391 1258 1454 imagine
1280 1391 1423 1447 falsa,

1519 1391 1619 1436 325

259 1468 438 1533 Teque
466 1478 551 1518 tuo
581 1470 807 1518 Drusum
834 1471 1000 1519 credis
1026 1470 1215 1518 habere
1242 1470 1392 1518 sinu?

229 1671 304 1701 311.
333 1670 395 1701 Nec
412 1671 465 1700 cibi
485 1672 596 1701 deletos
612 1673 721 1710 polerit
740 1682 870 1702 narrare

185 1721 363 1756 Sicambros,
386 1720 469 1761 etc-J
520 1725 539 1737 “
558 1721 639 1751 Inde
659 1721 870 1752 validissimas

185 1771 339 1806 nationes,
357 1769 545 1807 Cheruscos,
562 1771 684 1801 Suevos
700 1777 731 1801 et
747 1770 867 1802 Sicam-

183 1822 255 1852 bros
271 1819 388 1863 pariter
400 1830 567 1862 aggressus
578 1826 644 1852 est:
673 1820 740 1862 qui,
754 1819 867 1863 viginti

183 1870 423 1902 centurionibus
459 1871 653 1907 incrematis‚
684 1871 743 1902 hoc
780 1872 868 1903 velut

181 1927 380 1953 sacramento
414 1927 594 1953 suniserant
620 1922 752 1959 bellum,
784 1922 865 1953 adeo

184 1978 271 2002 certa
287 1970 427 2002 victoriae
450 1982 517 2014 spe,
535 1978 571 2003 ut
589 1971 728 2013 praedam
754 1972 785 2003 in
811 1983 865 2003 an-

182 2027 339 2052 tecessum
370 2021 517 2063 pactione
552 2020 741 2053 diviserint:
782 2022 866 2054 Che-

184 2070 268 2102 rusci
295 2081 404 2112 equos,
430 2072 526 2102 Suevi
553 2082 665 2102 aurum
694 2079 725 2102 et
756 2083 866 2114 argen-

186 2127 275 2160 tun13
310 2120 467 2152 Sicambri
506 2121 649 2164 captivos
684 2122 866 2165 elegerant:

183 2171 240 2203 sed
272 2171 379 2202 onmia
411 2177 590 2202 retrorsum.
636 2172 748 2203 Victor
779 2183 867 2203 nam<

184 2233 246 2263 quc
278 2221 403 2253 Drusus
430 2220 565 2264 equos,''
589 2228 651 2253 etc.
699 2223 782 2254 Flor.
808 2222 864 2254 lib.

182 2271 225 2302 iv.
248 2272 297 2302 12.

226 2322 301 2352 314.
330 2322 367 2351 Et
392 2323 416 2351 si
440 2324 513 2362 ιμιὶιΙ
536 2323 607 2352 miri
633 2323 709 2353 vidit
739 2323 768 2352 in
797 2324 865 2352 orbe

180 2371 286 2412 namu]
337 2371 412 2402 Non
434 2371 478 2402 ita
501 2383 595 2402 novus
614 2371 768 2403 Romanis
787 2373 866 2404 orbis

183 2421 248 2458 ille,
265 2432 360 2463 quem
381 2421 449 2463 jam
471 2421 580 2452 Caesar
600 2421 702 2452 obiter
721 2421 863 2464 descrip-

179 2478 276 2509 serat,
292 2471 331 2503 de
357 2471 441 2503 Bell.
457 2471 545 2503 Gall.
563 2471 604 2503 vi.
621 2473 658 2502 ‘21
684 2484 755 2515 sqq.
801 2473 864 2504 Fu-

179 2521 244 2553 sius
260 2521 376 2553 deinde
398 2528 429 2553 et
447 2521 640 2558 accuratius,
659 2528 694 2552 ut
709 2533 766 2564 par
782 2528 861 2562 erat,

178 2571 322 2607 'sanlius
353 2572 385 2603 in
423 2570 541 2602 eximio
578 2571 633 2602 illo
664 2573 700 2602 (λε
733 2574 862 2604 moribus

182 2624 355 2653 Ger-munim
369 2621 535 2664 opusculo.

222 2672 297 2702 320.
325 2671 453 2702 Terruit
477 2672 618 2702 admissos
640 2674 859 2713 sanguinolen-

179 2728 226 2750 tus
253 2721 369 2762 equos]
420 2720 501 2752 Vide
526 2732 597 2763 quae
625 2722 857 2760 adnotavimus,

178 2770 216 2801 ad
235 2782 316 2802 veis.
335 2772 386 2802 36.
404 2770 504 2813 Epist.
522 2770 613 2813 prim.

984 1671 1172 1703 321—322.
1199 1670 1266 1702 Hoc
1280 1670 1355 1712 fust
1379 1669 1517 1705 Evadne,
1538 1669 1620 1710 etex]

939 1721 1009 1752 'sali
1039 1731 1168 1763 quoque
1199 1721 1302 1751 furore
1338 1720 1460 1762 agitata
1489 1718 1622 1750 Evadne

940 1771 1083 1814 Capanei
1106 1781 1196 1807 uxor,
1214 1769 1411 1813 praecipitem
1435 1780 1468 1801 se
1491 1769 1524 1800 in
1545 1780 1620 1800 con-

932 1822 1021 1864 jugis
1045 1831 1155 1863 rogum
1182 1820 1323 1852 immisit.
1368 1819 1501 1857 Statius,
1519 1819 1623 1851 Theb.

937 1872 991 1902 xii.
1007 1872 1085 1902 800.
1131 1871 1226 1903 Unde
1243 1870 1370 1908 meruit,
1388 1876 1423 1902 ut
1436 1870 1476 1901 de
1492 1869 1550 1901 illa
1566 1880 1619 1901 ca-

937 1928 1027 1954 neret
1048 1923 1192 1965 Propert.
1208 1921 1229 1953 i.
1246 1921 1337 1963 Eleg.
1356 1933 1408 1953 xv.
1423 1922 1464 1952 21
1480 1933 1488 1951 z
1516 1926 1539 1938 ‘⁴
1554 1921 1619 1952 Oc-

935 1972 1014 2004 cidit
1026 1973 1154 2015 Argivae
1166 1973 1252 2004 sama
1268 1971 1620 2015 pudicitiae.’'—Quum

926 2023 1077 2065 ferienda
1092 2024 1224 2053 coruscis
1245 2022 1442 2053 Fulminibus
1459 2021 1621 2062 Capaneus

937 2074 1092 2113 impavida
1117 2084 1170 2103 ora
1195 2073 1293 2103 dedit.
1341 2071 1461 2102 Merito
1491 2073 1618 2111 impavi-

937 2124 1008 2154 dum
1027 2122 1116 2155 dicit.
1135 2122 1190 2164 qui
1207 2122 1252 2153 sic
1268 2121 1371 2164 ipsum
1386 2122 1500 2153 Jovem
1517 2120 1619 2153 incre·

938 2179 1055 2216 passet,
1083 2172 1185 2203 Theb.
1216 2172 1272 2204 lib.
1302 2183 1333 2202 x.
1364 2172 1448 2202 899:
1485 2176 1505 2189 “
1524 2172 1620 2204 Nunc

934 2233 1004 2265 age,
1021 2233 1106 2254 nunc
1122 2222 1196 2254 totis
1216 2222 1248 2253 in
1267 2233 1317 2253 me
1339 2221 1513 2253 consistere
1530 2222 1619 2253 flam-

934 2273 1004 2310 mis,
1019 2272 1165 2316 Jupiter!
1192 2283 1234 2304 an
1257 2271 1392 2314 pavidas
1415 2271 1533 2303 tonitru
1553 2278 1619 2303 tur-

933 2323 1008 2354 bare
1034 2322 1159 2366 puellas
1184 2322 1315 2359 Fortior,
1335 2327 1368 2353 et
1393 2321 1492 2354 soceri
1517 2328 1621 2354 turres

934 2371 1118 2404 exscindere
1142 2371 1257 2403 Cadmi
1272 2372 1524 2403 l''——Ferienda.
1551 2372 1617 2403 Pu-

935 2428 981 2454 tat
1004 2422 1314 2464 Heins.seriunda‚·
1340 2422 1386 2453 sic
1410 2424 1560 2462 potiunda
1584 2428 1617 2454 et

934 2472 1050 2504 similia
1064 2473 1149 2515 apud
1165 2471 1332 2503 Ovidium.

976 2524 1051 2554 325.
1078 2524 1216 2565 Agitaris
1240 2524 1374 2565 ‘imagine
1388 2522 1508 2565 salsa]
1535 2522 1615 2554 Tur-

931 2572 1016 2604 baris
1040 2583 1094 2615 per
1119 2583 1245 2604 somnos
1268 2579 1300 2604 et
1324 2572 1512 2615 inquietaris
1537 2575 1611 2604 inia-

927 2625 1013 2665 gine,
1026 2634 1098 2666 quae
1115 2629 1205 2655 tuum
1222 2634 1359 2654 amorem
1375 2623 1471 2660 ludit,
1485 2623 1612 2654 inanem

930 2673 986 2704 tibi
1018 2673 1158 2704 Drusum
1194 2673 1341 2709 offerens.
1372 2684 1467 2715 quem
1498 2673 1613 2704 frustra

929 2722 1046 2764 quaeris
1063 2725 1094 2753 m
1111 2725 1200 2754 vacui
1217 2732 1305 2762 purte
1318 2724 1390 2753 lori,
