1809 3220
235 167 322 208 :3:30

640 166 688 206 P.
726 163 940 205 OVIDII
979 163 1262 205 NASONIS

242 282 359 330 Heu
386 290 633 346 quantum
661 281 871 329 timuere
898 279 1097 336 Patres,
1126 297 1227 344 quo
1251 287 1481 344 tempore
1504 279 1662 327 Vesta

311 361 464 416 Arsit,
493 367 544 408 et
569 367 647 407 est
672 358 839 423 adytis
865 358 1047 405 obruta
1072 374 1215 421 paene
1243 357 1373 405 suis!

244 439 551 502 Flagrabant
575 437 738 485 sancti
765 436 1024 484 sceleratis
1052 436 1253 498 ignibus
1280 436 1453 497 ignes;

312 517 581 580 Mixtaque
602 522 711 562 erat
732 515 948 561 flammae
971 514 1176 561 flamma
1201 513 1407 578 profana
1432 513 1546 577 piae.
1564 516 1664 559 440

244 595 501 642 Adtonitae
527 594 733 648 flebant,
762 593 984 640 demisso
1011 593 1165 647 crine,
1193 592 1436 640 ministrae
1459 609 1468 640 :

312 672 607 720 Abstulerat
632 672 760 718 vires
787 669 1012 734 corporis
1038 670 1147 735 ipse
1173 670 1337 718 timor.

246 751 484 798 Provolat
509 751 559 797 in
586 749 828 805 medium,
857 756 908 795 et
933 763 1134 811 magna,
1166 748 1474 805 Succurrite‚
1502 763 1641 802 voce,

315 828 432 876 Non
459 835 538 876 est
562 827 808 875 auxilium
835 826 973 882 flere,
1004 825 1245 874 Metellus
1271 825 1368 874 ait:

247 906 470 970 Pignora
494 905 728 970 virgineis
754 904 926 952 fatalia
950 904 1111 951 tollite
1138 904 1336 968 palmis,

1568 905 1666 951 445

317 985 434 1032 Non
460 1001 521 1032 ea
546 991 663 1031 sunt
688 991 821 1039 voto,
850 982 940 1031 sed
967 982 1209 1047 rapienda
1234 999 1404 1030 manu.

251 1063 340 1111 Me
366 1064 600 1111 miserum
623 1062 632 1109 !
671 1062 951 1110 dubitatis?
991 1062 1089 1109 ait:
1131 1061 1365 1109 dubitare
1391 1060 1611 1115 videbat,

318 1142 385 1191 Et
411 1142 618 1207 pavidas
645 1141 812 1206 posito
839 1140 1170 1206 procubuisse
1196 1156 1346 1203 genu.

251 1220 434 1269 Haurit
459 1237 647 1285 aquas;
686 1220 974 1283 tollensque
1001 1235 1199 1277 manus,
1227 1216 1503 1281 Ignoscite,
1524 1215 1670 1271 dixit,

322 1299 479 1347 Sacra
501 1317 510 1347 :
551 1299 624 1346 vir
650 1299 847 1346 intrabo
872 1314 971 1346 non
1000 1298 1235 1346 adeunda
1258 1297 1377 1345 viro.

1571 1297 1672 1342 450

256 1377 310 1424 Si
337 1377 503 1425 scelus
531 1383 626 1431 est,
655 1376 705 1423 in
732 1392 812 1424 me
839 1376 1095 1424 commissi
1123 1391 1273 1440 poena
1297 1374 1575 1422 redundet:

324 1455 404 1502 Sit
428 1455 609 1519 capitis
636 1455 821 1502 damno
850 1454 1015 1502 Roma
1040 1455 1205 1502 soluta
1231 1453 1346 1502 mei.

255 1534 418 1591 Dixit,
447 1542 498 1582 et
523 1533 730 1598 irrupit:
773 1533 962 1581 factum
989 1533 1086 1581 dea
1111 1540 1256 1597 rapta
1281 1530 1541 1597 'probavit;

322 1611 689 1674 Pontificisque
716 1611 792 1658 sui
820 1627 1029 1659 munere
1054 1618 1165 1658 tuta
1188 1610 1297 1657 fuit.

298 1759 373 1790 437.
398 1759 448 1790 De
466 1759 524 1790 hoc
541 1758 688 1790 incendio
701 1764 840 1801 tempore
851 1759 928 1790 belli

254 1809 369 1840 Punici
393 1809 537 1845 secundi,
560 1816 592 1841 et
611 1809 650 1840 de
674 1809 802 1841 Metelli
824 1810 930 1841 studio

254 1858 401 1890 servandi
446 1859 628 1890 Palladium
671 1860 754 1890 conf.
795 1858 929 1901 Dionys.

256 1908 480 1947 Halic.ii.66;
504 1908 586 1940 Livii
599 1909 739 1950 Epitom.
754 1909 814 1948 193
832 1910 929 1941 Vale-

256 1958 336 1989 rium
353 1958 489 1989 Maxim.
500 1959 525 1989 i.
542 1961 561 1990 4
575 1971 584 1997 ;
599 1959 764 1996 Senecam,
783 1960 931 1991 Controv.

257 2007 302 2038 iv.
320 2009 361 2046 2;
386 2008 471 2038 Plin.
489 2008 609 2040 Histor.
629 2009 744 2041 Natur.
764 2009 817 2040 vii.
837 2011 888 2041 43.
908 2021 932 2041 S.

258 2058 310 2088 45.
359 2058 567 2100 Flagrabant,
584 2064 649 2090 etc.
676 2060 933 2101 Lususineptus,

258 2107 315 2139 sed
329 2108 446 2139 Ovidio
463 2114 711 2140 consentaneus,

304 2159 378 2190 441.
423 2158 572 2190 Ministrae
613 2159 696 2201 apud
740 2158 933 2202 Dionysium

260 2207 397 2250 fugiunt.
444 2209 479 2239 L.
507 2208 657 2240 Caecilius
688 2210 842 2245 Metellus,
868 2209 934 2251 qui,

261 2258 577 2300 Carthaginiensibus
602 2258 633 2289 in
657 2259 766 2290 Sicilia
789 2259 934 2296 devictis,

267 2309 339 2339 138.
369 2308 556 2350 elephantos
586 2308 618 2338 in
649 2309 809 2351 triumpho
834 2309 935 2345 duxit,

261 2356 403 2399 pontifex
427 2357 584 2388 maximus
604 2364 682 2394 erat,
697 2358 833 2400 ideoque
854 2370 932 2401 prae-

262 2407 365 2438 fectus
379 2407 564 2438 Vestalibus
584 2413 616 2438 et
631 2408 739 2439 Vestae
756 2408 865 2440 sacris.
891 2410 934 2446 Is,

262 2457 409 2498 neglecta
424 2467 482 2487 sua
502 2456 616 2493 salute,
633 2457 781 2488 utilitatis
799 2458 934 2500 publicae

263 2516 375 2541 causa,
390 2516 512 2537 summo
528 2517 600 2537 cum
618 2506 760 2548 periculo
777 2513 824 2538 est
840 2518 936 2539 ausus

262 2555 295 2587 in
307 2555 422 2587 ardens
431 2556 596 2598 penetrale
611 2556 783 2597 irrumpere
799 2563 830 2589 et
846 2568 936 2590 sacra

264 2604 391 2637 deserta
410 2616 429 2636 a
442 2605 619 2647 virginibus
640 2616 678 2637 ex
702 2606 770 2648 ipso
788 2606 937 2638 incendio

263 2655 394 2697 eripere.
440 2655 560 2697 Magna
574 2666 629 2686 vox
643 2661 692 2686 est
710 2656 818 2694 clara3
842 2657 939 2688 etiam

266 2704 352 2747 apud
363 2704 499 2742 Livium,
512 2705 534 2736 i.
545 2706 600 2736 48.
617 2706 745 2737 Servius
755 2717 809 2737 rex
818 2707 937 2738 clamat

266 2766 379 2796 magna
407 2767 484 2787 voce.
536 2756 587 2786 De
613 2757 792 2798 pignoribus
820 2759 940 2797 impe-rii

999 1758 1071 1790 vide
1098 1758 1144 1789 iii.
1171 1759 1245 1789 422.
1286 1758 1422 1794 Fatalia,
1447 1757 1532 1789 unde
1557 1757 1674 1801 pendet

999 1809 1100 1839 fatum
1117 1808 1252 1851 imperii.

1044 1859 1119 1889 449.
1146 1859 1266 1889 Haurit
1290 1868 1394 1899 aquas,
1418 1857 1537 1899 quibus
1561 1867 1595 1888 se
1624 1856 1677 1888 lu-

999 1914 1112 1939 straret
1129 1915 1213 1944 ante,
1231 1918 1327 1950 quam
1343 1917 1436 1938 sacra
1451 1906 1564 1938 adiret.
1595 1906 1676 1938 Viris

1002 1957 1138 1989 interdiu
1156 1958 1287 2000 patebat
1304 1957 1457 2000 templum
1470 1957 1578 1988 Vesta».
1594 1968 1602 1994 ;
1622 1955 1678 1988 sed

1003 2007 1043 2038 ad
1065 2008 1134 2050 ejus
1153 2008 1266 2040 intima
1285 2013 1453 2050 penetrare
1475 2017 1515 2038 ne
1534 2005 1676 2049 pontifici

1003 2058 1134 2099 quidem
1163 2058 1301 2088 maximo
1331 2057 1468 2095 licebat3
1500 2055 1676 2098 Dionysius

1003 2108 1169 2139 Halicarn.
1194 2107 1280 2138 dicto
1305 2107 1396 2147 loco3
1419 2107 1493 2138 hinc
1518 2107 1679 2142 Lucanus,

1004 2158 1025 2187 i.
1045 2159 1120 2189 503.
1139 2157 1179 2189 de
1206 2157 1351 2189 Vestali:
1383 2161 1405 2174 ¹‘
1425 2157 1598 2199 Trojanam
1620 2156 1679 2187 soli

1005 2208 1056 2238 cui
1073 2207 1120 2238 fas
1137 2207 1251 2238 vidisse
1267 2206 1485 2238 Minervam.’'

1049 2258 1125 2289 453.
1152 2256 1329 2297 Irrumpere
1350 2257 1484 2288 verbum
1507 2257 1541 2286 in
1560 2255 1621 2287 hac
1645 2264 1678 2287 re

1005 2307 1176 2349 proprium,
1202 2312 1237 2337 ut
1256 2306 1351 2338 docet
1374 2307 1600 2345 Burmannus;
1623 2304 1679 2337 alii

1005 2358 1130 2396 eripuit,
1147 2358 1294 2396 arripnit.
1329 2357 1448 2387 Passus
1464 2361 1512 2387 est
1522 2355 1679 2388 Metellus

1004 2406 1036 2437 id
1053 2406 1174 2442 damni,
1190 2412 1225 2437 ut
1243 2406 1393 2438 incendio
1408 2416 1499 2437 usum
1514 2406 1679 2438 oculorum

1006 2458 1165 2489 amitteret
1177 2469 1185 2496 3
1210 2457 1266 2488 sed
1289 2463 1418 2488 senatus
1438 2456 1471 2488 id
1492 2467 1679 2499 compensa-

1005 2508 1051 2538 vit
1072 2507 1197 2550 magnis
1220 2507 1404 2543 honoribus,
1431 2517 1510 2549 quos
1533 2505 1681 2548 Dionysii

1004 2557 1111 2589 adhuc
1141 2564 1236 2590 aetate
1267 2563 1374 2589 statua
1398 2557 1432 2588 in
1461 2556 1623 2600 Capitolio
1651 2557 1681 2588 ei

1006 2607 1107 2650 posita
1123 2608 1300 2640 testabatur
1312 2619 1320 2647 ;
1349 2607 1472 2639 Plinius
1486 2607 1573 2639 dicto
1587 2606 1676 2639 loco:

1008 2662 1028 2675 “
1044 2657 1170 2689 Tribuit
1193 2658 1223 2689 ei
1245 2657 1383 2700 populus
1406 2657 1572 2689 Romanus
1595 2656 1680 2699 quod

1007 2718 1171 2750 nunquam
1187 2707 1245 2738 ulli
1262 2707 1317 2739 alii
1334 2709 1374 2739 ab
1392 2706 1520 2740 condito
1534 2717 1616 2744 aevo,
1635 2713 1682 2744 ut,

1007 2757 1132 2800 quoties
1146 2757 1179 2789 in
1196 2763 1341 2790 senatum
1356 2757 1426 2795 iret,
1442 2768 1536 2790 curru
1551 2757 1682 2789 vehere—
