1830 3220
552 197 903 241 FASTORUM
938 198 1061 241 LIB.
1098 200 1182 242 VI.

1482 203 1569 246 :303

150 313 294 362 Tunc
318 330 400 363 me
425 314 669 379 poeniteat
694 316 928 379 posuisse
952 316 1169 366 fideliter
1195 317 1292 366 iras

218 391 277 439 In
303 409 461 456 genus
490 392 724 450 Electrae,
755 393 1172 460 Dardaniamque
1198 396 1423 446 domum.

150 469 323 519 Causa
346 471 540 535 duplex
566 472 652 519 irae
674 489 684 521 ι
725 480 868 537 rapto
897 473 1201 538 Ganymede
1226 475 1490 533 dolebam;

216 548 400 598 Forma
424 566 631 614 quoque
658 549 797 598 Idaeo
817 551 991 614 judice
1018 552 1151 600 victa
1176 569 1288 601 mea
1313 561 1409 602 est.

147 625 419 685 Poeniteat,
447 627 583 692 quod
610 644 711 676 non
735 628 879 677 foveo
907 628 1234 693 Carthaginis
1260 648 1431 691 arces3

1506 635 1571 682 45

215 704 386 760 Quum
412 722 526 754 mea
552 706 654 754 sint
679 707 764 754 illo
789 723 964 756 currus
991 716 1042 756 et
1067 725 1205 757 arma
1230 710 1370 758 loco:

146 783 403 833 Poeniteat
429 784 666 849 Sparten,
695 785 984 850 Argosque,
1013 803 1257 851 measque
1284 787 1553 853 Mycenas,

214 861 282 910 Et
304 869 526 911 veterem
555 863 699 912 Latio
726 865 1058 929 supposuisse
1084 865 1304 914 Samon:

145 941 294 989 Adde
321 957 495 990 senem
522 941 743 999 Tatium,
771 942 801 990 J
807 944 1205 1009 unonicolasque
1234 944 1476 1002 Faliscos,

215 1018 355 1074 Quos
382 1037 478 1084 ego
505 1020 752 1069 Romanis
779 1022 1111 1071 succubuisse
1137 1023 1247 1070 tuli.

1506 1026 1570 1071 50

148 1096 251 1146 Sed
271 1115 439 1163 neque
460 1099 707 1164 poeniteat
724 1118 734 1158 ;
762 1116 855 1148 nec
875 1117 1001 1164 gens
1018 1100 1139 1148 mihi
1157 1101 1318 1149 carior
1338 1102 1441 1150 ulla
1459 1107 1566 1151 est:

215 1174 313 1224 Hic
340 1177 491 1233 colar,
520 1177 602 1225 hic
627 1184 829 1226 teneam
854 1195 971 1226 cum
997 1178 1123 1227 Jove
1150 1180 1342 1244 templa
1368 1196 1499 1230 meo.

189 1349 243 1379 41.
271 1347 390 1379 Merita
420 1347 557 1380 ,Iunonis
583 1346 615 1378 in
646 1347 821 1383 Romanos,

144 1408 243 1440 quum
265 1398 373 1429 odium
395 1398 427 1429 in
451 1399 564 1429 AEneae
589 1402 729 1440 posteros
746 1408 821 1428 con-

143 1453 273 1490 ceptum
302 1447 471 1490 posuisset,
499 1447 656 1489 urbesque
686 1446 746 1478 sibi
767 1457 822 1478 ca-

142 1498 282 1529 rissimas
302 1497 417 1540 subjici
439 1497 593 1529 Romanis
614 1508 708 1540 passa
729 1502 823 1529 esset.

145 1548 215 1579 Iras
234 1550 338 1589 posuit
358 1548 536 1579 secundum
560 1548 741 1583 Horatium,
758 1547 823 1578 III.

145 1597 210 1630 Od.
231 1597 277 1628 iii.
302 1598 355 1629 17.
372 1603 494 1629 mortuo
518 1596 683 1635 Romu103
707 1608 822 1629 secun-

143 1648 221 1679 dum
238 1648 353 1690 virgil.
377 1648 509 1679 [Eneid.
533 1648 588 1679 xii.
613 1648 689 1679 791.
714 1649 823 1679 AEnea

144 1698 249 1730 adhuc
272 1698 356 1730 vivo.
404 1699 456 1730 De
483 1709 595 1741 genere
628 1699 761 1729 Electrae
791 1704 822 1729 et

145 1748 311 1779 Darda-nia
340 1750 435 1785 domo,
473 1747 558 1779 unde
596 1747 737 1778 Romani
766 1758 822 1789 per

144 1799 297 1835 AEneam,
310 1798 352 1830 iv.
366 1799 418 1829 31.
437 1799 557 1839 Duplex
571 1798 640 1829 haec
652 1799 706 1829 irre
717 1809 821 1834 causa,

142 1851 425 1891 nempejudicium
448 1849 584 1885 Paridis,
602 1853 634 1879 et
650 1850 734 1888 rapti
757 1848 821 1879 Ga-

142 1901 280 1940 nymedis
302 1900 435 1935 honores,
457 1897 554 1929 etiam
578 1897 709 1929 AEneid.
725 1897 745 1928 i.
768 1899 822 1928 27.

141 1953 346 1980 memoratur.
386 1947 623 1989 Ganymedem,
650 1948 739 1978 Trois
761 1946 821 1978 fili-

143 2008 209 2035 um,
236 1997 330 2040 longe
357 1997 608 2040 pulcherrimum
634 1996 715 2027 inter
740 2007 822 2028 mor-

143 2048 232 2085 tales,
249 2048 289 2078 ob
314 2047 416 2090 ipsam
438 2046 709 2089 pulchritudinem
729 2046 773 2078 dii
790 2046 822 2077 in

142 2097 262 2130 eoelum
278 2108 421 2140 rapuere,
438 2103 474 2128 ut
490 2097 564 2128 Jovi
580 2102 665 2128 esset
685 2097 820 2139 pocilla-

144 2155 213 2188 tor3
229 2148 397 2185 Homerus,
410 2148 496 2179 ILY.
507 2148 582 2178 233.
607 2147 680 2178 Non
694 2147 821 2183 mirum,

143 2209 181 2229 eo
196 2204 290 2241 raptu
304 2199 463 2230 Junonem
476 2197 633 2235 doluisse;
658 2198 823 2241 displicuit

141 2248 237 2280 etiam
254 2248 359 2280 Cicer.
373 2249 471 2280 Tusc.
485 2248 507 2278 i.
523 2249 576 2279 26.

188 2300 242 2331 45.
266 2299 381 2341 virgil.
411 2298 544 2330 AEneid.
576 2299 597 2329 i.
627 2300 685 2330 15:
720 2298 821 2333 Quam

144 2349 409 2392 (Carthaginem)
426 2350 449 2380 J
452 2362 512 2380 imo
517 2349 631 2391 fertur
648 2351 738 2380 terris
757 2361 819 2380 ma—

143 2403 191 2442 gis
211 2401 348 2431 omnibus
371 2411 467 2431 unam
495 2401 673 2431 Posthabita
696 2401 822 2431 coluisse

144 2450 243 2481 Samo.
270 2449 332 2480 Hic
345 2451 434 2480 illius
446 2461 544 2486 arma,
562 2450 610 2480 hie
623 2449 823 2491 cur›·usfuit.

145 2500 217 2531 Hoc
238 2500 278 2531 de
298 2510 391 2531 curru
414 2499 523 2531 fictum
542 2511 559 2531 e
579 2500 718 2531 moribus
738 2499 821 2531 anti-

145 2560 279 2592 quorum
302 2549 445 2586 heroum,
467 2549 522 2591 qui
546 2560 656 2580 currus
676 2559 762 2585 suos,
785 2549 820 2580 fi-

145 2600 211 2631 nito
246 2599 344 2636 bello,
381 2605 467 2631 certo
507 2599 576 2631 loco
613 2600 821 2642 reponebant.

148 2650 289 2682 Deorum
311 2660 420 2681 currus
438 2649 478 2680 iis
498 2649 577 2681 locis
595 2648 712 2681 servari
733 2649 820 2681 diee-

147 2701 275 2737 bantur,
291 2700 346 2731 ubi
368 2699 428 2743 ipsi
445 2710 567 2732 summa
591 2699 742 2741 religione
761 2699 822 2731 coli

146 2750 301 2782 solebant.
347 2751 365 2783 J
372 2750 484 2782 unonis
501 2761 609 2782 currus
625 2751 665 2781 ab
685 2751 824 2781 Homero

149 2799 190 2832 Il.
200 2803 237 2832 E.
248 2802 312 2832 720
323 2811 392 2844 sqq.
403 2807 608 2832 memoratur.
620 2800 725 2832 Etiam
737 2811 822 2831 arma

891 1348 1010 1379 Junoni
1032 1348 1262 1386 tribuebantur,
1285 1349 1429 1392 inprimis
1452 1349 1569 1389 hasta3

892 1398 977 1430 unde
989 1399 1009 1430 J
1012 1409 1075 1430 uno
1089 1398 1207 1430 Curitis
1223 1399 1309 1441 apud
1320 1399 1464 1431 Sabinos.
1489 1400 1573 1432 Vide

893 1447 1057 1489 Heynium
1075 1448 1115 1479 ad
1132 1448 1250 1491 Virgil.
1268 1448 1354 1480 dicto
1373 1448 1453 1480 loco.
1478 1449 1572 1490 Spar-

894 1505 955 1533 ten,
972 1503 1036 1529 etc.
1062 1497 1168 1528 Etiam
1184 1498 1273 1535 alibi,
1293 1503 1327 1529 ut
1343 1498 1426 1530 Met.
1439 1498 1480 1530 vi.
1496 1500 1573 1532 414.

893 1553 925 1579 et
943 1548 1012 1590 jam
1035 1548 1120 1591 apud
1150 1549 1282 1579 Homer.
1311 1548 1360 1579 hae
1390 1554 1453 1579 tres
1478 1550 1574 1581 urbes

893 1598 938 1630 sic
950 1600 1142 1642 junguntur,
1160 1599 1279 1642 quippe
1295 1599 1414 1631 Junoni
1430 1599 1575 1642 inprimis

892 1659 989 1680 carae.
1021 1649 1073 1680 De
1090 1649 1209 1691 templo
1224 1649 1361 1681 Junonis
1376 1650 1484 1680 Samiae
1498 1649 1571 1681 vide

891 1698 1101 1735 Herodotum,
1118 1698 1163 1730 iii.
1178 1699 1230 1730 60.
1278 1699 1482 1739 Supposuisse,
1497 1700 1573 1730 sub-

887 1748 1004 1790 jecisse
1018 1749 1171 1790 potestati
1186 1749 1404 1780 Romanorum
1418 1761 1428 1788 3
1451 1749 1473 1780 i.
1487 1750 1572 1790 306;

891 1799 954 1829 lv.
970 1799 1068 1830 Trist.
1084 1798 1151 1830 viii.
1171 1800 1212 1830 48
1231 1811 1238 1830 ι
1266 1803 1286 1817 “
1300 1799 1356 1830 Nil
1375 1799 1419 1831 ita
1435 1799 1571 1832 sublime

891 1854 949 1885 est,
964 1854 1075 1880 utnon
1092 1848 1133 1879 sit
1148 1849 1348 1891 suppositum
1364 1849 1438 1881 deo.

936 1900 989 1930 49.
1013 1899 1099 1930 Juno
1128 1899 1220 1930 Curis
1244 1899 1304 1930 dea
1327 1900 1491 1942 praecipua
1514 1901 1572 1932 Sa-

891 1947 1036 1980 binorum
1052 1961 1061 1988 3
1086 1949 1194 1991 itaque
1214 1949 1331 1985 Tatius,
1348 1960 1446 1991 quum
1462 1950 1573 1982 Sabini

891 2009 924 2030 se
937 1999 1122 2041 junxissent
1142 1998 1312 2035 Romanis,
1333 1998 1437 2030 eidem
1455 1999 1488 2030 in
1504 2010 1572 2031 om-

892 2049 987 2079 nibus
1012 2048 1110 2080 curiis
1136 2059 1263 2079 mensas
1294 2047 1469 2085 dedicavit,
1500 2059 1572 2091 quae

891 2098 1028 2140 Augusti
1042 2099 1147 2130 adhuc
1159 2105 1300 2141 tempore
1313 2099 1499 2139 exstabant3
1512 2099 1573 2131 Di-

892 2149 1022 2192 onysius
1037 2149 1146 2180 Halic.
1163 2148 1197 2179 ii.
1210 2150 1262 2180 50.
1309 2149 1450 2180 Falerios
1462 2150 1495 2180 in
1509 2150 1572 2181 Fa-

893 2201 975 2231 liscis
985 2199 1060 2230 olim
1075 2199 1184 2241 Argivi
1201 2199 1425 2241 migraverant.
1450 2200 1500 2230 Ibi
1512 2199 1572 2242 igi-

891 2255 940 2280 tur
952 2249 1107 2290 templum
1122 2249 1259 2280 ,Iunonis
1271 2247 1312 2279 ad
1326 2248 1568 2280 similitudinem

891 2299 1002 2341 Argivi
1017 2299 1155 2341 positum
1177 2299 1209 2329 in
1226 2309 1329 2341 eoque
1345 2310 1436 2331 sacra
1452 2300 1572 2332 fiebant

891 2349 1012 2391 Argivo
1030 2349 1110 2387 ritu3
1133 2348 1323 2390 Dionysius,
1346 2348 1367 2379 i.
1392 2350 1448 2380 21.
1496 2350 1568 2381 Μα-

890 2401 970 2431 vorti
993 2399 1089 2430 etiam
1113 2399 1199 2441 apud
1223 2398 1403 2435 Horatium,
1419 2399 1486 2431 III.
1504 2401 1570 2432 Od.

891 2449 936 2480 iii.
952 2450 1006 2480 30.
1024 2459 1138 2490 graves
1154 2448 1218 2479 iras
1237 2448 1270 2479 in
1292 2448 1459 2480 AEneadas
1477 2450 1570 2481 redo-

891 2510 983 2531 nasse
1013 2499 1143 2530 dicitur.
1206 2499 1302 2530 Dicta
1320 2500 1403 2540 fides
1431 2502 1570 2540 sequitur

892 2549 987 2580 etiam
1013 2548 1037 2580 i.
1065 2549 1150 2588 3193
1187 2548 1324 2580 Metam.
1345 2548 1393 2579 iii.
1413 2549 1498 2588 5273
1537 2556 1569 2581 et

891 2606 960 2630 vota
978 2600 1061 2641 fides
1085 2600 1223 2640 sequitur
1253 2598 1320 2630 viii.
1348 2599 1423 2629 711.
1452 2599 1568 2641 quibus

892 2649 1063 2686 indicatur,
1079 2648 1199 2680 factum
1220 2659 1299 2685 esse,
1321 2648 1406 2691 quod
1425 2649 1497 2690 quis
1517 2650 1568 2680 vel

893 2701 1089 2742 promiserat,
1128 2700 1178 2731 vel
1211 2705 1388 2742 optaverat.
1438 2700 1568 2731 Centum

893 2750 1020 2781 omnino
1035 2749 1156 2781 multis.
1190 2750 1306 2780 Mensis
1321 2750 1425 2786 honor,
1442 2755 1476 2781 ut
1491 2749 1568 2781 alibi

894 2802 961 2833 ctrli
976 2806 1031 2832 aut
1048 2802 1224 2840 templorum
1241 2801 1346 2831 honor.
