1830 3220
549 156 903 202 FASTORUM
936 157 1059 202 LIB.
1093 160 1158 202 II.
1504 162 1561 204 91

138 271 304 322 Parva
327 280 509 339 petunt
534 273 748 325 Manes:
778 277 944 342 pietas
968 294 1060 343 pro
1085 278 1240 327 divite
1265 286 1409 342 grata
1433 286 1514 327 est

206 351 453 402 Munere:
483 370 583 401 non
609 354 783 402 avidos
811 355 945 420 Styx
971 356 1129 405 habet
1154 357 1255 406 ima
1281 357 1436 406 Deos.
1459 360 1557 406 536

138 429 335 494 Tegula
360 432 599 496 projectis
626 433 748 480 satis
775 440 855 481 est
878 434 1046 483 velata
1070 435 1269 484 coronis
1292 455 1303 492 ;

208 508 276 557 Et
300 526 490 574 sparsae
516 510 716 575 fruges3
746 528 1005 577 parcaque
1030 514 1163 562 mica
1188 514 1338 569 salis;

139 587 304 653 Inque
329 605 469 638 mero
495 590 690 639 mollita
716 590 892 649 Ceres,
919 591 1169 656 violaeque
1194 593 1373 641 solutae
1397 610 1407 642 :

207 666 333 717 Haec
360 668 546 718 habeat
569 670 738 719 media
762 677 897 720 testa
920 670 1098 720 relicta
1120 670 1217 720 via.

1459 673 1558 720 540

140 745 250 795 Nec
294 748 488 812 majora
516 755 661 798 veto:
714 749 804 797 sed
847 757 899 798 et
939 749 1016 798 his
1066 750 1331 814 placabilis
1380 750 1560 798 umbra

343 833 422 874 est
444 843 455 874 ε

206 904 356 954 Adde
383 921 562 970 preces
587 905 768 970 positis
795 913 846 954 et
871 921 963 954 sua
987 907 1141 955 verba
1164 906 1308 955 focis.

140 981 293 1031 Hunc
319 1000 510 1032 morem
537 984 742 1042 AEneaS‚
771 985 978 1050 pietatis
1005 986 1220 1035 idoneus
1247 993 1441 1044 auctor,

206 1062 394 1110 Attulit
418 1063 469 1110 in
495 1070 672 1121 terras,
695 1064 834 1127 juste
863 1063 1058 1122 Latine,
1086 1073 1218 1114 tuas,

139 1140 232 1189 Ille
259 1141 417 1206 patris
445 1142 612 1191 Genio
638 1143 885 1191 solemnia
911 1144 1046 1192 dona
1070 1144 1295 1194 ferebat:

1462 1146 1560 1191 545

207 1218 342 1269 Hinc
369 1221 545 1286 populi
570 1221 697 1269 ritus
723 1221 980 1271 edidicere
1006 1223 1135 1288 pios.

137 1406 285 1439 Pontifici
299 1406 454 1448 subjecit;
478 1407 547 1438 Liv.
563 1407 585 1438 i.
600 1409 654 1439 20.
694 1408 815 1440 Relata

136 1463 211 1489 sunt
247 1457 282 1488 in
316 1457 536 1493 Februarium,
560 1457 708 1490 ultimum
738 1457 814 1489 olim

136 1518 290 1540 mensem.
339 1507 390 1538 De
419 1507 471 1539 die
499 1513 531 1539 et
552 1514 692 1550 tempore
718 1508 814 1540 dura—

137 1558 233 1590 tionis
247 1558 314 1590 vid.
329 1557 369 1589 ad
382 1568 506 1590 versum
520 1558 598 1590 569.
623 1560 675 1591 De
688 1558 814 1591 nomine

137 1610 269 1642 Festus:
295 1613 316 1626 “
336 1609 463 1641 Feralia
486 1609 557 1641 Diis
582 1609 737 1641 Manibus
761 1619 812 1641 sa-

136 1666 227 1692 crata
252 1661 344 1696 festa,
369 1670 386 1691 a
414 1659 554 1691 ferendis
578 1660 693 1703 epulis,
721 1661 770 1692 vel
797 1671 815 1691 a

136 1710 286 1742 feriendis
301 1709 514 1754 pecudibus.''
539 1710 652 1747 Varro,
668 1710 708 1742 de
721 1710 815 1752 Ling.

137 1761 274 1793 Latina:
297 1766 316 1778 ‘¹
336 1760 461 1792 Feralia
482 1761 521 1791 ab
538 1760 648 1791 inferis
664 1766 696 1791 et
712 1761 814 1792 feren-

135 1812 188 1848 do,
213 1810 300 1853 quod
324 1811 430 1841 ferunt
453 1815 530 1841 tunc
560 1810 674 1853 epulas
700 1811 741 1842 ad
767 1822 815 1842 se-

135 1861 297 1904 pulcrum,
325 1861 441 1903 quibus
465 1861 519 1903 jus
546 1860 590 1892 ibi
615 1862 816 1903 parentare.’'

137 1912 190 1945 Cf.
209 1923 239 1944 v.
263 1912 326 1944 419
349 1922 423 1954 sqq.
449 1911 504 1943 ubi
528 1911 677 1943 Lemuria
697 1911 815 1942 descri-

138 1963 270 1995 buntur.

181 2014 290 2045 Honor
315 2014 445 2045 tumulis
468 2018 537 2044 erat
560 2011 688 2055 publice
709 2012 815 2055 priva-

138 2065 279 2106 timque;
312 2063 441 2106 publice
466 2063 515 2094 his
538 2062 615 2105 ipsis
641 2063 816 2100 Feralibus,

136 2115 288 2159 privatim
309 2114 578 2146 Novemdialibus
602 2120 634 2145 et
650 2113 815 2145 Denicali-

136 2167 210 2198 bus.
259 2167 445 2197 Exstinctas.
483 2166 593 2197 Intell.
620 2164 748 2201 tumuli,
767 2176 816 2196 se-

136 2217 262 2260 pulcra.
298 2217 388 2258 Pyra
409 2215 506 2252 enim,
523 2221 559 2247 ut
579 2216 710 2252 bustum,
726 2215 818 2247 locus

136 2266 192 2299 ubi
213 2271 354 2298 mortuus
372 2271 405 2297 et
422 2266 608 2297 combustus
623 2271 655 2297 et
674 2265 818 2308 sepultus

135 2324 196 2350 est.
234 2318 358 2355 Avidus,
373 2326 560 2358 magnorum
577 2325 744 2346 munerum
761 2325 816 2346 cu-

137 2368 241 2412 pidos.

181 2419 258 2451 537.
287 2417 450 2449 Memorat
477 2426 576 2459 parva
604 2426 749 2452 munera,
776 2415 817 2447 de

139 2469 256 2512 quibus
279 2467 303 2499 i.
321 2468 385 2500 337
403 2478 474 2510 sqq.
522 2466 642 2509 Tegula
669 2465 701 2497 in
724 2466 818 2498 tectis

137 2519 366 2562 sepulcrorum.
411 2518 464 2549 De
483 2517 543 2548 hoc
559 2528 741 2548 coronarum
759 2528 816 2548 usu

137 2569 210 2602 vide
234 2568 426 2601 Kirchman.
451 2568 492 2599 de
516 2566 666 2598 Funerib.
690 2578 721 2609 p.
737 2567 815 2599 560.

138 2620 194 2652 ubi
219 2625 251 2652 et
274 2619 314 2651 ‹le
338 2619 467 2650 floribus
491 2619 609 2655 solutis,
625 2618 728 2660 vagis,
755 2629 817 2649 non

138 2670 172 2702 in
187 2681 335 2702 coronam
351 2668 481 2701 coactis.
513 2669 649 2700 Coronis
664 2679 725 2699 non
740 2679 819 2711 opus

138 2726 208 2752 erat
223 2721 312 2752 novis
328 2726 362 2752 et
377 2725 443 2751 arte
464 2718 560 2751 factis
575 2730 584 2758 3
608 2718 682 2750 huic
705 2718 818 2761 pietati

138 2771 338 2803 sufficiebant
362 2781 421 2808 eae,
437 2780 521 2813 quae,
536 2769 695 2801 conviviis
719 2779 818 2800 exac-

885 1408 939 1445 tis,
968 1419 987 1440 a
1025 1408 1168 1440 convivis
1204 1408 1334 1439 domum
1373 1409 1564 1441 abeuntibus

882 1461 1022 1500 prqjectae
1050 1466 1140 1492 eraut
1170 1459 1203 1490 in
1226 1459 1296 1491 viis.
1334 1459 1469 1491 Heroid.
1495 1460 1562 1491 xxi.

888 1510 971 1549 1653
997 1510 1106 1541 Amor.
1124 1510 1155 1541 Ῐ.
1172 1509 1214 1541 νὶ.
1230 1510 1286 1541 67.
1337 1510 1485 1552 Tegul‘um
1507 1521 1564 1542 au-

884 1566 948 1592 tem
968 1560 1105 1591 Lenzius
1128 1560 1252 1591 mavult
1267 1566 1486 1602 tegumentum
1503 1560 1564 1592 foci

884 1616 940 1642 aut
954 1620 1015 1641 arae
1032 1610 1225 1651 intelligere,
1241 1610 1338 1642 etiam
1365 1621 1435 1641 mox
1458 1617 1564 1642 testam

885 1660 997 1692 eodem
1024 1671 1117 1691 sensu
1145 1670 1272 1702 capere,
1295 1663 1449 1701 projectus
1475 1660 1565 1692 deni-

887 1721 949 1752 que
980 1709 1180 1753 interpretari
1214 1710 1245 1742 in
1275 1721 1363 1741 aram
1393 1711 1565 1753 conjectas.

893 1760 998 1791 Velare
1014 1761 1145 1792 verbum
1173 1770 1297 1791 sacrum
1318 1759 1358 1792 de
1385 1759 1508 1792 coronis
1531 1767 1564 1792 et

888 1810 984 1842 vittis.
1024 1811 1076 1842 De
1102 1812 1179 1841 mica
1203 1812 1275 1841 salis
1290 1810 1362 1842 vide
1379 1809 1420 1841 ad
1443 1810 1466 1841 i.
1484 1811 1563 1843 338.

888 1861 963 1893 Haec
986 1862 1104 1897 habeat,
1121 1868 1182 1891 etc.
1204 1860 1273 1891 haec
1297 1866 1498 1902 apponantur
1514 1861 1565 1892 vel

887 1911 920 1942 in
936 1911 991 1942 vili
1007 1916 1089 1942 testa
1105 1910 1187 1942 vasis
1200 1909 1292 1941 fracti
1306 1915 1338 1941 et
1354 1910 1385 1940 in
1399 1910 1565 1953 publicum

885 1961 1033 2004 projecti.

929 2012 1005 2043 541.
1025 2012 1117 2053 Saepe
1137 2008 1369 2053 impensissimo
1384 2009 1488 2040 officio
1507 2020 1564 2052 pa-

885 2062 1064 2093 rentabant.
1110 2061 1196 2092 Vide
1221 2059 1368 2092 Kirchm.
1384 2060 1416 2091 d.
1432 2059 1454 2092 l.
1500 2062 1565 2092 Sua

885 2114 986 2150 verba,
1011 2112 1075 2143 illis
1108 2111 1207 2142 sacris
1232 2111 1369 2154 propria,
1392 2121 1410 2142 e
1437 2117 1514 2143 nota
1535 2111 1566 2143 vi

886 2162 981 2205 hujus
995 2161 1201 2205 pronominis.

931 2213 1009 2245 543.
1044 2213 1120 2244 Pius
1150 2213 1288 2249 AEneas‚·
1324 2210 1566 2244 accommodate

886 2262 920 2295 h.
938 2263 960 2295 l.
982 2265 1106 2304 pietatis
1127 2264 1254 2295 idoneus
1277 2268 1405 2293 auctor.-
1431 2262 1478 2292 vir
1495 2267 1565 2293 tan-

887 2319 949 2351 tus,
965 2314 1085 2357 pietate
1109 2324 1168 2345 sua
1190 2313 1343 2355 inclytuS,
1358 2312 1471 2343 merito
1494 2311 1565 2355 pio-

886 2376 956 2396 rum
985 2364 1102 2396 rituum
1133 2370 1244 2395 auctor
1274 2363 1409 2395 exstitit.
1465 2363 1566 2400 Patri,

887 2426 983 2457 quem
1014 2415 1099 2459 apud
1132 2415 1323 2457 Drepanum
1362 2413 1564 2456 sepeliverat,

885 2466 1032 2508 sequenti
1057 2476 1139 2497 anno
1156 2465 1189 2496 in
1212 2464 1321 2496 Sicilia
1345 2474 1470 2495 sacrum
1492 2463 1568 2494 fecit

887 2515 1151 2552 anniversarium,
1184 2515 1270 2557 quod
1300 2513 1432 2545 AEneid.
1460 2525 1493 2545 v.
1524 2515 1567 2545 94

886 2576 957 2608 sqq.
985 2566 1186 2598 describitur.
1242 2565 1292 2596 Ibi
1331 2565 1471 2596 incertus
1505 2570 1566 2600 est,

886 2620 906 2633 “
925 2617 1108 2648 Geniumne
1133 2615 1207 2651 loci,
1230 2614 1428 2646 famulumne
1452 2623 1565 2656 paren-

886 2666 928 2699 tis
959 2668 1037 2698 Esse
1072 2666 1196 2710 putet.'’
1257 2665 1367 2696 Justns
1402 2663 1566 2706 epitheton

887 2717 1038 2760 frequens
1053 2727 1164 2759 regum
1179 2721 1213 2747 et
1231 2716 1363 2746 aliorum
1381 2713 1467 2757 apud
1482 2712 1565 2744 Nos-

889 2775 983 2800 trum.
1033 2768 1156 2808 Populi,
1175 2765 1295 2798 Latini.
