1830 3220
555 170 904 213 PASTORUM
942 173 1062 215 LIB.
1099 174 1181 217 VI.

1490 178 1573 219 331

151 284 301 334 Nunc
326 287 458 335 bene
484 287 666 335 lucetis
687 305 844 336 sacrae
867 290 962 337 sub
981 290 1185 339 Caesare
1202 292 1417 340 flammae
1437 310 1446 341 :
1472 296 1570 342 455

217 363 356 427 Ignis
383 365 433 412 in
462 364 631 414 Iliacis
660 382 793 413 nunc
820 366 932 423 erit,
961 375 1160 431 estque,
1188 368 1341 418 focis:

149 441 405 507 Nullaque
431 443 630 492 dicetur
655 444 806 492 vittas
829 452 1107 494 temerasse
1134 449 1373 496 sacerdos

217 519 328 568 Hoc
355 521 514 579 duce;
556 537 650 570 nec
677 521 788 569 viva
813 522 1100 571 defodietur
1125 525 1294 573 humo.

147 598 233 646 Sic
258 598 453 648 incesta
480 600 636 664 perit3
679 601 814 663 quia,
835 616 989 664 quam
1014 602 1234 660 violavit,
1263 604 1313 651 in
1340 604 1475 652 illam

215 676 492 735 Conditur3
533 685 587 725 et
611 677 785 726 Tellus
811 679 1073 743 Vestaque
1101 698 1287 730 numen
1315 682 1449 730 idem
1473 691 1566 730 est.

145 754 275 804 Tum
301 756 395 804 sibi
425 756 653 804 Callaico
681 756 871 805 Brutus
897 775 1181 822 cognomen
1206 760 1257 807 in
1282 760 1427 808 hoste
1469 764 1563 808 461

212 833 370 891 Fecit,
398 842 450 883 et
476 834 761 900 Hispanam
788 838 1034 901 sanguine
1060 838 1214 886 tinxit
1240 839 1468 887 humum.

146 912 353 961 Scilicet
378 913 630 962 interdum
657 914 936 963 miscentur
961 916 1123 965 tristia
1148 917 1294 973 laetis,

216 990 294 1039 Ne
321 992 567 1057 populum
593 999 698 1040 toto
725 1000 933 1056 pectore
953 993 1083 1042 festa
1100 996 1296 1058 juvent.

145 1068 364 1118 Crassus
385 1070 446 1118 ad
470 1069 769 1134 Euphraten
789 1071 1003 1135 aquilam,
1023 1081 1321 1137 natumque,
1344 1090 1568 1138 suosque

213 1149 457 1207 Perdidit,
482 1157 533 1198 et
557 1151 658 1198 leto
683 1157 762 1198 est
788 1151 996 1198 ultimus
1023 1152 1132 1216 ipse
1158 1152 1326 1200 datus.

1467 1155 1567 1200 466

144 1227 349 1285 Parthe,
378 1229 501 1292 quid
527 1229 788 1277 exsultas?
821 1229 951 1277 dixit
976 1230 1102 1279 dea:
1139 1231 1286 1294 signa
1312 1230 1562 1289 remittes3

211 1306 417 1370 Quique
443 1324 622 1355 necem
651 1307 823 1355 Crassi
852 1307 1093 1365 vindicet,
1122 1309 1254 1355 ultor
1279 1308 1390 1356 erit.

142 1377 221 1432 AT
247 1385 398 1432 simul
423 1386 596 1434 auritis
623 1385 767 1433 violae
793 1385 1066 1433 demuntur
1092 1386 1278 1443 aselliS,

211 1462 277 1512 Et
305 1463 506 1512 Cereris
531 1464 701 1529 fruges
728 1479 909 1528 aspera
935 1480 1061 1512 saxa
1086 1472 1284 1522 terunt3

140 1616 190 1642 tur
206 1610 246 1642 ad
262 1611 404 1644 Curiam.
443 1614 602 1656 Magnum
620 1619 652 1646 et
666 1614 813 1651 sublime,

139 1661 196 1692 sed
211 1673 267 1704 pro
282 1663 385 1694 oculis
400 1664 547 1696 datum.’'

183 1712 260 1744 455.
285 1712 415 1744 Desinit
442 1713 492 1745 hic
520 1714 608 1746 locus
634 1714 666 1744 in
694 1720 814 1746 votum.

141 1762 242 1792 Caesar
263 1762 313 1793 vel
335 1762 513 1805 Augustus,
535 1764 598 1799 vel.
622 1771 656 1795 ut
678 1764 814 1796 Lenz'ms

139 1811 218 1848 vult,
231 1811 388 1844 Tiberius.
412 1814 577 1855 Augustus
589 1814 718 1856 quidem
732 1814 761 1845 V
763 1825 811 1846 es-

139 1860 251 1893 talium
267 1863 434 1894 commoda
447 1862 589 1906 inprimis
601 1865 710 1903 auxit3
733 1865 812 1896 Sue-

139 1911 243 1943 tonius
273 1912 414 1954 August.
441 1914 494 1944 31.
554 1913 712 1945 Temerare
742 1914 814 1956 plus

137 1968 197 1999 est,
221 1973 317 2004 quam
338 1963 499 2004 polluere,
524 1965 659 1996 Metam.
681 1964 714 1996 ii.
734 1965 812 1996 592.

135 2014 276 2052 patrium
300 2019 456 2044 temerasse
479 2015 588 2045 cubile.
641 2014 729 2045 Viuae
754 2014 814 2045 vir-

136 2062 239 2104 gineae
265 2074 322 2105 pro
347 2062 419 2106 ipsa
442 2063 636 2106 virginitate.
686 2064 736 2096 De
766 2067 813 2095 ἰη-

137 2119 219 2144 cestu
244 2113 425 2146 Vestalium
455 2125 630 2157 earumque
656 2114 812 2157 supplicio

140 2163 212 2196 vide
227 2163 380 2202 Plinium,
392 2164 436 2196 iv.
449 2165 551 2207 Epist.
571 2167 623 2196 ll.
637 2170 669 2196 et
685 2176 755 2208 quae
768 2164 812 2197 ibi

140 2213 330 2247 notavimus.

180 2264 367 2296 461—468.
392 2266 504 2297 Eodem
523 2267 573 2297 die
593 2266 715 2297 Brutus
737 2265 810 2297 Cal-

137 2315 210 2346 laici
231 2326 394 2356 cognomen
414 2317 544 2353 invenit,
561 2316 688 2348 Crassus
711 2323 813 2348 autem.

133 2365 272 2396 devictus
287 2371 330 2396 est
344 2376 364 2398 α
380 2365 520 2397 Parthis.
567 2365 648 2398 Haec
663 2377 727 2409 quo
742 2376 811 2398 arc-

137 2414 200 2445 tius
222 2413 431 2456 jungerentur
459 2415 683 2458 superioribus,
715 2414 811 2448 inter-

136 2464 242 2507 posuit
263 2475 356 2496 versu
380 2465 455 2496 467.
476 2467 574 2502 deam,
595 2476 710 2507 nempe
727 2467 809 2498 Ves-

138 2520 217 2546 tam.
276 2514 418 2551 Gallaeci,
456 2515 595 2558 populus
636 2515 809 2547 Lusitaniae

137 2564 218 2596 inter
233 2563 374 2596 Minium
394 2569 427 2596 et
443 2565 581 2596 Durium
601 2575 732 2604 amnes;
754 2565 810 2597 hos

138 2613 216 2646 vicit
236 2624 319 2646 anno
339 2615 382 2646 U.
403 2614 442 2646 C.
458 2616 534 2647 618.
556 2616 701 2647 Decimus
724 2615 809 2647 Bru-

137 2671 208 2702 tns;
247 2664 370 2702 Florus,
408 2665 457 2696 ΙΙ.
495 2665 572 2697 xvii.
613 2666 669 2697 12:
719 2670 739 2684 “
766 2667 810 2699 D.

137 2714 257 2746 Brutus
273 2713 437 2756 aliquanto
454 2714 549 2748 latius
564 2714 704 2747 Celticos
718 2715 809 2748 Lusi-

139 2770 305 2806 tanosque,
320 2771 351 2796 et
368 2765 470 2796 omnis
486 2765 650 2798 Gallaeciae
667 2766 810 2808 populos.

1466 1468 1567 1512 470

886 1614 1153 1657 formidatumque
1167 1615 1322 1647 militibus
1333 1616 1452 1647 flumen
1468 1616 1562 1647 Obli-

884 1663 1006 1695 vionis:
1042 1671 1273 1707 peragratoque
1305 1665 1405 1696 victor
1441 1666 1565 1698 Oceani

883 1713 986 1751 litore,
1003 1725 1066 1745 non
1081 1715 1168 1757 prius
1180 1715 1271 1756 signa
1286 1716 1453 1752 convertit,
1465 1727 1563 1759 quam

883 1763 1053 1796 cadentem
1076 1765 1109 1795 in
1136 1765 1235 1796 maria
1259 1765 1371 1802 solem,
1399 1766 1562 1798 obrutum-

883 1825 946 1856 que
975 1814 1068 1857 aquis
1092 1815 1212 1856 ignem,
1236 1826 1299 1846 non
1325 1815 1393 1846 sine
1422 1815 1563 1857 quodam

882 1864 1041 1906 sacrilegii
1065 1871 1151 1896 metu
1175 1871 1206 1896 et
1230 1865 1355 1896 horrore
1384 1865 1563 1907 deprehen-

883 1913 963 1946 dit.'’
1007 1914 1101 1945 Adde
1127 1915 1301 1951 Velleium,
1325 1916 1370 1946 II.
1396 1926 1426 1946 v.
1455 1916 1481 1946 l.
1507 1915 1560 1946 Sic

884 1969 1026 2006 apparet,
1039 1963 1191 1996 meruisse
1202 1974 1274 1996 eum
1285 1965 1415 1996 Gatlaeci
1427 1975 1541 1996 nomen
1557 1978 1565 2004 ;

884 2013 929 2045 sic
945 2013 1026 2045 illud
1046 2013 1132 2056 apud
1154 2014 1306 2051 Plinium,
1325 2014 1464 2051 Florum,
1481 2015 1561 2046 Vel-

883 2065 980 2097 leium
1005 2071 1186 2096 constanter
1214 2064 1384 2104 scribitur3
1415 2065 1471 2096 sed
1499 2065 1559 2097 hoe

883 2115 953 2146 loco
969 2125 1030 2146 non
1047 2114 1106 2146 nisi
1123 2126 1205 2146 unus
1218 2114 1374 2158 Neapolis
1387 2114 1461 2146 cod.
1481 2115 1559 2146 Gal-

883 2167 963 2202 loeco,
989 2163 1074 2207 quod
1099 2163 1185 2195 haud
1210 2164 1308 2195 dubie
1330 2174 1449 2196 verum.
1495 2163 1558 2196 Sed

882 2215 959 2257 quia
986 2224 1097 2245 omnes
1125 2213 1242 2256 reliqui
1274 2214 1358 2251 libri,
1388 2213 1497 2256 scripti
1527 2220 1560 2245 et

881 2264 971 2301 editi,
982 2263 1015 2295 in
1033 2264 1171 2295 Callaico
1187 2264 1379 2307 conspirant,
1396 2263 1482 2295 nolui
1498 2264 1558 2296 hoc

882 2324 1022 2346 movere.
1070 2314 1195 2345 Scilicet
1209 2314 1243 2345 in
1258 2313 1415 2356 principio
1430 2319 1557 2345 senten-

882 2363 998 2395 tiarum
1027 2362 1149 2395 excitat
1177 2369 1318 2395 mentem
1348 2362 1496 2405 legentis,
1522 2369 1557 2395 ut

881 2416 966 2447 Met.
981 2413 1028 2445 iii.
1050 2414 1122 2445 135.

925 2464 1000 2496 465.
1024 2464 1076 2495 De
1106 2464 1209 2495 Crassi
1235 2462 1375 2506 pernicie
1399 2469 1431 2495 et
1456 2464 1558 2496 ultore

880 2514 953 2547 vide
969 2526 998 2546 ν.
1016 2515 1081 2547 580
1096 2525 1170 2556 sqq.

924 2565 1114 2597 466-472.
1128 2564 1190 2596 IV.
1207 2564 1284 2595 Idus
1301 2564 1452 2604 Delphini
1470 2570 1557 2594 ortus

880 2618 1090 2657 ‘vespertinum
1114 2615 1158 2647 sic
1182 2621 1215 2647 et
1233 2614 1370 2651 Plinius,
1391 2614 1479 2645 xviii.
1502 2614 1556 2646 27.

885 2667 986 2704 Violae,
1008 2677 1143 2703 coronae,
1165 2665 1205 2697 de
1229 2665 1344 2708 quibus
1364 2675 1455 2695 versu
1480 2665 1556 2695 310.

884 2719 1014 2749 Auritus
1026 2717 1162 2748 debetur
1173 2715 1318 2752 Afranio,
1331 2725 1425 2756 quem
1437 2713 1555 2756 Virgil.

883 2768 1001 2809 Georg.
1017 2767 1038 2798 i.
1054 2768 1131 2803 308,
1150 2770 1288 2801 secutus,
1306 2765 1422 2796 auritas
1443 2765 1556 2804 lepores
