1830 3220
659 185 821 235 NUX,
857 185 1113 228 ELEGIA.
1504 185 1591 227 465

175 300 308 347 Nam
325 300 462 364 quod
479 301 667 357 habent
681 301 888 350 frutices
905 301 1179 367 aliquando
1196 301 1425 366 proxima
1439 300 1585 348 nobis

244 377 527 440 Fragmina,
556 394 668 441 quae
694 379 815 426 laeso
840 379 1024 427 vimine
1051 379 1211 426 multa
1229 380 1431 442 jacent3

176 454 295 501 Non
320 455 430 502 istis
457 472 549 502 sua
572 455 707 503 facta
727 463 941 504 nocent:
982 456 1164 503 vicinia
1187 457 1373 503 damno
1398 462 1492 502 est.

241 531 521 596 Excipiunt
544 532 647 580 ictu
673 549 798 580 saxa
824 533 1027 597 repulsa
1054 550 1183 581 meo.
1519 534 1585 579 50

174 608 338 672 quue
364 610 464 657 fide
490 618 660 658 careat
682 629 692 667 ;
735 611 775 657 si
803 627 919 666 11011,
948 627 1062 674 quae
1089 611 1287 674 longius
1314 611 1518 665 absunt,

242 687 482 735 Nativum
508 688 728 735 retinent
752 688 992 736 inviolata
1016 690 1190 737 decus.

174 763 326 827 Ergo,
353 765 393 812 si
421 765 636 829 sapiant,
665 772 716 813 et
741 773 963 814 mentem
989 767 1141 815 verba
1167 772 1461 829 sequantur,

244 842 540 890 Devoveant
564 844 769 891 umbras
795 845 1025 908 proxima
1051 860 1268 908 quaeque
1293 858 1451 890 meas.

175 918 342 974 Quam
358 920 597 968 miserum
614 928 709 977 est,
723 922 894 968 odium
910 922 1107 969 damnis
1124 921 1366 969 accedere
1381 918 1589 975 nostris;

242 996 436 1060 Meque
461 1014 597 1045 ream
624 998 790 1045 nimiae
812 998 1150 1062 proximitatis
1177 998 1257 1060 agi
1278 998 1287 1044 !
1527 998 1590 1043 56

176 1073 297 1130 Sed,
324 1082 465 1138 puto,
493 1092 678 1138 magna
704 1075 802 1123 mei
829 1083 907 1123 est
931 1092 1142 1140 operoso
1169 1091 1289 1122 cura
1312 1074 1506 1121 colono.

244 1151 496 1209 Invenias,
526 1153 614 1215 qui
640 1153 727 1200 det
745 1153 814 1199 nil
838 1153 978 1208 mihi,
1006 1160 1190 1217 praeter
1215 1153 1441 1198 humum.

177 1229 372 1294 Sponte
397 1245 512 1276 mea
536 1229 697 1276 facilis
723 1236 981 1277 contemto
1007 1245 1188 1277 nascor
1212 1229 1263 1275 in
1290 1244 1436 1291 agro:

241 1306 473 1370 Parsque
499 1307 613 1362 loci,
642 1322 744 1370 qua
768 1314 862 1363 sto,
891 1308 1096 1371 publica
1119 1323 1251 1371 pene
1276 1305 1357 1352 via
1381 1312 1474 1352 est.
1523 1307 1588 1351 60

176 1383 281 1442 Me,
310 1391 420 1432 sata
443 1400 507 1431 ne
532 1384 731 1440 laedam,
760 1384 1001 1447 quoniam
1027 1391 1138 1431 sata
1162 1384 1346 1430 laedere
1372 1382 1527 1438 dicor,

242 1461 383 1508 Imus
410 1461 461 1508 in
480 1468 708 1509 extremo
735 1461 959 1524 margine
985 1461 1170 1508 fundus
1197 1460 1369 1508 habet.

175 1538 292 1587 Non
318 1539 439 1587 mihi
464 1539 567 1587 falx
593 1539 773 1587 nimias
803 1539 1041 1587 Saturnia
1065 1540 1279 1603 deputat
1302 1536 1536 1584 umbras:

242 1617 490 1664 Duratam
516 1624 723 1665 renovat
746 1633 846 1664 non
872 1617 993 1664 mihi
1018 1617 1178 1665 fossor
1204 1616 1430 1662 humum.

175 1694 295 1742 Sole
320 1694 441 1742 licet
467 1694 706 1757 siccaque
733 1693 813 1741 siti
841 1695 1065 1757 peritura
1088 1694 1329 1749 laborem,
1527 1691 1590 1736 65

243 1772 450 1836 Irriguae
475 1772 677 1820 dabitur
702 1788 802 1819 non
828 1772 951 1819 mihi
978 1773 1149 1820 sulcus
1176 1787 1340 1835 aquae.

174 1850 243 1898 At
264 1866 421 1914 quum
447 1856 668 1898 maturas
693 1850 813 1898 fisso
838 1867 967 1898 nova
992 1849 1178 1898 cortice
1202 1849 1353 1897 rimas

242 1927 364 1975 Nux
390 1927 511 1990 agit,
540 1928 603 1975 ad
629 1934 799 1992 partes
824 1928 1021 1992 pertica
1046 1943 1178 1974 saeva
1200 1925 1366 1973 venit:

215 2061 269 2092 53.
295 2060 378 2102 Ergo
400 2062 425 2091 si
450 2063 582 2100 sapiant,
597 2060 679 2101 etc.]
707 2060 740 2091 Si
755 2072 846 2098 mens,
961 2061 1013 2091 62.
1038 2059 1153 2100 Imus.]
1182 2058 1265 2089 Imus
1279 2057 1492 2100 fumlus,pro
1517 2067 1591 2099 ager

171 2109 268 2151 igitur
290 2110 453 2141 arboribus
474 2110 559 2149 illis;
584 2110 609 2140 si
626 2109 703 2152 quid
719 2116 847 2153 possent
914 2117 1102 2150 postremus3
1129 2107 1286 2150 quomodo
1315 2107 1414 2138 Faber
1441 2108 1528 2143 imus,
1558 2106 1591 2137 in

170 2170 284 2202 capere
301 2166 418 2196 mente,
434 2166 466 2191 et
487 2168 614 2191 mentem
640 2160 722 2191 hanc
740 2161 846 2197 verba,
913 2165 1057 2190 extrema
1083 2158 1146 2190 vici
1184 2162 1274 2200 parte
1313 2156 1472 2192 habitam,
1506 2155 1591 2198 apud

170 2209 297 2251 quibus,
328 2209 405 2251 quid
440 2210 590 2246 sentiant,
623 2209 847 2252 exprimerent,
914 2209 1030 2240 Horat.
1043 2208 1075 2239 in
1088 2208 1159 2240 Art.
1171 2209 1263 2239 Poet.
1294 2207 1345 2237 Sic
1357 2206 1591 2248 primafabula,

170 2267 390 2300 sequerentur,
417 2259 576 2301 sapienter
608 2259 737 2295 faciant,
765 2260 846 2291 fata·
914 2265 1045 2290 ezitrema
1059 2258 1173 2298 platea,
1186 2258 1301 2288 medius
1315 2256 1426 2287 Janus.

171 2308 234 2339 lem
258 2308 341 2339 hanc
367 2307 444 2350 ipsis
459 2308 655 2340 vicinitatem
677 2308 767 2339 Diris
791 2309 845 2340 de·
961 2309 1012 2339 63.
1036 2308 1107 2338 Non
1123 2308 1197 2338 mihi
1211 2307 1287 2350 falx
1303 2308 1412 2337 nimias
1427 2306 1589 2341 Saturnia,

171 2357 326 2390 vovendo.
913 2357 993 2398 etc.]
1027 2357 1102 2388 Non
1124 2357 1175 2388 hic
1201 2357 1350 2387 Saturnia
1366 2355 1444 2398 falae
1467 2355 1590 2397 insigne

147 2414 150 2418 '
215 2409 269 2438 55.
282 2407 396 2438 Odium
413 2409 533 2438 damnis
544 2409 686 2439 accedere
701 2407 842 2447 nostris]
918 2408 1078 2447 Temporz'S,
1110 2406 1262 2449 Κρόνου3
1295 2405 1350 2437 sed
1387 2405 1525 2440 Saturni,
1554 2409 1590 2434 ut

171 2457 343 2498 Eleganter
367 2456 400 2487 in
424 2467 486 2488 uno
510 2456 632 2494 codice,
657 2467 844 2488 accrescere:
915 2462 987 2499 pote
1014 2456 1065 2487 cui
1095 2456 1167 2487 vitis
1196 2463 1228 2487 et
1264 2456 1389 2497 frugum
1420 2453 1589 2496 disciplina

171 2507 210 2538 de
224 2517 288 2549 qua
298 2517 385 2543 voce,
397 2517 470 2538 cum
485 2508 535 2548 τῷ
548 2509 688 2538 accedere
703 2506 845 2542 confusa,
915 2512 1122 2547 competeret.

172 2555 246 2588 vide
262 2555 374 2587 Heins.
390 2556 430 2587 ad
447 2557 523 2588 Val.
537 2557 624 2588 Flac.
639 2556 694 2587 lib.
710 2555 731 2586 i.
749 2556 820 2586 178.
959 2555 1012 2587 66.
1028 2556 1139 2586 Sulcus
1158 2555 1270 2596 aquarn]
1298 2554 1395 2585 Multi
1420 2553 1502 2589 libri,
1519 2564 1588 2583 suc-

215 2607 269 2637 61.
301 2606 453 2640 Quoniam
489 2613 555 2637 sata
590 2608 696 2637 [cedere
723 2605 840 2646 dicein]
913 2616 984 2636 cus.-
1008 2604 1052 2635 nil
1069 2611 1169 2636 muta.
1202 2605 1241 2635 In
1258 2604 1357 2635 tribus
1372 2608 1449 2638 erat,
1464 2605 1560 2633 rimis.

172 2655 310 2691 Callide,
341 2665 400 2686 nee
430 2655 600 2692 inficiatur,
627 2655 711 2698 quod
741 2654 842 2686 mani·
958 2655 1011 2685 68.
1025 2655 1150 2685 Perlica
1162 2654 1267 2694 sceva]
1284 2654 1401 2695 Longa,
1416 2653 1478 2683 duo
1494 2651 1564 2682 libri
1581 2664 1587 2682 :

171 2705 286 2736 festum
312 2712 359 2736 est
376 2718 382 2735 z
408 2716 468 2736 nec
492 2706 646 2748 agnoscit,
670 2705 755 2747 quod
780 2710 848 2737 erat
916 2703 993 2735 utin
1008 2703 1076 2735 istis
1092 2703 1212 2740 Ovidii,
1225 2703 1366 2734 iii.Fast.
1382 2703 1458 2733 117:
1478 2705 1498 2718 “
1511 2702 1587 2732 Per-

173 2755 368 2785 obfuturum.
404 2755 536 2786 ERASM.
916 2752 981 2784 tica
1006 2763 1173 2795 suspensos
1198 2753 1344 2795 portabat
1375 2753 1463 2793 longa
1488 2750 1588 2781 mani—

219 2803 321 2835 VOL.
338 2803 378 2833 V.
1051 2803 1069 2832 3
1087 2803 1115 2833 O
