1809 3220
161 185 248 228 196

555 186 605 227 Ρ.
641 184 858 227 OVIDII
892 185 1177 228 NASONIS

168 303 369 358 Cultus,
398 309 449 350 et
473 303 661 349 ornatis
687 302 820 349 varie
846 301 1076 365 prodisse
1101 301 1314 365 capillis,

238 379 443 438 Obfuit;
486 380 548 428 ad
575 379 762 443 rigidos
789 388 1124 444 promptaque
1149 380 1321 442 lingua
1340 394 1504 426 senes.

168 458 388 506 Conscia
413 475 554 506 inens
581 459 705 506 recti
731 458 875 505 famae
900 457 1166 505 mendacia
1191 457 1324 505 risit:

1478 459 1570 504 311

238 536 340 584 Sed
367 553 456 583 nos
482 537 531 583 in
558 537 732 583 vitium
758 536 964 583 credula
989 536 1136 582 turba
1160 551 1350 581 sumus.

169 613 294 661 Haec
323 614 407 660 ubi
433 623 685 662 castarum
713 615 959 678 processit
984 614 1046 660 ab
1074 613 1271 676 agmine
1298 619 1528 668 matrum,

237 691 305 739 Et
329 694 561 740 manibus
588 709 764 757 puram
791 692 1010 739 fluminis
1036 692 1203 738 hausit
1228 707 1429 754 aquam,

169 768 268 817 Ter
293 778 447 834 caput
471 771 662 826 irrorat,
691 779 767 818 ter
792 770 921 817 tollit
946 770 994 816 in
1021 771 1208 817 aethera
1234 769 1456 832 palmas;
1481 770 1579 816 315

239 848 561 912 Quicumque
588 849 889 914 adspiciunt,
919 855 1086 895 mente
1112 862 1281 894 carere
1308 852 1519 910 putant:

174 926 540 989 Submissoque
567 943 717 990 genu,
745 926 910 972 vultus
938 926 986 972 in
1014 924 1228 987 imagine
1257 923 1400 970 Divae

241 1003 389 1066 Figit,
417 1012 468 1051 et
493 1004 583 1051 hos
610 1004 730 1060 edit,
758 1004 895 1050 crine
915 1004 1137 1065 jacente,
1167 1017 1315 1048 sonos
1338 1018 1348 1048 :

174 1081 449 1145 Supplicis,
478 1082 625 1137 alma,
653 1089 767 1137 tuae,
796 1080 1013 1143 genitrix
1040 1079 1258 1126 fecunda
1285 1078 1524 1134 Deorum,

240 1158 431 1224 Accipe
458 1160 552 1206 sub
578 1166 716 1207 certa
741 1158 1028 1206 conditione
1056 1174 1250 1221 preces.

1484 1159 1584 1203 320

174 1237 331 1285 Casta
356 1254 510 1300 negor
533 1256 542 1286 z
585 1238 624 1284 si
651 1246 705 1284 tu
731 1238 941 1284 damnas
964 1256 974 1291 ;
1017 1236 1259 1283 meruisse
1286 1234 1511 1292 fatebor3

241 1315 408 1364 Morte
434 1317 567 1364 luam
596 1332 769 1380 poenas
791 1315 963 1378 judice
989 1314 1121 1361 victa
1148 1313 1275 1361 Dea.

175 1391 296 1449 Sed,
324 1394 364 1439 si
391 1394 581 1441 crimen
607 1394 766 1450 abest,
794 1400 846 1439 tu
874 1398 1055 1439 nostrae
1082 1392 1291 1456 pignora
1316 1390 1431 1437 vitae

243 1470 321 1518 Re
347 1472 519 1529 dabis3
562 1479 613 1519 et
639 1478 806 1518 castas
832 1477 974 1518 casta
1000 1485 1213 1532 sequere
1239 1484 1435 1515 manus.

218 1580 292 1610 309.
323 1580 461 1611 I'urietm
490 1579 544 1611 illa
575 1587 703 1611 ornatus
732 1588 798 1612 erat
829 1592 847 1611 a

174 1629 277 1671 positu
302 1629 499 1671 capillorum.
548 1630 651 1660 Etiam
672 1633 794 1669 prodire
815 1631 846 1661 in

174 1678 337 1721 publicum
368 1679 504 1710 maxime
534 1679 574 1710 ad
605 1690 668 1710 rem
700 1679 847 1721 pertinet,

175 1738 273 1769 quum
294 1734 388 1758 castae
409 1728 556 1759 mulieres
578 1729 640 1759 sere
664 1734 769 1759 essent
792 1728 848 1759 do-

176 1776 316 1808 misedae.
366 1778 502 1814 Promta,
523 1789 676 1820 praeceps,
697 1778 797 1809 libera
817 1785 849 1810 et

176 1826 216 1857 ad
242 1826 392 1869 quaelibet
417 1827 586 1869 expedita3
625 1827 744 1863 Livius,
772 1827 848 1858 xxii.

177 1877 230 1907 44.
252 1881 331 1908 extr.
357 1882 378 1894 “
394 1877 533 1914 Videret,
552 1884 583 1908 ut
603 1878 718 1919 quibus
741 1878 849 1919 lingua

176 1933 240 1957 tam
268 1933 393 1969 promta
423 1937 459 1957 ae
491 1927 667 1964 temeraria,
696 1938 786 1968 aeque
817 1929 849 1958 in

177 1985 285 2017 pugna
314 1975 456 2017 vigerent
480 1976 634 2007 manus.''
682 1977 850 2007 Sallustius

179 2024 277 2055 Catil.
294 2035 326 2055 x.
344 2026 380 2055 5:
407 2025 470 2055 “in
487 2025 596 2066 lingua
617 2031 773 2067 promtum
791 2025 847 2055 ha-

175 2073 285 2105 bere.’'
332 2073 437 2105 Cicer.
461 2074 593 2110 Planco,
611 2076 661 2105 14.
679 2079 700 2092 “
713 2080 745 2105 et
762 2074 850 2105 vultu

175 2128 334 2166 promtum
347 2123 458 2155 habuit
474 2130 505 2155 et
520 2124 639 2165 lingua.
664 2126 712 2155 Ad
726 2126 849 2166 rigidos,

178 2172 264 2214 apud
275 2183 409 2204 severos.
441 2173 503 2203 Nos
514 2174 603 2203 turba
612 2184 724 2210 sumus,
736 2184 773 2204 ex
789 2174 850 2204 iro-

177 2221 232 2252 nia
247 2222 418 2258 Socratica‚
430 2223 521 2254 turba
534 2228 600 2261 est3
617 2223 728 2254 Horat.
743 2223 772 2253 Ι.
791 2223 850 2265 Ep.

178 2270 214 2301 ii.
228 2271 269 2301 27
284 2283 290 2301 z
309 2271 370 2302 Nos
382 2282 524 2302 numerus
534 2283 654 2309 sumus;
675 2272 747 2302 Art.
761 2272 850 2303 Poet.

178 2325 198 2338 ‘'
208 2320 352 2351 Maxima
360 2327 550 2363 pars-vatum
559 2321 734 2364 decipimur
744 2321 850 2364 specie

177 2370 292 2402 recti.'’

223 2421 298 2451 314.
325 2421 456 2456 Puram,
479 2421 562 2462 quod
586 2421 683 2452 habet
706 2422 768 2452 vim
794 2432 851 2463 pu—

177 2469 322 2501 rificandi
337 2482 345 2508 3
369 2470 442 2501 vide
459 2470 479 2501 i.
492 2472 566 2502 338.
604 2472 642 2502 In
658 2471 751 2502 rebus
766 2471 852 2512 puris

178 2519 275 2551 etiam
296 2530 379 2562 aqua
401 2520 537 2551 fluvialis
555 2527 681 2563 propter
701 2521 848 2552 sanctita—

178 2574 243 2600 tem
259 2568 435 2600 fluviorum.
469 2569 566 2611 Aqua
580 2575 686 2600 autem
702 2569 850 2606 lustralis,

180 2628 246 2659 qua
278 2617 365 2648 Deos
404 2617 520 2649 adituri
557 2624 653 2660 caput
689 2625 720 2649 et
748 2625 851 2649 vestes

179 2677 386 2709 conspergere
411 2667 566 2701 solebant.
590 2679 636 2698 ros
665 2667 850 2707 dicebatur;

180 2718 315 2748 hletam.
334 2717 357 2748 i.
381 2718 463 2748 371:
492 2722 514 2734 “
527 2717 580 2748 ubi
603 2717 718 2748 libatos
738 2717 849 2748 irrora-

180 2775 251 2797 vere
288 2766 424 2807 liquores
454 2766 605 2797 Vestibus
643 2772 674 2798 et
709 2765 804 2808 capiti
819 2767 849 2804 ·,''

916 1580 969 1612 ubi
995 1580 1066 1611 vide
1093 1585 1157 1611 not.
1183 1585 1215 1610 et
1242 1578 1324 1609 infra
1354 1577 1395 1609 ad
1420 1588 1484 1609 ver.
1510 1579 1587 1610 778.

919 1631 1021 1660 Crinis
1032 1630 1063 1660 in
1075 1629 1270 1668 collojacens
1281 1628 1405 1670 signum
1418 1629 1566 1660 amentiae
1579 1641 1589 1669 ;

918 1679 1048 1710 Heroid.
1062 1690 1114 1709 xv.
1130 1679 1191 1708 140
1206 1691 1212 1710 2
1231 1683 1250 1695 “
1264 1677 1346 1708 llluc
1359 1677 1473 1709 mentis
1485 1677 1587 1720 inops,

916 1735 951 1760 ut
968 1739 1062 1771 quam
1080 1727 1201 1759 furialis
1220 1727 1372 1758 Erichtho
1395 1726 1540 1769 Impulit.
1557 1727 1590 1759 in

917 1777 1000 1809 collo
1012 1778 1097 1809 crine
1109 1778 1239 1820 jacente
1256 1777 1334 1808 feror
1348 1776 1381 1814 ;’'
1406 1776 1542 1808 Metam.
1552 1777 1589 1809 ii.

917 1829 991 1859 673.
1023 1827 1062 1859 de
1093 1828 1223 1859 muliere
1252 1826 1455 1858 vaticinantis
1488 1827 1590 1859 furore

917 1883 1072 1919 correpta,
1089 1881 1109 1894 “
1123 1883 1220 1918 utque
1237 1876 1309 1918 vagi
1324 1875 1427 1907 crines
1441 1886 1496 1918 per
1508 1876 1592 1908 colla

913 1927 1079 1968 jacebant.
1124 1926 1302 1957 Jacentibus
1331 1925 1499 1967 opponitur
1535 1928 1590 1957 ad-

917 1978 1017 2007 stricti
1032 1977 1102 2007 Art.
1119 1977 1227 2006 Amat.
1243 1975 1288 2006 iii.
1307 1975 1379 2006 146.

962 2026 1038 2056 323.
1059 2026 1190 2067 Pignus,
1205 2029 1436 2066 argumentum,
1449 2024 1588 2066 signum,

919 2085 982 2116 quo
998 2075 1219 2117 comprobatur
1239 2073 1372 2116 aliquid.
1416 2074 1456 2105 In
1478 2085 1591 2117 pareg-

918 2134 1010 2154 meno
1025 2123 1080 2154 illo
1095 2130 1191 2154 castas
1206 2129 1289 2154 casta
1304 2123 1351 2154 vis
1366 2122 1457 2155 inest.
1487 2123 1591 2155 Sceni-

920 2184 985 2203 cam
1002 2172 1142 2204 fabulam
1162 2172 1269 2209 fuisse,
1285 2183 1351 2214 qua
1371 2179 1591 2215 argumentum

920 2222 1001 2254 illud
1030 2228 1114 2254 esset
1148 2227 1329 2258 tractatum,
1360 2232 1398 2253 ex
1435 2221 1494 2254 hoc
1522 2223 1592 2255 loco
1659 2238 1662 2242 ·

922 2278 1064 2314 apparet.
1112 2271 1195 2302 Acta
1229 2271 1334 2302 forsan
1362 2271 1593 2312 Megalesibus.

921 2321 1065 2361 Sequitur
1082 2323 1200 2356 ducem,
1218 2320 1304 2356 facit,
1321 2325 1356 2350 ut
1376 2320 1466 2351 navis
1483 2326 1594 2362 pareat

922 2370 1060 2402 mulieris
1077 2370 1228 2401 trahentis
1243 2369 1413 2406 conamini,
1427 2370 1594 2412 laudatque

922 2430 1006 2456 eam,
1033 2419 1195 2462 sequendo
1217 2419 1272 2450 dat
1298 2418 1512 2450 testimonium
1534 2431 1592 2463 pu-

921 2469 1038 2500 dicitiae
1068 2469 1149 2511 ejus.
1195 2468 1403 2499 Laudationes
1431 2468 1528 2500 etiam
1558 2469 1591 2501 in

916 2518 1047 2560 judiciis
1062 2518 1242 2550 testimonia
1255 2517 1451 2549 dicebantur.
1483 2518 1592 2555 Sonus,

920 2569 1107 2600 acclamatio
1123 2567 1329 2599 adstantium.
1356 2567 1453 2599 Index
1467 2569 1590 2605 unitim,

920 2624 955 2648 ut
971 2618 1039 2649 Liv.
1054 2618 1108 2649 vii.
1121 2619 1162 2649 37
1177 2630 1183 2648 :
1208 2622 1229 2635 “
1242 2618 1370 2649 Clamor
1385 2616 1524 2648 omnium
1540 2628 1592 2648 as-

919 2678 1029 2699 sensus
1055 2668 1194 2706 index;‘'
1233 2666 1319 2699 xxiii.
1349 2667 1401 2698 46.
1426 2666 1589 2698 “Clamor

919 2716 1034 2748 favoris
1048 2716 1179 2748 index.'’
