1830 3220
810 185 955 230 IBIS.

1511 189 1598 230 507

177 301 334 366 Isque
360 304 439 351 vel
466 303 714 352 exanimis
739 303 893 352 faciat
917 304 1009 351 tibi
1035 304 1234 361 vulnus,
1263 310 1320 352 ut
1345 304 1433 362 illi,

245 380 350 429 Ora
375 399 529 446 super
550 382 641 430 -fixi
668 399 822 446 quem
848 382 1081 431 cecidere
1108 382 1229 430 suis.

176 457 293 507 Sive
319 459 454 508 idem
480 461 628 508 simili
655 461 804 525 pinus
831 477 985 525 quem
1011 467 1173 508 morte
1198 461 1442 525 peremit:

241 536 420 603 Phryx
447 546 499 587 et
522 546 730 588 venator
755 540 823 587 sis
852 539 1307 604 BerecynthiadeS.

1497 542 1596 587 510

174 613 227 662 Si
254 622 342 664 tua
367 617 636 679 contigerit
663 617 864 665 Minoas
885 616 1072 681 puppis
1099 633 1296 674 arenas,

240 692 314 742 Te
342 694 671 759 Corcyraeum
700 695 906 743 Cressia
931 695 1082 742 turba
1106 702 1269 759 putet.

174 769 557 837 Lapsuramque
578 774 786 821 domum
813 774 1014 829 subeas,
1039 781 1094 821 ut
1119 773 1326 836 sanguis
1352 772 1540 830 Alevae,

242 849 406 898 Stella
432 850 764 916 Leoprepidae
791 869 950 916 quum
978 851 1071 899 fuit
1096 868 1245 916 aequa
1268 851 1373 898 viro
1396 867 1406 898 :

174 926 348 992 thue
371 929 452 978 vel
481 929 684 979 Evenus
710 931 916 978 torrenti
944 930 1152 978 flumine
1175 945 1390 985 mersuS‚

1495 932 1592 977 515

242 1005 463 1056 Nomina
486 1008 578 1056 des
605 1008 811 1073 rapidae,
838 1008 917 1056 vel
944 1007 1232 1064 Tiberinus,
1261 1023 1426 1071 aquae.

169 1169 294 1201 occisus
313 1174 372 1206 est,
389 1175 423 1201 ut
439 1169 588 1212 Orpheus
609 1176 641 1201 et
657 1170 848 1213 Apollonius

168 1223 339 1250 testantur.

213 1270 288 1301 507.
322 1270 411 1311 Isque
442 1270 513 1311 ΓΒΑ]
545 1270 584 1301 In
612 1281 687 1312 agro
715 1270 847 1302 Posido-

168 1319 327 1351 niatarum
365 1320 397 1351 in
438 1319 564 1362 regione
603 1319 843 1362 Andragathia:

168 1379 253 1411 quae,
278 1380 376 1411 quum
393 1369 540 1400 venando
563 1370 747 1407 excelleret,
771 1380 846 1413 cap-

165 1424 334 1461 tarumque
372 1419 509 1451 ferarum
546 1418 654 1461 capita
688 1425 720 1450 et
748 1420 847 1460 pedes

168 1468 284 1501 Dianae
311 1469 458 1505 vovisset,
484 1474 579 1511 capto
606 1469 729 1511 ingenti
758 1480 845 1512 apro,

166 1518 268 1550 solum
299 1524 397 1561 caput
436 1519 538 1551 arbori
576 1519 743 1562 adpendit,
773 1521 847 1553 Dea

168 1574 375 1613 contempta3
399 1580 471 1601 mox
501 1580 600 1612 quum
629 1570 742 1602 eodem
776 1571 846 1603 loco

168 1619 320 1651 dormiret
334 1619 509 1651 meridiano
521 1625 613 1656 aestu,
624 1620 763 1652 solutum
778 1621 845 1664 apri

167 1674 276 1712 caput,
293 1668 478 1701 dormientis
491 1680 525 1700 os
540 1669 709 1712 oppressit.

211 1720 287 1752 509.
304 1720 403 1761 Atque
421 1719 532 1761 idem]
548 1719 632 1762 Atys
645 1725 678 1751 et
698 1720 845 1753 Nauclus

166 1769 253 1813 pinei
273 1770 360 1814 pomi
382 1780 460 1801 casu
479 1768 672 1801 dormientes
692 1769 724 1801 in
748 1781 844 1803 vena-

167 1821 252 1853 tione
268 1820 372 1852 obruti
385 1825 470 1852 sunt.

211 1873 290 1903 511.
323 1871 473 1912 Minoas]
505 1869 587 1901 Socii
617 1869 737 1902 Minois
762 1872 846 1912 regis

166 1920 326 1953 interfecti
342 1921 374 1951 iu
391 1920 500 1952 Sicilia
515 1919 662 1962 injuriam
685 1919 844 1952 ulciscen-

165 1977 224 2009 tes,
251 1971 436 2014 quicunque
461 1981 500 2002 ex
522 1969 631 2001 Sicilia
657 1970 691 2002 in
716 1971 844 2003 Cretam

167 2021 371 2064 navigarunt,
390 2020 635 2052 interficiebant.

210 2073 286 2103 513.
303 2070 504 2112 Lapa-uram]
519 2069 647 2107 Alcide,
658 2070 769 2102 Alebae
780 2072 843 2103 La-

164 2121 265 2154 rissaei
284 2121 362 2158 filia,
378 2131 452 2152 cum
466 2120 532 2151 viro
551 2120 708 2162 Lycoride
731 2121 844 2153 eadem

166 2173 281 2204 domus
311 2170 405 2202 ruina
431 2171 546 2202 obruta
570 2176 630 2201 est.
657 2170 753 2202 Dom.
803 2170 845 2202 Ut

167 2224 293 2265 sanguis
316 2222 429 2253 Alevae.
466 2219 606 2252 Videtur
625 2226 722 2262 poeta
745 2220 843 2252 histo-

166 2274 244 2305 riam
266 2271 438 2304 Simonidae
459 2270 651 2313 significare,
667 2271 759 2313 cujus
777 2282 842 2303 me-

168 2323 290 2355 minere
311 2322 423 2353 Valer.
440 2321 578 2353 Maxim.
593 2320 652 2352 lib.
668 2320 690 2352 i.
713 2331 788 2364 cap.
805 2321 845 2353 de

167 2373 350 2410 Miraculis,
375 2378 408 2404 et
429 2371 543 2404 Cicero
564 2371 654 2409 item,
675 2371 733 2403 lib.
753 2371 786 2402 ii.
805 2372 845 2404 de

169 2425 317 2460 Oratore,
332 2422 428 2465 hujus
443 2422 541 2453 verba
556 2426 631 2452 sunt
645 2421 733 2452 haec:
751 2425 771 2438 “
786 2421 844 2452 Di-

168 2479 246 2506 cunt
262 2474 358 2510 enim,
375 2482 474 2514 quum
487 2477 631 2503 coenaret
646 2471 794 2503 Cranone
811 2470 845 2502 in

166 2523 334 2556 Thessalia
367 2521 545 2553 Simonides
575 2521 662 2564 apud
691 2521 841 2563 Scopam,

167 2575 364 2607 fortunatum
374 2571 535 2603 hominem
552 2577 584 2602 et
599 2570 750 2608 nobilem,
761 2571 844 2602 ceci-

167 2624 329 2666 nissetque
365 2621 399 2653 id
427 2632 557 2653 carmen
587 2620 672 2663 quod
708 2621 741 2651 in
770 2631 844 2653 eum

168 2675 357 2716 scripsisset,
372 2672 406 2703 in
427 2682 490 2714 quo
510 2671 611 2703 multa
631 2671 663 2701 in
680 2670 844 2702 Castorem

169 2725 289 2767 scripta
302 2730 334 2755 et
355 2723 520 2754 Pollucem
536 2721 681 2758 fuissent,
697 2721 791 2752 nimis
806 2721 844 2752 il-

168 2775 235 2806 lum
266 2773 390 2805 sordide
411 2771 567 2804 Simonidi
593 2771 722 2809 dixisse,
739 2783 772 2803 se
797 2771 844 2802 ‹li-

917 1170 1051 1201 midium
1069 1170 1149 1211 ejus,
1163 1169 1192 1200 ei
1208 1169 1293 1211 quod
1310 1175 1422 1211 pactus
1436 1174 1517 1199 esset
1540 1179 1596 1211 pro

917 1220 972 1251 illo
989 1220 1128 1251 carmine
1140 1219 1308 1257 daturum3
1327 1219 1485 1260 reliquum
1500 1229 1518 1249 a
1531 1218 1597 1250 suis

916 1270 1118 1311 Tyndaridis,
1135 1280 1214 1311 quos
1235 1280 1325 1311 aeque
1348 1269 1523 1305 laudasset,
1542 1280 1596 1311 pe-

918 1326 1008 1357 teret,
1039 1319 1064 1351 si
1098 1319 1126 1350 ei
1159 1318 1328 1349 videretur.
1387 1319 1489 1349 Paulo
1527 1325 1597 1360 post

917 1370 1022 1400 serunt
1049 1380 1117 1400 esse
1148 1369 1335 1399 nunciatum
1365 1367 1532 1404 Simonidi,
1562 1374 1598 1399 ut

915 1419 1074 1461 prodiret:
1107 1419 1243 1461 juvenes
1272 1425 1356 1449 stare
1391 1418 1432 1448 ad
1463 1417 1597 1459 januam

917 1468 997 1500 duos
1027 1469 1194 1511 quosdam,
1219 1467 1274 1510 qui
1303 1478 1375 1498 eum
1402 1477 1595 1510 magnopere

916 1525 1097 1555 evocarent.
1108 1518 1280 1550 surrexisse
1294 1517 1384 1549 illum
1397 1517 1513 1560 ipsum,
1525 1529 1596 1560 pro-

916 1569 1013 1605 disse,
1029 1569 1146 1600 vidisse
1170 1568 1340 1599 neminem.
1378 1567 1449 1598 Hoc
1471 1567 1597 1599 interim

915 1620 1018 1662 spatio
1044 1620 1197 1651 conclave
1224 1618 1316 1654 illud,
1333 1618 1388 1649 ubi
1411 1617 1595 1660 epularetur

915 1669 1036 1712 Scopas
1063 1669 1264 1701 concidisse:
1300 1679 1339 1699 ea
1365 1667 1458 1698 ruina
1486 1668 1590 1710 ipsum

915 1730 1099 1762 oppressum
1125 1729 1198 1750 cum
1223 1718 1288 1749 suis
1311 1716 1504 1754 interiisse,''
1531 1724 1594 1751 etc.

916 1769 989 1800 Fuit
1003 1769 1088 1800 enim
1110 1769 1229 1811 Scopas
1245 1767 1357 1799 Alevae
1375 1767 1516 1809 sanguis,
1533 1768 1593 1800 hoc

915 1825 975 1855 est,
1004 1830 1043 1851 ex
1069 1819 1156 1850 illius
1184 1817 1347 1861 progenie,
1378 1817 1536 1855 Creontis,
1561 1825 1595 1850 et

915 1868 1114 1900 Echecratiae
1134 1868 1230 1904 filius,
1255 1873 1291 1898 ut
1315 1867 1468 1909 interpres
1488 1867 1593 1899 Theo-

914 1919 984 1950 criti
1011 1919 1118 1951 tradit.
1157 1920 1219 1950 Per
1247 1919 1365 1949 stellam
1386 1927 1460 1958 ergo
1482 1917 1594 1949 Casto-

914 1979 979 2000 rem
1014 1975 1046 2000 et
1082 1968 1260 2003 Pollucem,
1291 1967 1345 2008 qui
1385 1966 1593 1999 Geminorum

913 2019 1001 2050 sidus
1029 2020 1237 2055 constituunt,
1262 2016 1426 2058 intelligo:
1453 2027 1508 2059 per
1525 2018 1590 2059 Ly-

913 2071 1044 2101 coridem
1089 2075 1197 2101 autem
1236 2067 1348 2104 virum,
1386 2067 1593 2100 Simonidem.

914 2120 997 2151 Mrc.

957 2171 1033 2202 514.
1058 2170 1155 2201 Stella
1172 2168 1362 2211 Lycoridae.]
1389 2168 1493 2199 Recte
1514 2169 1591 2200 Leo-

910 2221 1044 2261 prepidae
1070 2220 1213 2262 Scaliger
1239 2218 1435 2250 Ausonianis
1464 2217 1591 2250 Lectio-

913 2270 1018 2307 nibus,
1042 2270 1191 2302 insistens
1211 2268 1351 2311 vestigiis
1368 2275 1513 2300 veterum
1537 2280 1595 2300 ex-

914 2320 1125 2363 emplarium:
1154 2319 1324 2362 Leoprepis
1349 2318 1434 2350 filius
1456 2318 1593 2350 Simoni-

915 2370 990 2409 des;
1014 2370 1060 2402 ita
1074 2371 1192 2413 passim
1209 2374 1364 2401 auctores.
1398 2368 1442 2399 H.

959 2422 1035 2452 515.
1061 2420 1190 2462 thue]
1216 2421 1358 2456 Evenus,
1379 2429 1477 2461 quum
1500 2419 1590 2450 Mar-

914 2471 1033 2513 pissam
1055 2471 1153 2502 filiam
1175 2469 1422 2513 pulcherrimam
1444 2468 1590 2506 haberet,

913 2531 984 2553 eam
1002 2527 1170 2564 poscentes
1185 2520 1218 2551 in
1231 2529 1373 2555 uxorem,
1384 2518 1417 2549 in
1430 2523 1591 2549 certamen

913 2573 1023 2604 curule
1051 2572 1255 2615 provocabat,
1285 2580 1394 2601 eorum
1431 2568 1486 2611 qui
1512 2568 1590 2599 victi

913 2629 1031 2659 essent,
1059 2621 1167 2664 capita
1204 2620 1324 2651 foribus
1351 2618 1522 2660 adfigebat‚
1554 2623 1590 2649 ut

913 2672 1053 2714 reliquos
1066 2682 1085 2702 a
1096 2669 1299 2702 contentione
1310 2668 1492 2699 deterreret.
1514 2666 1591 2698 Idas

915 2728 1033 2755 autem.
1062 2722 1117 2764 qui
1140 2719 1281 2763 Apharei
1307 2719 1390 2749 filius
1418 2718 1589 2753 ferebatur,

916 2783 1012 2814 quum
1036 2778 1117 2803 esset
1133 2769 1289 2813 ¹Neptuni,
1309 2767 1449 2810 acceptis
1467 2778 1484 2798 a
1499 2772 1590 2810 patre
