1809 3220
149 147 237 189 252

548 146 599 187 Ρ.
636 145 852 187 OVIDII
889 144 1175 186 NASONIS

156 263 290 312 Hinc
317 272 428 312 sata
455 263 663 311 Pleione
688 278 806 310 cum
831 261 1052 311 coelisero
1078 261 1286 310 Atlante

221 341 253 390 J
259 342 477 406 ungitur,
507 349 562 390 ut
586 340 720 390 fama
745 349 824 390 est
839 360 850 400 ;

894 341 1238 405 Pleiadasque
1265 339 1413 405 parit.

156 421 382 477 Quarum
411 420 552 468 Maia
577 437 694 469 suas
720 420 879 468 forma
905 436 1174 485 superasse
1199 435 1396 467 sorores
1513 419 1576 464 85

222 500 476 557 Traditur,
504 507 555 548 et
581 516 779 547 summo
805 499 1143 547 concubuisse
1167 497 1299 546 Jovi.

151 577 277 625 Haec
305 577 456 627 enixa
474 579 602 641 jugo
626 577 975 642 cupressiferae
1004 577 1268 641 Cyllenes,

220 656 500 704 AEtherium
530 656 719 704 volucri
746 656 833 721 qui
861 656 990 721 pede
1016 655 1180 720 carpit
1203 655 1315 703 iter.

152 734 379 783 Arcades
400 736 551 791 hunc,
574 734 855 799 Ladonque
877 751 1036 800 rapax
1058 742 1109 782 et
1130 734 1377 782 Maenalos
1397 734 1576 797 ingens

222 812 340 861 Rite
365 814 557 870 colunt,
586 814 706 861 luna
732 813 926 862 credita
951 820 1085 862 terra
1111 813 1259 878 prior.

1511 815 1576 860 90

152 890 315 939 Exsul
342 893 405 940 ab
432 892 665 940 Arcadiis
692 894 840 942 latios
869 893 1104 942 Evander
1131 894 1178 941 in
1207 909 1354 957 agros

217 969 469 1028 Venerat3
512 971 776 1036 impositos
803 972 1160 1035 adtuleratque
1186 971 1328 1020 deos.

151 1047 267 1105 Hic,
286 1048 372 1096 ubi
390 1065 522 1096 nunc
542 1049 708 1097 Roma
724 1058 803 1098 est
817 1050 952 1098 orbis
968 1057 1139 1115 caput,
1159 1051 1304 1098 arbor
1320 1056 1371 1097 et
1386 1049 1573 1106 herbae,

219 1125 286 1175 Et
311 1143 486 1192 paucae
513 1129 756 1192 pecudeS‚
784 1137 836 1177 et
860 1145 980 1178 casa
1004 1146 1115 1178 rara
1138 1128 1248 1177 fuit.
1510 1130 1573 1176 94

153 1203 267 1260 Quo
288 1212 561 1270 postquam
578 1214 785 1255 ventum
802 1226 814 1266 ;
847 1207 1144 1264 Consisfflte,
1164 1207 1378 1273 praescia
1397 1213 1574 1264 mater,

222 1282 357 1331 Nam
384 1284 526 1332 locus
549 1284 744 1350 imperii
769 1302 851 1333 rus
878 1287 972 1334 erit
997 1286 1150 1343 istud,
1179 1287 1263 1334 ait.

153 1360 221 1409 Et
245 1361 391 1410 matri
418 1370 471 1412 et
495 1364 596 1412 vati
624 1372 768 1429 paret
795 1364 1082 1413 Nonacrius
1108 1365 1286 1423 heros;

218 1439 384 1506 Inque
410 1444 678 1507 peregrina
703 1445 932 1492 constitit
957 1445 1142 1510 hospes
1164 1444 1337 1492 humo.

151 1519 410 1584 Sacraque
436 1521 594 1569 multa
620 1522 844 1586 quidem,
869 1523 958 1571 sed
982 1523 1142 1571 Fauni
1165 1524 1327 1588 prima
1351 1522 1571 1571 bicornis

218 1596 326 1646 Has
351 1599 524 1647 docuit
550 1608 747 1664 gentes,
777 1602 1095 1666 alipedisque
1121 1602 1221 1650 dei.

149 1746 253 1778 malit.
300 1748 382 1779 Sane
411 1747 520 1790 Tethys
545 1759 636 1790 mque
663 1750 742 1781 bene
771 1761 826 1792 pro

150 1797 227 1828 mari
252 1798 388 1840 ponitur,
409 1805 444 1830 ut
469 1800 663 1840 Amphitrite,
683 1801 824 1843 Neptuni

149 1858 226 1877 uxor
251 1847 333 1879 Met.
358 1849 380 1880 i.
409 1850 458 1879 14.
507 1850 658 1886 oceanus,
684 1850 768 1882 Coeli
794 1857 826 1882 et

147 1896 251 1928 'l'errae
276 1897 371 1934 filius,
398 1909 481 1929 unus
506 1910 542 1929 ex
567 1899 746 1937 Titanibus,
772 1901 826 1931 'l'e-

151 1947 226 1987 [hyn
240 1957 375 1978 sororem
391 1947 514 1983 habuit.
526 1949 673 1991 Iapetum
688 1949 826 1981 fratrem.

149 1996 253 2038 Iapeti
278 1997 362 2029 filius
388 1999 478 2029 Atlas
508 1999 674 2036 Pleionem‚
701 2000 824 2031 Oceani

149 2046 259 2081 filiam,
277 2047 379 2084 duxit,
391 2059 463 2090 quae
480 2049 511 2080 in
527 2049 671 2091 Cyllene,
684 2050 824 2081 omnium

149 2098 304 2128 montium
328 2098 476 2130 Arcadiae
502 2099 667 2137 altissimo,
685 2101 826 2131 Pleiadas

149 2146 243 2178 enixa
259 2153 306 2179 est
322 2160 331 2186 3
349 2148 573 2190 Apollodorus,
592 2149 618 2179 I.
633 2149 655 2180 i.
670 2151 689 2180 3
704 2161 712 2188 ;
737 2150 770 2180 ii.
786 2151 824 2188 3;

148 2196 215 2227 III.
234 2208 265 2228 x.
286 2198 313 2228 l.
360 2200 450 2230 Atlas
475 2200 545 2237 τοῖς
570 2198 669 2241 ὤμοις
692 2201 752 2231 τὸν
771 2200 825 2232 οὺ-

148 2248 257 2288 ραινὸν
272 2248 361 2289 ἔχειν
376 2248 564 2289 dicebatur;
587 2250 659 2281 hinc
675 2251 790 2293 passim
808 2263 826 2283 a

148 2298 250 2339 poetis
281 2297 389 2330 latinis
423 2300 540 2342 cci-[iser
566 2306 708 2335 vocatur.
740 2301 824 2343 quod

147 2347 301 2379 Heinsius
325 2349 480 2392 exemplis
506 2350 609 2381 docet.
656 2351 726 2382 Hoc
751 2362 825 2393 ergo

150 2402 183 2427 et
207 2408 290 2428 nunc
316 2398 547 2440 praeferendum
571 2400 703 2431 aliorum
729 2404 825 2432 stelli-

137 2447 226 2488 fero.
286 2448 338 2480 De
379 2449 557 2481 Pleiadilms
586 2451 630 2481 iv.
664 2453 724 2482 169
755 2463 826 2494 sqq.

150 2497 240 2528 Maia
262 2508 299 2528 eo
312 2497 380 2541 ipso
396 2499 428 2530 in
448 2507 566 2536 monte,
585 2500 617 2531 in
641 2513 703 2543 quo
724 2509 825 2533 mater

148 2547 310 2585 Pleiadas,
321 2549 517 2581 Mercurium
533 2551 667 2593 peperit,
681 2553 734 2593 qui
749 2552 822 2583 inde

151 2598 313 2639 Cyllenius
328 2598 456 2631 dicitur.
499 2600 646 2631 Arcadiae
663 2602 825 2633 montibus

150 2649 229 2680 alias
243 2652 348 2690 pineta
365 2651 566 2690 tribuuntur3
582 2651 616 2683 ii.
631 2653 696 2683 275
710 2665 717 2690 3
742 2653 824 2685 Met.

147 2699 168 2729 i.
194 2701 279 2739 2173
305 2701 360 2732 sed
390 2712 446 2732 nee
471 2704 602 2741 cupressi
627 2701 658 2733 in
686 2703 824 2735 Arcadia

149 2749 392 2792 infrequentes;
438 2752 626 2789 Pausanias,
665 2764 697 2796 p.
736 2755 823 2786 646:

1478 1605 1571 1649 100

896 1750 991 1786 idem,
1009 1760 1081 1793 paq.
1095 1751 1170 1781 519.
1186 1758 1217 1780 et
1233 1751 1308 1781 633.
1325 1748 1365 1780 de
1381 1750 1469 1780 cultu
1484 1749 1572 1780 Mer-

895 1801 972 1832 curii
997 1801 1082 1843 apud
1101 1800 1246 1832 Arcadas
1267 1800 1343 1842 agit.
1391 1800 1500 1831 Ladon
1521 1810 1574 1830 ra-

893 1863 947 1890 pas
967 1851 1062 1882 etiarn
1080 1850 1115 1881 ii.
1132 1852 1198 1881 274
1213 1863 1220 1889 ;
1250 1851 1353 1881 Ladon
1375 1857 1407 1881 et
1424 1850 1572 1880 Maenalos

895 1912 968 1932 eum
990 1901 1110 1937 colunt,
1128 1901 1205 1943 quia
1226 1901 1266 1931 ad
1292 1901 1381 1932 illum
1403 1905 1436 1931 et
1456 1899 1489 1930 in
1511 1899 1571 1930 hoc

896 1951 1016 1994 templa
1033 1951 1183 1983 habebat.
1232 1952 1283 1982 De
1299 1950 1480 1982 Arcadibus
1497 1951 1574 1981 luna

891 2002 1045 2041 prioribus
1060 2002 1101 2032 ad
1117 2001 1137 2031 i.
1154 2002 1231 2032 469.
1250 2001 1384 2032 (lictum.

938 2051 992 2082 91.
1013 2051 1163 2082 Mercurii
1185 2051 1291 2082 cultus
1314 2056 1435 2081 mature
1454 2049 1487 2081 in
1504 2051 1571 2082 Ita-

895 2101 970 2132 liam
987 2100 1178 2138 translatus;
1202 2100 1312 2142 itaque
1335 2099 1453 2131 mensis
1468 2110 1487 2130 a
1503 2110 1570 2131 ma-

895 2157 941 2181 tre
971 2151 1040 2192 ejus
1075 2150 1139 2181 dici
1169 2150 1282 2193 potuit.
1342 2150 1394 2180 De
1430 2150 1571 2181 adventu

898 2201 1037 2233 Evandri
1054 2208 1086 2232 et
1102 2201 1253 2232 vaticinio
1267 2201 1447 2233 Carmentae
1463 2200 1574 2233 matris

896 2251 916 2283 i.
941 2253 1006 2283 499
1030 2263 1100 2294 sqq.
1147 2253 1305 2289 Arcadiis,
1331 2251 1455 2283 scilicet
1478 2251 1573 2293 agris.

896 2301 1060 2342 Impositos,
1075 2301 1198 2334 scilicet
1213 2302 1286 2333 navi
1303 2312 1387 2341 suae3
1404 2312 1485 2344 quos
1497 2302 1574 2334 deos

895 2353 986 2384 Latio
1001 2355 1164 2390 adtulerit,
1180 2352 1355 2394 Dionysius
1371 2352 1535 2384 Halicarn.
1550 2352 1573 2384 i.

896 2404 937 2434 32
962 2414 1031 2445 sqq.
1047 2409 1164 2434 narrat.
1210 2403 1285 2438 Hic,
1305 2404 1369 2439 ubi,
1391 2407 1453 2434 etc.
1498 2402 1570 2434 Hoc

897 2453 1032 2484 Ovidius
1061 2452 1176 2494 saepius
1204 2452 1319 2494 repetit
1344 2459 1376 2484 et
1402 2452 1566 2491 inculcat3

892 2504 999 2534 confer
1021 2504 1042 2534 i.
1064 2505 1148 2541 5153
1172 2503 1205 2534 ii.
1224 2504 1310 2542 2803
1335 2503 1379 2533 iii.
1401 2504 1453 2535 71.
1501 2503 1566 2535 No-

896 2557 1039 2591 nacrius5
1052 2554 1125 2585 vide
1137 2555 1175 2585 ad
1188 2554 1209 2585 i.
1221 2555 1302 2592 4783
1319 2554 1352 2585 ii.
1370 2555 1440 2586 167.-
1461 2554 1569 2591 Hei-os,

894 2605 970 2647 quia
994 2605 1144 2636 Mercurii
1171 2611 1201 2636 et
1227 2605 1385 2648 Nympha-²
1411 2605 1515 2644 filius3
1547 2604 1570 2637 i.

895 2657 971 2686 471.
1021 2656 1115 2687 Paret
1149 2656 1329 2688 Carmentae
1367 2655 1491 2686 duabus
1528 2666 1567 2687 ex

894 2705 1010 2741 causis,
1028 2705 1103 2748 quia
1118 2713 1146 2736 et
1164 2712 1272 2741 mater,
1291 2712 1320 2736 et
1336 2712 1428 2736 vates.

937 2755 990 2786 99.
1007 2755 1101 2786 Sacra
1119 2755 1244 2796 mulum]
1272 2754 1447 2797 Dionysius
1461 2754 1569 2787 Halic-
