1830 3220
580 175 931 217 FASTORUM
965 176 1088 217 LIB.
1123 175 1159 216 I.
1524 178 1580 218 17

160 292 310 350 Risit,
337 299 406 350 et,
436 292 481 339 O
510 308 663 356 quam
689 300 740 340 te
765 291 945 340 fallunt
970 300 1057 340 tua
1082 293 1284 350 saecula,
1312 293 1458 350 dixit,

225 370 325 426 Qui
351 371 483 435 stipe
509 372 609 419 mel
635 376 803 418 sumta
827 370 1026 417 dulcius
1052 387 1165 418 esse
1191 371 1367 435 putes!

155 448 256 497 Vix
282 465 376 513 ego
404 450 623 497 Saturno
651 465 963 513 quemquam
989 455 1234 512 regnante
1258 448 1511 506 videbam,

225 527 387 591 Cujus
414 544 513 576 non
539 528 705 575 animo
731 528 901 575 dulcia
925 529 1067 575 lucra
1091 528 1271 576 forent.

152 604 405 670 Tempore
439 607 596 655 crevit
630 622 783 664 amor,
813 606 900 670 qui
934 622 1066 654 nunc
1100 614 1179 655 est
1212 622 1457 662 summus,
1486 607 1571 654 ha-

356 685 532 733 bendi:

1484 686 1575 732 195

220 762 321 810 Vix
347 763 495 820 ultra,
524 779 625 827 quo
643 764 751 827 jam
777 762 1145 828 progrediatur,
1174 762 1347 810 habet.

152 839 319 887 Pluris
341 856 463 905 opes
485 857 619 888 nunc
642 847 776 899 sunt,
790 857 945 905 quam
962 840 1114 905 prisci
1132 840 1376 905 temporis
1398 840 1565 898 annis;

222 918 360 966 Dum
385 918 602 984 populus
629 933 839 984 pauper,
867 918 989 966 dum
1015 934 1145 966 nova
1172 919 1338 967 Roma
1362 918 1484 975 fuit3

154 997 292 1066 Dum
325 1014 446 1047 casa
471 997 813 1062 Martigenam
839 997 1078 1063 capiebat
1103 1013 1257 1062 parva
1283 997 1568 1053 Quirinum,

221 1076 290 1125 Et
313 1076 471 1125 dabat
496 1076 734 1141 exiguum
761 1076 984 1124 fluminis
1010 1076 1127 1124 ulva
1150 1082 1334 1124 torum.

1475 1078 1575 1123 200

150 1153 353 1220 Jupiter
379 1162 595 1218 angusta
617 1154 703 1202 vix
727 1161 864 1203 totus
890 1155 1060 1202 stabat
1084 1153 1135 1201 in
1160 1154 1298 1213 aede3

221 1232 388 1298 Inque
413 1232 443 1281 J
448 1233 554 1281 ovis
580 1233 762 1281 dextra
786 1233 942 1281 fictile
967 1232 1159 1280 fulmen
1185 1240 1310 1281 erat.

152 1311 438 1360 Frondibus
459 1313 725 1369 ornabant,
747 1329 863 1377 quae
887 1328 1020 1360 nunc
1044 1311 1301 1376 Capitolia
1327 1312 1540 1375 gemmis
1560 1331 1570 1365 ;

220 1390 581 1455 Pascebatque
606 1408 724 1440 suas
749 1391 859 1456 ipse
885 1397 1089 1438 senator
1113 1406 1250 1438 oves,

152 1468 201 1517 N
207 1486 264 1518 ec
290 1470 454 1535 pudor
478 1470 529 1517 in
554 1470 743 1535 stipula
766 1469 1021 1535 placidam
1046 1468 1248 1533 cepisse
1274 1469 1519 1533 quietem,

221 1548 332 1598 Nec
357 1548 548 1596 foenum
574 1548 726 1613 capiti
756 1547 1103 1612 supposuisse,
1130 1546 1240 1595 fuit.

1476 1549 1574 1594 206

149 1626 181 1674 J
186 1643 276 1676 ura
300 1627 456 1675 dabat
480 1627 682 1692 populis
710 1626 876 1692 posito
901 1625 1052 1674 modo
1077 1625 1254 1673 consul
1281 1632 1463 1681 aratro,

221 1705 289 1754 Et
311 1705 435 1754 levis
461 1705 656 1768 argenti
681 1705 868 1753 lamina
892 1705 1083 1751 crimen
1108 1712 1232 1751 erat.

149 1783 219 1833 At
244 1791 518 1849 postquam
546 1783 769 1832 Fortuna
792 1782 890 1831 loci
916 1789 1071 1847 caput
1096 1782 1281 1830 extulit
1304 1781 1472 1845 hujus,

218 1862 285 1911 Et
308 1862 478 1926 tetigit
502 1878 727 1910 summos
752 1863 942 1911 vertice
970 1861 1137 1909 Roma
1164 1859 1331 1909 Deos:

190 2031 268 2063 207.
293 2030 411 2063 Confer
425 2029 471 2062 iii.
481 2031 545 2063 779
556 2041 628 2073 sqq.
655 2030 708 2062 Ab
719 2036 832 2062 aratra

146 2080 296 2112 consules
311 2080 352 2112 ad
367 2081 469 2112 fasces
485 2081 737 2112 arcessebantur.
785 2081 823 2111 L.

146 2131 319 2169 Quinctius
338 2130 549 2163 Cincinnatus
569 2129 705 2162 dictator
720 2129 826 2161 dictus

148 2181 199 2212 vel
216 2181 332 2212 fossam
352 2181 486 2218 fodiens,
503 2181 554 2212 vel
576 2186 680 2212 aratro
702 2181 826 2212 incum-

147 2231 247 2262 bens:
272 2230 393 2268 Livius,
411 2229 454 2263 iii.
464 2231 518 2262 26.
542 2231 824 2273 Arge-mmmmm

147 2280 235 2312 Ptin.
262 2279 350 2312 xviii.
376 2281 415 2311 8:
452 2280 723 2322 “Praecipiebant
751 2279 823 2317 ista,

146 2329 203 2372 qui
218 2330 403 2373 triumphali
417 2330 517 2361 denas
539 2329 662 2371 argenti
679 2329 776 2361 libras
792 2329 826 2361 in

146 2379 371 2422 suppellectile
383 2379 508 2412 crimini
523 2379 677 2411 dabant.’'
701 2379 827 2422 Nempe

148 2429 279 2461 Cornel.
318 2430 484 2467 Rufinum,
522 2429 572 2461 bis
602 2430 763 2461 consulem
796 2435 828 2460 et

148 2478 310 2511 dictatura
337 2480 495 2517 functum,
526 2479 691 2511 Fabricius
720 2489 829 2510 censor

147 2539 232 2560 anno
249 2529 292 2560 U.
311 2529 350 2561 C.
374 2530 450 2561 478.
473 2534 586 2561 senatu
610 2529 719 2566 movit,
744 2528 830 2570 quod

143 2578 259 2611 decem
282 2579 388 2622 pondo
411 2579 507 2610 libras
526 2579 602 2610 facti
623 2578 746 2620 argenti
767 2577 824 2609 lia·

148 2629 259 2668 beret3
284 2629 410 2661 Gellius
426 2629 523 2660 Noct.
539 2628 610 2660 Att.
622 2628 667 2660 iv.
681 2629 700 2659 8
714 2640 723 2667 3
746 2627 826 2659 xvii.

148 2679 203 2711 21.
264 2679 427 2711 Laminam
464 2679 528 2710 fere
566 2678 733 2721 scriptores
771 2688 827 2720 po-

149 2734 242 2767 nunt,
269 2729 399 2771 quando
424 2729 609 2761 contemtim
636 2728 677 2760 de
698 2733 829 2770 argento

148 2785 205 2810 aut
227 2789 303 2810 auro
333 2779 528 2821 loquuntur3
561 2779 684 2810 Seneca
714 2777 829 2809 Benef-

198 2829 299 2860 VOL.
320 2829 363 2861 V.

1472 1861 1571 1906 210

893 2029 950 2062 vii.
985 2030 1038 2060 10.
1076 2027 1243 2059 “laminas
1269 2026 1436 2069 utriusque
1472 2031 1573 2057 mate-

893 2079 986 2111 riae.”
1033 2077 1196 2114 Horatius,
1221 2077 1267 2108 II.
1288 2076 1356 2108 Od.
1372 2075 1406 2108 ii.
1422 2077 1455 2107 2.
1477 2079 1498 2093 “
1514 2075 1574 2107 ini-

894 2130 976 2161 mice
991 2127 1146 2160 lamnae.'’

937 2180 1014 2211 209.
1038 2178 1214 2220 Postquam
1238 2177 1345 2208 Roma
1366 2175 1482 2207 finibus
1504 2175 1572 2218 opi-

894 2231 1017 2272 busque
1048 2227 1158 2265 crevit,
1190 2228 1251 2258 loco
1281 2226 1400 2269 cuique
1430 2226 1573 2257 Fortuna

894 2280 1041 2323 qnaedam
1058 2289 1204 2322 praeesse‚
1222 2278 1355 2320 ejusque
1376 2277 1442 2309 fata
1463 2287 1572 2318 regere

898 2330 1106 2376 credebatur3
1130 2329 1267 2359 Metam.
1284 2327 1327 2359 iv.
1341 2328 1423 2366 5653
1447 2338 1480 2358 x.
1498 2327 1575 2361 335,

893 2380 946 2411 Ad
965 2380 1140 2411 Fortunam
1163 2379 1239 2418 Pop.
1257 2378 1299 2409 R.
1320 2388 1429 2408 omnes
1448 2374 1573 2419 imperii

895 2429 1127 2461 vicissitudines
1167 2428 1346 2459 referebant
1387 2426 1569 2469 scriptores.

899 2480 1070 2511 creverunt
1088 2486 1115 2510 et
1131 2489 1207 2519 opes,
1223 2482 1285 2509 etc.
1319 2476 1496 2512 Juvenalis,
1510 2475 1574 2506 xiv.

903 2530 976 2561 139.
1030 2528 1183 2560 “Crescit
1206 2538 1293 2558 amor
1315 2525 1448 2562 nummi,
1472 2536 1573 2567 quan-

894 2586 962 2611 tum
978 2581 1049 2622 ipsa
1067 2578 1205 2622 pecunia
1226 2576 1371 2609 crescit.''
1425 2575 1572 2606 Fur-orem

894 2629 985 2661 istius
1015 2627 1176 2672 cupidinis
1215 2626 1367 2658 describit
1404 2624 1573 2657 Sallustius

897 2680 974 2711 Cat.
1002 2679 1055 2709 xi:
1097 2678 1146 2709 Ea
1176 2681 1337 2718 “semper
1368 2673 1501 2709 infinita,
1526 2672 1573 2703 in-

898 2727 1064 2764 satiabilis,
1086 2738 1190 2769 neque
1216 2726 1317 2768 copia,
1341 2733 1443 2765 neque
1468 2721 1573 2763 inopi-2

902 2777 1089 2809 minuitur.'’

1040 2828 1070 2857 D
