1830 3220
559 149 910 193 FASTORUM
945 151 1067 193 LIB.
1102 152 1196 194 III.

1482 156 1568 199 137

142 265 359 313 Constat
385 265 650 313 Aventinae
676 267 943 316 tremuisse
968 270 1238 317 cacumina
1262 270 1428 320 silvae:

204 343 464 408 Terraque
491 345 722 393 subsedit
747 347 971 410 pondere
998 364 1175 412 pressa
1198 348 1359 397 Jovis.

1461 353 1561 399 330

139 421 311 470 Corda
335 422 525 470 micant
550 423 711 487 regis:
753 430 964 488 totoque
991 442 1018 474 e
1044 433 1251 490 pectore
1277 428 1483 492 sanguis

206 500 385 563 Fugit3
429 508 480 549 et
505 502 711 550 hirsutae
738 502 992 565 diriguere
1018 520 1193 552 comae.

139 577 211 626 Ut
236 579 386 627 rediit
411 581 625 638 animus,
656 581 737 629 Da
762 588 902 629 certa
927 582 1164 646 piamina,
1191 582 1340 641 dixit,

207 656 470 716 Fulminis,
499 659 713 707 altorum
740 675 934 723 rexque
960 667 1207 724 paterque
1235 661 1430 718 Deum3

136 734 189 783 Si
217 742 305 783 tua
329 737 634 801 contigimus
661 737 894 786 manibus
920 739 1130 787 donaria
1155 739 1324 804 puris;

1457 743 1556 789 335

202 813 313 862 Hoc
341 831 565 879 quoque,
596 816 733 880 quod
760 816 966 880 petitur,
995 817 1036 864 si
1063 818 1148 882 pia
1173 818 1346 881 lingua
1371 825 1530 883 rogat.

131 891 328 940 Annuit
352 893 543 942 oranti:
585 894 675 942 sed
700 911 874 942 verum
901 895 1114 959 ambage
1140 904 1335 945 remota

200 970 429 1030 Abdidit,
458 979 508 1021 et
533 973 688 1020 dubio
715 973 893 1020 terruit
917 990 1002 1022 ore
1027 974 1205 1022 virum.

132 1049 287 1099 Caede
314 1059 484 1116 caput,
512 1052 672 1100 dixit:
714 1052 794 1100 cui
822 1068 928 1109 rex,
957 1052 1275 1111 Parebimus,
1305 1052 1497 1117 inquit:

201 1128 462 1178 Caedenda
486 1138 564 1178 est
589 1131 744 1179 hortis
771 1138 917 1179 eruta
941 1147 1070 1196 cepa
1094 1131 1236 1179 meis.

1453 1133 1552 1179 340

129 1206 343 1255 Addidit
370 1209 468 1266 hic,
499 1208 762 1258 Hominis:
809 1209 1062 1268 Summos,
1092 1210 1163 1258 ait
1191 1210 1292 1266 ille,
1320 1209 1550 1274 capillos.

198 1285 433 1335 Postulat
458 1288 539 1335 hic
566 1288 814 1336 animam:
857 1289 937 1336 cui
965 1287 1152 1345 Numa,
1182 1287 1365 1344 Piscis,
1394 1288 1480 1336 ait.

129 1364 290 1421 Risit;
334 1372 385 1413 et
411 1364 523 1423 His,
551 1366 732 1430 inquit,
761 1365 929 1422 facito,
958 1382 1072 1414 mea
1097 1366 1199 1414 tela
1223 1382 1482 1430 procureS‚

198 1442 242 1490 O
271 1443 343 1491 vir
367 1445 621 1509 colloquio
647 1461 748 1493 non
775 1444 1026 1508 abigende
1052 1460 1182 1493 meo.

129 1521 234 1569 Sed
259 1521 368 1578 tibi,
397 1523 663 1587 protulerit
688 1539 846 1587 quum
872 1530 1037 1570 totum
1063 1522 1316 1571 crastinus
1343 1522 1518 1570 orbem

196 1600 467 1665 Cynthius,
495 1601 693 1666 imperii
718 1602 929 1666 pignora
953 1609 1092 1650 certa
1116 1601 1266 1649 dabo,

1450 1603 1548 1648 346

128 1677 289 1736 Dixit,
318 1687 369 1728 et
393 1681 587 1743 ingenti
612 1680 799 1728 tonitru
826 1697 980 1745 super
1005 1681 1195 1728 aethera
1220 1686 1414 1727 motum

195 1757 390 1816 Fertur,
418 1760 713 1808 adorantem
738 1760 1072 1824 destituitque
1101 1759 1340 1807 Numam.

169 1929 244 1960 337.
275 1929 422 1971 Ambages
445 1929 486 1961 de
510 1929 668 1972 ambiguis
691 1935 723 1961 et
745 1930 800 1961 ob-

123 1978 224 2011 scuris
247 1980 444 2011 oraculorum
467 1980 572 2012 verbis
596 1980 672 2016 dici,
691 1986 799 2012 notum

124 2035 193 2068 est3
215 2030 260 2061 iv.
286 2030 369 2061 668:
396 2031 534 2062 Metam.
560 2031 615 2062 vii.
633 2031 707 2062 761.
754 2030 800 2061 At

123 2079 179 2122 qui
206 2091 312 2111 verum
344 2080 444 2118 abdit,
472 2080 634 2123 dubioque
665 2080 798 2112 alterum

124 2136 218 2162 terret
245 2142 309 2167 ore,
334 2131 361 2162 is
389 2132 541 2174 ambages
565 2131 637 2163 illas
667 2142 729 2162 non
752 2141 799 2162 re·-

123 2187 238 2212 movet.
285 2181 474 2213 Obscuritas
496 2192 581 2213 nunc
602 2186 670 2212 erat
691 2191 709 2212 a
728 2181 799 2211 bre-

124 2231 234 2268 vitate,
252 2242 317 2274 qua
331 2232 459 2274 Jupiter
475 2233 591 2263 Numae
610 2230 798 2274 sapientiam

124 2283 289 2319 tentabat;
306 2282 414 2324 itaque
430 2284 567 2325 ambages
581 2280 799 2312 circuitionem

122 2330 421 2373 interpretabimur3
460 2330 654 2374 colloquium
692 2335 798 2361 autem

122 2381 214 2417 illud,
235 2387 362 2413 auctore
386 2381 572 2418 Plutarcho,
593 2382 637 2412 sic
662 2380 726 2412 fere
749 2379 798 2410 in-

123 2431 341 2463 formabimus.
386 2433 418 2464 J.
434 2433 581 2464 Fulmina
597 2441 731 2474 procura
745 2440 798 2461 ca-

122 2481 254 2523 pitibus.
291 2481 335 2512 N.
350 2483 563 2525 ceparumne?
600 2482 635 2513 J.
651 2479 797 2511 hominis.

122 2531 167 2562 N.
183 2530 384 2562 crinibusne‘!
420 2533 452 2564 J.
469 2530 624 2562 animalis.
662 2530 706 2561 N.
721 2540 797 2560 mae-

123 2582 192 2612 nis?
216 2581 247 2613 J.
263 2581 382 2619 ridens,
398 2582 457 2613 His
474 2582 581 2617 facito,
597 2586 659 2612 etc.
688 2580 797 2622 Atque

124 2632 222 2663 tribus
233 2631 296 2663 illis
306 2632 400 2663 rebus
411 2632 576 2664 Plutarchi
587 2631 691 2663 adhuc
703 2637 797 2662 aetate

124 2682 264 2714 Romani
280 2683 504 2723 procurabant.
552 2683 603 2714 De
619 2694 727 2719 moena,
743 2692 797 2724 ge-

170 2732 271 2764 VOL.
287 2732 329 2764 V.

873 1940 947 1961 nere
964 1931 1104 1970 piscium,
1123 1928 1186 1960 vid.
1203 1928 1243 1959 ad
1259 1928 1291 1959 ii.
1308 1928 1384 1959 578.

915 1980 990 2011 346.
1014 1980 1154 2021 Pignora
1172 1979 1302 2018 imperii,
1315 1988 1446 2009 munera
1462 1977 1547 2009 Deo·

871 2041 938 2061 rum
978 2030 1101 2066 fatalia,
1136 2039 1270 2071 quorum
1308 2027 1547 2059 conservatione

869 2079 1065 2122 perpetuitas
1085 2084 1117 2110 et
1132 2079 1218 2110 salus
1233 2077 1358 2120 imperii
1374 2077 1547 2108 nitebatur.

870 2130 946 2162 vid.
971 2130 1110 2162 Boecler.
1134 2129 1173 2160 de
1200 2127 1386 2172 pignoribus
1411 2126 1548 2170 imperii.

868 2181 917 2211 Ea
946 2187 1036 2212 erant
1064 2179 1246 2211 Palladium
1276 2184 1319 2215 et,
1344 2177 1430 2220 quod
1460 2187 1545 2208 nunc

868 2230 1072 2273 promittitur,
1101 2236 1227 2261 scutum
1265 2228 1408 2260 coeleste.
1454 2227 1545 2258 Male

869 2280 972 2312 Rutil.
998 2281 1075 2311 Itin.
1104 2279 1137 2311 ii.
1162 2281 1214 2310 55.
1245 2278 1342 2309 libros
1371 2277 1545 2320 Sibyllinos

869 2330 968 2362 addit.
1028 2329 1105 2361 vid.
1134 2328 1338 2360 Wernsdorf.
1369 2328 1450 2359 Exc.
1481 2327 1545 2358 viii.

867 2385 947 2411 extr.
992 2379 1060 2416 Dii,
1086 2379 1214 2422 quando
1241 2389 1259 2409 e
1285 2382 1461 2420 conspectu
1488 2377 1545 2408 ho-

867 2430 989 2461 minum
1011 2430 1195 2466 avolabant,
1213 2428 1305 2470 signa
1321 2426 1470 2470 quaedam
1486 2426 1543 2458 da-

866 2481 944 2512 bant
967 2480 1145 2512 divinitatis
1169 2490 1234 2511 suae
1247 2492 1256 2519 3
1280 2479 1386 2521 Heyn.
1408 2478 1543 2509 Excurs.

866 2531 932 2563 xiii.
941 2530 982 2562 ad
991 2532 1068 2562 AEn.
1076 2530 1098 2562 i.
1112 2530 1238 2573 Jupiter
1247 2539 1331 2560 nunc
1343 2538 1415 2559 cum
1425 2529 1544 2558 tonitru

867 2581 1020 2613 aufertur.
1066 2581 1113 2612 Eo
1128 2582 1239 2612 moveri
1254 2579 1375 2611 coelum
1390 2588 1474 2620 saepe
1490 2576 1540 2607 di-

867 2631 960 2670 citur,
976 2638 1012 2663 ut
1033 2631 1143 2664 multis
1165 2630 1258 2663 docet
1278 2629 1391 2662 Heius.
1439 2628 1541 2658 Desti-

868 2684 940 2720 tuit,
956 2683 1094 2725 reliquit.
