1830 3220
833 168 978 210 IBIS.

1526 169 1612 210 499

190 284 294 334 Sex
317 286 393 335 bis
421 293 476 334 ut
503 285 727 334 Icaridos
754 285 954 333 famulae
981 284 1175 349 periere
1201 284 1462 348 procique,

255 363 419 427 Inque
445 370 600 428 caput
625 363 814 411 domini
841 362 928 427 qui
954 363 1110 410 dabat
1136 378 1274 410 arma
1299 363 1494 426 procis;

189 439 260 488 Ut
277 442 418 504 jacet
441 441 606 489 Aonio
632 442 849 489 luctator
874 441 936 489 ab
963 441 1164 504 hospite
1182 440 1341 496 fusuS,

1508 442 1605 488 395

255 517 372 575 Qui,
400 519 598 576 mirum,
627 519 799 574 victor,
829 534 987 581 quum
1014 518 1302 574 cecidisset,
1323 525 1457 575 erat3

186 594 259 643 Ut
284 612 413 659 quos
443 597 607 644 Antaei
634 596 786 644 fortes
813 611 1044 659 pressere
1070 596 1273 653 lacerti3

254 672 499 738 Quosque
525 674 642 722 ferae
668 673 816 720 morti
843 672 1053 721 Lemnia
1076 673 1226 720 turba
1250 672 1419 729 dedit;

189 750 261 798 Ut
286 753 373 816 qui
401 760 517 816 post
541 753 750 813 longum
777 751 906 799 sacri
931 758 1235 799 monstrator
1260 749 1421 813 iniqui

251 828 442 877 Elicuit
466 831 660 894 pluvias
686 829 891 876 victima
916 845 1077 876 caesus
1105 845 1293 892 aquas;

1500 830 1600 874 400

186 906 361 955 Frater
387 915 443 955 ut
469 907 654 963 Antaei,
680 923 781 970 quo
809 906 1054 970 sanguine
1081 906 1273 960 debuit,
1303 921 1414 953 aras

249 985 442 1042 Tinxit,
470 992 522 1033 et
546 985 795 1048 exemplis
817 984 1006 1032 occidit
1029 984 1138 1047 ipse
1165 983 1270 1030 suis
1293 1002 1303 1040 ;

187 1062 258 1111 Ut
284 1063 369 1127 qui
397 1063 648 1111 terribiles
675 1078 764 1126 pro
791 1077 997 1124 gramen
1026 1062 1333 1109 habentibus
1359 1060 1528 1108 herbis

253 1141 446 1206 Impius
472 1142 694 1188 humano
719 1140 912 1187 viscere
940 1139 1078 1203 pavit
1103 1155 1292 1202 equos;

186 1217 258 1266 Ut
282 1219 383 1266 duo
408 1218 619 1266 diversis
647 1218 741 1265 sub
769 1217 949 1265 eodem
970 1216 1169 1264 vindice
1196 1217 1314 1263 caesi

1504 1217 1603 1261 405

250 1297 589 1362 Temporibus
616 1295 831 1352 Nessus,
861 1295 1254 1357 Dexamenique
1280 1309 1462 1357 gener3

179 1431 230 1452 ses
246 1420 439 1462 quandoque
455 1420 686 1451 Acerranorum
709 1425 857 1450 senatum

181 1480 238 1512 per
262 1470 409 1502 inducias
430 1470 581 1501 fidentem
605 1468 708 1511 puteis
732 1468 858 1499 immer-

179 1519 267 1556 sisse,
282 1526 379 1561 atque
394 1520 478 1551 saxis
488 1519 641 1550 obruisse.
686 1517 788 1548 Addit
804 1529 857 1549 ve-

182 1575 232 1600 tus
253 1569 419 1611 interpres,
434 1569 630 1600 Amilcarem
648 1573 723 1599 tunc
740 1568 858 1598 Poeno·

181 1630 250 1650 rum
265 1619 381 1650 ducem
393 1620 498 1655 fuisse,
513 1619 552 1650 de
566 1618 625 1649 hac
638 1623 715 1660 puto
730 1623 857 1659 poetam

182 1669 269 1711 loqui
286 1669 486 1705 crudelitate,
499 1667 574 1699 licet
589 1666 644 1698 alii
658 1666 749 1698 aliter
764 1666 858 1697 intel-

181 1719 294 1761 ligant.

226 1769 303 1800 393.
327 1768 384 1798 Sex
405 1769 447 1798 bis
462 1772 498 1797 ut
514 1765 792 1807 Icaridosfamulae
806 1775 857 1804 pe-

180 1821 284 1855 riere,-
324 1817 442 1859 Odyss.
471 1828 510 1847 x:
548 1821 569 1834 “
586 1815 667 1846 Tum
697 1814 859 1845 substrata

183 1867 286 1910 procis
301 1866 468 1898 famularia
483 1870 589 1896 scorta
604 1869 765 1895 necantur.
803 1864 855 1894 In-

181 1916 273 1948 formi
295 1916 465 1948 tremulum
487 1915 561 1945 fune
577 1912 731 1956 pependit
745 1912 858 1944 onus.”

185 1968 244 2005 Μὴ
273 1965 410 2007 καθαρῷ
434 1963 594 2005 &madi-193
620 1963 751 1993 Homer.
774 1962 808 1993 d.
834 1962 855 1992 l.

179 2027 248 2048 ver.
265 2016 340 2046 462.

227 2066 304 2096 394.
331 2064 431 2104 Inque
451 2068 544 2102 caput
564 2063 679 2093 domini
694 2062 745 2102 qui
765 2062 858 2092 dabat

182 2127 270 2148 arma
285 2114 415 2155 procis.]
443 2114 523 2144 Haec
539 2111 645 2143 omnia
666 2110 804 2153 reperies
824 2111 857 2142 in

181 2165 300 2207 Odyss.
316 2176 348 2194 x.

226 2216 302 2247 395.
332 2214 429 2244 Aonio
454 2213 491 2242 ab
516 2210 660 2251 hospita]
697 2210 749 2240 Ab
774 2210 856 2241 Her-

180 2266 264 2297 cule.
311 2264 474 2299 Luctator,
489 2267 551 2293 etc.
596 2260 741 2291 Antaeus.

225 2316 304 2346 297.
334 2314 377 2344 Ut
399 2323 469 2354 quos
483 2311 614 2352 Antaez'.]
655 2309 778 2340 Multos
801 2319 856 2340 ex-

181 2371 288 2397 ternos
318 2362 491 2394 certamine
522 2362 561 2392 ab
592 2360 708 2391 Antaeo
735 2358 857 2390 occisos

180 2415 288 2451 fuisse,
302 2418 410 2445 auctor
426 2417 474 2444 est
487 2410 659 2442 Diodorus.

227 2465 302 2495 398.
319 2463 447 2494 Lemnia
459 2462 549 2492 turba
561 2461 656 2496 dedit,
667 2457 745 2499 etc.]
763 2458 856 2489 Lem-

182 2515 309 2546 nienses
326 2512 484 2548 mulieres,
502 2521 600 2552 quum
616 2509 752 2540 Veneris
766 2518 856 2540 sacra

181 2570 287 2597 essent
307 2567 472 2598 aversatae,
491 2561 571 2592 irata
586 2560 659 2590 Dea
680 2559 725 2590 eis
740 2564 856 2589 tetrum

182 2612 314 2645 immisit
343 2611 483 2643 odorem.
531 2611 704 2651 Quumque
733 2606 856 2639 Lemnii

181 2663 241 2695 viri
263 2663 296 2694 in
317 2661 456 2693 Thraces
479 2660 600 2692 bellum
623 2663 764 2701 agerent,
783 2663 854 2689 tan-

184 2713 258 2744 dem
280 2711 415 2743 victores
439 2721 589 2753 magnam
614 2709 768 2752 pellicum
791 2714 856 2739 tur-

927 1419 1001 1449 bam
1015 1428 1123 1448 secum
1137 1417 1277 1456 duxere3
1301 1426 1399 1458 quam
1415 1427 1513 1458 quum
1526 1425 1603 1447 uxo-

927 1479 977 1499 res
992 1467 1071 1498 serre
1088 1478 1150 1498 non
1168 1473 1297 1509 possent
1312 1466 1473 1508 injuriam,
1490 1466 1603 1497 unani-

927 1529 995 1549 mes
1007 1518 1215 1549 decreverunt
1233 1517 1313 1548 viros
1327 1516 1471 1548 occidere
1486 1529 1491 1546 ε
1513 1527 1604 1558 quos,

927 1573 963 1599 ut
989 1573 1177 1604 statuerant,
1200 1567 1240 1598 ad
1272 1577 1371 1597 unum
1400 1566 1600 1602 interemere,

927 1617 1044 1660 pariter
1065 1622 1098 1648 et
1112 1617 1253 1648 Thraces
1275 1615 1425 1647 mulieres
1447 1616 1604 1658 filiosque,

928 1673 1117 1703 metuentes,
1133 1677 1172 1698 ne
1192 1672 1356 1709 paternam
1378 1664 1605 1697 ulciscerentur

925 1715 1095 1758 injuriam:
1124 1727 1186 1746 non
1207 1721 1313 1746 tamen
1335 1719 1431 1745 tantae
1456 1714 1603 1745 immani-

927 1766 1002 1796 tatis
1030 1764 1089 1796 fuit
1116 1764 1298 1807 Hipsipyle,
1326 1774 1397 1805 quae
1427 1763 1495 1794 sola
1522 1764 1603 1805 patri

926 1814 1063 1845 Thoanti
1093 1814 1247 1857 pepercit,
1277 1823 1415 1855 eumque
1452 1814 1601 1845 servavit.

926 1865 1008 1896 Zaa.

970 1916 1045 1946 399.
1075 1915 1117 1945 Ut
1130 1916 1182 1955 qui
1196 1913 1287 1954 post]
1316 1913 1481 1949 Prasillus,
1497 1918 1532 1944 ut
1548 1913 1603 1945 alii

924 1963 995 1996 cod.
1011 1965 1141 2000 habent,
1156 1963 1319 1999 Thrasius,
1337 1963 1386 1993 vel
1401 1962 1602 2004 Thrasyllus,

924 2013 1102 2045 Busiridem
1129 2013 1240 2044 docuit
1264 2012 1429 2043 immolare
1452 2011 1602 2055 hospites,

925 2074 1022 2105 quum
1048 2063 1248 2094 adfirmasset
1270 2072 1348 2093 nece
1370 2061 1508 2092 humana
1530 2062 1602 2103 plu-

926 2113 993 2144 vias
1007 2112 1168 2155 impetrari
1189 2122 1281 2154 posse
1303 2121 1321 2141 a
1335 2112 1430 2142 Jove.
1477 2111 1604 2142 Primus

925 2163 1047 2195 occisus
1070 2167 1129 2198 est,
1145 2161 1348 2202 eandemque
1370 2160 1507 2192 servavit
1528 2171 1600 2191 cru—

925 2212 1090 2243 delitatem
1106 2211 1229 2243 Busiris
1252 2211 1284 2242 in
1308 2209 1480 2241 adventum
1501 2221 1601 2252 usque

925 2261 1086 2297 Herculis,
1106 2273 1124 2293 a
1141 2272 1203 2304 quo
1220 2260 1358 2292 domitus
1374 2259 1445 2290 fuit.

970 2313 1044 2343 401.
1070 2312 1184 2343 Frater
1199 2317 1237 2342 ut
1252 2310 1382 2351 Antaei.]
1398 2307 1601 2351 Pygmalion,

925 2361 1022 2392 frater
1038 2361 1158 2398 Antaei,
1174 2360 1315 2403 hospites
1335 2369 1408 2390 suos
1431 2358 1602 2390 occidebat.

926 2417 999 2442 ante
1015 2421 1096 2442 aras,

968 2463 1045 2492 403.
1074 2461 1117 2491 Ut
1131 2462 1184 2501 qui
1204 2459 1383 2499 terribiles]
1407 2456 1599 2489 Diomedem

924 2510 1014 2547 dicit,
1026 2510 1080 2552 qui
1092 2520 1190 2551 equos
1202 2508 1351 2539 humanis
1360 2507 1513 2549 pascebat
1528 2516 1598 2537 cor-

924 2561 1071 2603 poribus;
1103 2559 1188 2590 hunc
1218 2557 1376 2589 Hercules
1409 2556 1474 2587 suis
1507 2555 1600 2597 equis

926 2609 1057 2641 tradidit
1073 2608 1247 2640 edendum.
1271 2607 1352 2638 ΖΑΒ.

970 2660 1046 2690 405.
1075 2658 1118 2689 Ut
1143 2658 1232 2698 dua]
1266 2657 1388 2687 Nessus
1416 2659 1598 2691 centaurus,

927 2720 1025 2751 quum
1046 2708 1087 2739 ad
1102 2709 1247 2739 Evenum
1265 2705 1397 2738 fluvium
1412 2703 1599 2746 Dejaniram
