1809 3220
188 186 276 228 416
602 182 1201 226 PRAEFATIUNCULA.

188 318 310 345 reum
358 301 662 350 Albinovanae,
709 315 808 355 quae
856 298 1187 341 Amstelaedami
1233 299 1412 355 prodiit,
1454 299 1616 340 Forma

189 387 318 428 quam
348 371 498 412 dicunt
525 369 708 419 Octava,
737 368 862 409 1702.
888 375 932 410 et
959 368 1117 410 iterum
1142 368 1266 410 1718.
1293 369 1374 411 sub
1405 367 1619 410 Theodori

195 440 369 482 Gorallz‘
390 439 561 480 nomine
575 444 603 489 θ,
628 453 726 480 cum
749 437 960 494 Scaligeri
980 445 1024 479 et
1045 437 1220 480 Heinsii
1241 439 1369 488 notis,
1393 437 1553 493 quibus
1574 442 1619 477 et

189 525 288 552 suas
318 510 552 565 adjecerat.
617 507 716 549 Nec
746 515 903 549 cuncta
933 514 1052 549 certe
1083 507 1313 563 probanda
1342 508 1387 548 in
1413 506 1496 548 hac
1526 504 1618 547 edi-

188 580 321 629 tione,
356 594 454 634 quae
487 593 820 633 praeproperum
854 578 900 618 in
941 577 1123 618 edendis
1160 578 1367 632 operibus
1404 576 1618 618 editorem

189 648 360 704 arguit3
392 662 534 703 neque
563 646 657 688 laus
687 647 839 703 ingens
862 647 1117 688 Burmanno
1143 646 1394 703 frequentes
1420 647 1464 687 in
1486 646 1620 687 inter-

188 724 314 773 prete
355 732 541 766 errores‚
576 722 651 757 aut
686 716 903 757 memoriae
944 714 1094 771 lapsus
1131 715 1503 772 deprehendisse3
1548 713 1620 756 cui

189 786 304 828 enim
330 786 620 841 interpretum
650 784 735 826 tale
765 784 872 826 nihil
902 784 1138 840 aliquando
1168 784 1351 836 effluxit,
1373 799 1508 840 quum
1536 797 1618 825 nec

192 853 388 911 Scaliger
418 854 610 910 quidem,
638 868 718 895 nec
748 853 959 895 Heinsius
988 855 1098 909 ipse,
1125 855 1298 896 omnino
1331 869 1375 896 se
1405 853 1620 896 Burman-

189 924 330 966 nianae
367 923 519 965 ferulae
557 923 881 965 subduxerint?
945 923 1035 964 Sed
1072 924 1245 977 gravius
1282 923 1325 964 in
1357 923 1512 972 virum,
1544 921 1620 977 qui

189 993 444 1048 magistrum
486 1007 531 1034 se
573 993 617 1033 in
653 991 763 1033 Arte
809 992 975 1033 Critica
1015 992 1323 1047 profitebatur,
1361 997 1621 1047 peccaverat

189 1063 391 1117 scriptor,
425 1063 515 1118 qui,
551 1061 656 1103 dum
690 1059 813 1102 Artis
855 1060 988 1117 hujus
1025 1061 1324 1112 fundamenta,
1360 1060 1534 1117 regulas
1575 1066 1619 1102 et

189 1130 298 1174 fines
329 1131 616 1180 describeret,
648 1130 777 1172 certis
808 1128 972 1184 aliquot
1002 1130 1135 1185 signis
1164 1129 1362 1171 homines
1391 1145 1492 1172 vere
1522 1144 1621 1171 eru-

189 1201 304 1243 ditos
335 1202 390 1243 ab
420 1200 502 1242 illis
534 1201 814 1249 discreverat,
845 1200 920 1254 qui
950 1214 1060 1241 vana
1091 1206 1261 1241 tantum
1289 1200 1522 1241 verborum
1553 1213 1621 1240 os-

189 1271 444 1321 tentatione,
467 1270 536 1312 vel
555 1270 749 1312 locorum
774 1277 990 1325 apparatu
1016 1269 1118 1311 hinc
1147 1276 1191 1311 et
1218 1269 1348 1319 illinc,
1371 1276 1504 1325 prout
1525 1283 1620 1310 sese

190 1340 397 1391 offerunt,
435 1347 708 1389 coactorum3
751 1338 819 1380 vel
855 1339 1207 1380 emendationum
1244 1338 1434 1390 licentia,
1471 1337 1621 1380 fucum

190 1409 351 1465 ignaris
373 1408 554 1459 faciunt,
571 1408 793 1449 mentitam
815 1407 916 1448 inde
939 1407 1096 1448 famam
1113 1408 1324 1449 doctrinae
1346 1407 1618 1463 consequuti.

192 1479 394 1527 Quorum
430 1478 502 1519 hic
539 1493 730 1527 causam,
765 1476 899 1518 veluti
938 1477 1176 1532 propriam,
1215 1492 1350 1532 quare
1391 1475 1620 1532 amplexus

191 1548 322 1590 fuerit
343 1548 621 1590 Burmannus
651 1562 738 1588 non
766 1547 908 1596 video,
932 1547 1013 1587 nisi
1044 1546 1269 1588 lacessitus
1294 1547 1414 1602 prior
1439 1547 1494 1588 ab
1523 1546 1620 1601 ipso

193 1615 401 1669 Clericof,
439 1618 684 1673 impositam
725 1617 804 1658 sibi
842 1617 1139 1672 respondendi
1174 1616 1479 1658 necessitatem
1520 1630 1620 1657 cen-

192 1688 340 1730 suerit.

250 1756 359 1798 Inde
382 1757 592 1811 sequitur,
616 1764 664 1797 ut
685 1755 793 1797 nihil
815 1757 988 1797 omnino
1010 1756 1295 1810 interpretem
1316 1769 1475 1795 novum
1495 1762 1619 1796 vetus

192 1826 261 1867 hic
299 1832 610 1867 commentator
637 1825 824 1880 juverit;
864 1832 907 1866 et
945 1832 1036 1866 tota
1068 1825 1159 1865 fere
1193 1823 1439 1865 illustrandi
1474 1824 1620 1879 operis

190 1894 325 1937 moles
343 1895 386 1936 in
399 1911 534 1936 unum
552 1910 618 1936 me
636 1895 902 1936 recubuerit.
958 1895 1092 1942 Quod
1109 1894 1286 1949 quidem
1304 1893 1379 1948 qui
1397 1893 1619 1949 scriptoris

189 1970 233 2006 et
255 1965 405 2020 scripti
426 1965 669 2014 commodo,
692 1964 848 2006 viderit
870 1980 1020 2020 aequus
1045 1963 1208 2006 Lector
1229 1979 1279 2005 ac
1302 1962 1553 2005 benevolus.

190 2116 309 2159 primas
338 2123 445 2159 partes
473 2118 505 2148 in
530 2123 598 2148 arte
628 2118 739 2149 critica
766 2119 918 2161 potuisset
945 2119 1099 2150 obtinere.
1146 2117 1236 2149 Obiit
1250 2117 1502 2154 Amstelaedami,
1523 2129 1554 2148 Α.
1578 2129 1617 2149 Μ.

192 2181 376 2203 nccxxxw.
423 2172 565 2214 Operum
582 2171 667 2203 illius
683 2173 868 2214 Catalogus‚
887 2184 966 2216 opus
988 2173 1068 2216 ipse,
1088 2172 1173 2215 quod
1189 2172 1420 2215 bibliographis
1435 2172 1618 2215 relinquen-

193 2225 270 2257 dum
281 2226 407 2268 judico.
1104 2265 1106 2267 Ι

234 2285 248 2299 ²
275 2281 420 2312 Theodori
438 2281 572 2312 Coralli.
619 2284 700 2319 Qum
719 2293 812 2313 voces
831 2288 904 2312 sunt
921 2281 1056 2313 nominis
1075 2282 1142 2325 ejus
1162 2288 1193 2313 et
1210 2282 1412 2324 praenominis
1427 2281 1616 2324 interpreta-

192 2335 312 2374 tiones3
337 2335 380 2366 ita
405 2341 440 2366 ut
464 2347 644 2377 praenomen
669 2337 798 2378 quidem
824 2337 1017 2369 Hebraicum
1043 2337 1082 2367 sit
1107 2348 1209 2379 grarce
1233 2348 1381 2375 versum;
1409 2347 1523 2368 nomen
1546 2347 1619 2369 vero

194 2389 355 2426 Graecum,
374 2389 534 2421 Ilebraica
550 2401 627 2421 voce
645 2402 840 2433 expressum.

236 2441 247 2462 s
269 2444 344 2475 Vid.
369 2444 466 2475 vitam
492 2444 621 2480 Clerici,
644 2446 682 2475 ab
711 2445 778 2487 ipso
806 2445 1032 2487 conscriptam,
1054 2457 1085 2488 p.
1109 2446 1193 2484 117;
1224 2451 1256 2476 et
1282 2445 1324 2476 cl.
1348 2443 1405 2476 viri
1429 2444 1615 2488 Spanheim.

196 2498 328 2541 Epistol.
345 2499 385 2530 ad
401 2499 521 2531 calcem
539 2499 682 2541 ejusdem
699 2501 783 2532 libri.
811 2499 999 2532 Amstelaed.
1021 2501 1117 2531 1711.
