1830 3220
564 187 858 231 FASTORU
869 187 917 229 M
951 187 1072 229 LIB.
1105 186 1192 229 VI.

1497 188 1583 230 301

168 305 250 352 Ex
276 305 373 352 illis
399 304 493 352 fuit
517 321 633 362 una,
663 306 739 353 sui
767 321 1007 368 germana
1031 305 1228 353 mariti:

237 383 363 431 Haec
390 389 514 439 erat,
542 383 740 446 agnovi,
770 399 883 446 quae
909 390 1010 430 stat
1035 383 1085 430 in
1112 398 1227 430 arce
1252 380 1409 430 Jovis.

168 460 492 516 Horrueram,
522 462 780 524 tacitoque
808 460 1031 508 animum
1058 461 1247 524 pallore
1272 460 1495 509 fatebar:

236 538 406 594 Quum
433 539 546 595 dea,
575 555 704 603 quos
730 537 866 594 fecit,
895 538 1102 586 sustulit
1127 538 1240 602 ipsa
1266 546 1455 596 metus3

1523 543 1590 586 20

169 616 409 681 Namque
435 616 534 665 ait:
579 617 623 664 O
651 624 809 673 vates,
840 616 1059 664 Romani
1085 616 1316 663 conditor
1342 618 1476 674 anni,

235 696 375 744 Ause
401 712 491 760 per
517 696 730 759 exiguos
758 711 941 758 magna
968 695 1151 743 referre
1178 695 1383 751 modos;

168 773 198 820 J
206 790 263 821 us
289 773 381 821 tibi
408 773 572 821 fecisti
600 789 790 820 numen
817 774 1024 820 caeleste
1049 773 1269 828 videndi,

238 851 412 906 Quum
438 852 631 915 placuit
657 851 879 899 numeris
906 851 1125 899 condere
1150 850 1283 899 festa
1307 850 1423 898 tuis.

172 929 251 977 Ne
277 937 448 978 tamen
474 931 693 993 ignores,
722 930 963 994 vulgique
989 945 1155 978 errore
1180 929 1394 977 traharis
1419 949 1429 987 3
1528 933 1595 977 25

238 1007 423 1056 Junius
450 1025 479 1055 a
504 1016 674 1056 nostro
702 1009 905 1056 nomine
930 1025 1115 1056 nomen
1141 1008 1312 1055 habet.

173 1085 267 1133 Est
293 1086 485 1150 aliquid
511 1087 747 1150 nupsisse
773 1086 904 1144 Jovi,
932 1085 1072 1134 Jovis
1099 1102 1212 1134 esse
1240 1102 1490 1144 sororem3

241 1164 415 1212 Fratre
442 1165 603 1228 magis
629 1165 806 1212 dubito
833 1165 1030 1228 glorier,
1060 1180 1189 1212 anne
1215 1164 1335 1212 viro.

172 1339 315 1370 additum
333 1341 424 1370 tacito
437 1341 567 1380 pallore.
593 1340 755 1371 Caeterum
769 1339 848 1371 Ovi-

172 1388 244 1420 dius
257 1389 289 1420 in
306 1389 364 1420 hoc
382 1400 476 1431 opere
488 1389 557 1431 jam
572 1389 648 1420 satis
661 1389 850 1421 adsueverat

172 1438 356 1470 numinibus
372 1438 530 1470 videndis.

217 1489 271 1520 21.
296 1488 406 1520 Oratio
426 1488 584 1527 Junonis;
610 1494 716 1520 tuetur
744 1488 851 1531 Cingii

172 1538 375 1570 sententiam.
403 1538 587 1570 Macrobius
603 1540 732 1570 Saturn.
750 1538 773 1569 i.
795 1540 850 1569 12:

173 1592 194 1605 “
211 1588 329 1621 Junius
366 1588 493 1619 Maium
530 1588 687 1630 sequitur,
723 1594 778 1620 aut
813 1599 851 1619 ex

173 1644 261 1681 parte
272 1638 380 1680 populi
389 1638 580 1675 nominatus,
593 1645 660 1675 aut,
672 1645 707 1670 ut
720 1638 854 1680 Cingius

174 1688 356 1724 arbitratur,
366 1688 450 1730 quod
458 1688 618 1720 Junonius
628 1688 714 1730 apud
726 1688 855 1719 Latinos

175 1745 248 1769 ante
271 1737 436 1774 vocitatus,
457 1738 577 1779 diuque
600 1738 686 1780 apud
707 1737 856 1769 Aricinos

176 1787 451 1829 Praenestinosque
483 1787 542 1818 hac
581 1787 794 1829 appellatione
823 1787 855 1818 in

176 1838 287 1869 Fastos
323 1838 440 1869 relatus
471 1837 529 1868 sit:
569 1837 660 1874 adeo,
689 1844 735 1874 ut,
774 1838 857 1869 sicut

177 1888 276 1919 Nisus
291 1888 323 1918 in
337 1887 573 1918 commentariis
588 1888 753 1919 Fastorum
765 1888 853 1924 dicit,

177 1937 264 1980 apud
280 1937 413 1980 majores
429 1948 557 1979 quoque
573 1942 696 1968 nostros
711 1937 780 1968 haec
800 1948 854 1979 ap-

175 1988 308 2030 pellatio
324 1987 441 2019 mensis
457 1987 512 2019 diu
525 1987 688 2024 manserit,
705 1988 760 2019 sed
774 1994 855 2030 post,

177 2037 300 2068 detritis
318 2036 511 2080 quibusdam
530 2037 639 2074 literis,
655 2049 694 2069 ex
714 2038 854 2070 Junonio

177 2086 295 2120 Junius
320 2087 424 2119 dictus
448 2088 512 2126 sit3
536 2098 610 2119 nam
634 2094 666 2119 et
689 2088 774 2119 aedes
797 2089 854 2120 Ju-

177 2138 252 2169 noni
277 2139 420 2169 Monetae
450 2137 609 2169 Kalendis
634 2138 741 2171 Juniis
766 2137 856 2170 dedi-

179 2193 252 2219 cata
267 2187 348 2218 est.''
372 2187 423 2218 Sic
439 2187 580 2219 historici
596 2193 628 2219 et
640 2188 855 2230 grammatici.

181 2238 318 2269 Condere
333 2237 462 2268 omnino
474 2237 631 2275 ordinare,
644 2237 835 2269 constituere
849 2251 857 2277 3

180 2288 302 2323 Livius,
318 2287 341 2319 i.
364 2289 418 2320 42.
434 2288 617 2320 “Conditor
633 2288 735 2319 omnis
756 2288 789 2319 in
812 2287 857 2319 ci-

181 2338 279 2369 vitate
304 2337 540 2376 discriminis;''
575 2337 623 2369 iii.
648 2339 712 2369 58:
738 2338 858 2369 “Con-

180 2388 262 2419 ditor
278 2388 537 2430 Romanijuris.’'
562 2389 678 2430 Itaque
691 2390 858 2420 conditores

180 2441 256 2470 anni
274 2439 404 2470 Romani
415 2438 539 2481 proprie
550 2440 722 2474 Romulus,
737 2439 855 2475 Numa,

180 2489 249 2522 Jul.
271 2489 389 2526 Caesar,
407 2488 461 2531 qui
486 2499 604 2520 annum
627 2489 759 2531 ejusque
778 2493 857 2519 tem-

180 2550 256 2582 pora
277 2539 520 2570 constituerunt.
565 2539 629 2570 Sed
655 2548 740 2568 nunc
764 2543 859 2580 poeta

182 2589 229 2620 sic
245 2588 372 2625 dicitur,
389 2588 444 2630 qui
465 2598 583 2619 annum
599 2586 786 2629 dispositum
804 2594 859 2618 aut

181 2639 342 2680 digestum
357 2637 496 2669 carmine
508 2638 717 2680 persequitur.
743 2636 859 2679 Exigui

181 2692 262 2721 modi
276 2694 351 2720 sunt
370 2688 476 2730 elegi3
501 2688 574 2720 vide
593 2688 628 2719 ii.
651 2688 750 2719 3—8.
773 2688 859 2719 unde

182 2745 215 2771 et
230 2744 329 2782 patet,
346 2750 418 2781 quae
433 2739 566 2769 audacia
581 2738 623 2770 sit
638 2738 670 2769 in
686 2737 756 2770 hoc.
780 2739 859 2769 Mox

185 2792 305 2821 numeri
318 2797 471 2821 vocantur
484 2801 492 2828 3
511 2787 675 2826 Horatius,
687 2787 758 2820 Art.
772 2788 862 2819 Poet.

917 1340 1001 1370 211:
1043 1337 1223 1369 “Accessit
1248 1337 1451 1379 numerisque
1477 1338 1600 1370 modis«

919 1399 982 1430 que
1003 1387 1137 1419 licentia
1161 1387 1295 1429 major.''
1345 1387 1507 1419 Differunt
1528 1388 1597 1419 haec

920 1438 982 1469 duo
998 1437 1055 1474 sic,
1068 1438 1104 1468 ut
1119 1439 1239 1468 numeri
1252 1442 1424 1468 cernantur
1439 1437 1472 1468 in
1487 1437 1600 1479 rhyth-

920 1488 963 1519 mi
981 1488 1201 1523 alternatione,
1218 1490 1249 1518 in
1267 1487 1376 1518 ordine
1388 1487 1552 1529 longorum
1568 1494 1601 1519 et

920 1538 1063 1569 brevium
1081 1545 1268 1580 temporum,
1286 1539 1363 1568 modi
1378 1543 1483 1568 autem
1500 1537 1602 1569 melos

922 1588 1007 1620 vocis
1021 1588 1154 1619 elevatae
1167 1593 1198 1618 et
1211 1587 1366 1630 depressae
1383 1588 1601 1629 complectan-

921 1645 994 1677 tur3
1019 1637 1083 1669 vid.
1100 1637 1232 1669 Vossius
1250 1637 1290 1668 de
1315 1638 1421 1669 Cantu
1436 1643 1468 1669 et
1482 1637 1601 1669 viribus

923 1689 1074 1731 rhythmi,
1091 1699 1123 1730 p.
1141 1689 1195 1719 24.
1241 1688 1304 1719 Sed
1326 1688 1476 1730 quoniam
1499 1688 1604 1719 omnis

924 1750 980 1781 pes
1001 1745 1049 1770 est
1073 1749 1235 1775 numerus,
1253 1744 1419 1780 propterea
1434 1741 1555 1770 numeri
1570 1744 1602 1770 et

924 1789 1022 1831 pedes
1033 1788 1184 1820 dicuntur
1196 1794 1292 1830 atque
1304 1788 1432 1819 omnino
1446 1794 1602 1826 metrum3

926 1838 1050 1876 Cicero,
1061 1840 1187 1869 Orator.
1200 1838 1252 1869 57.
1264 1839 1437 1879 dactylicus
1447 1849 1603 1870 numerus.

924 1890 965 1920 Et
981 1888 1130 1931 quoniam
1148 1895 1251 1931 poetae
1270 1888 1387 1930 passim
1409 1888 1603 1920 musicorum>

924 1938 1081 1969 vocabula
1097 1937 1135 1969 ad
1153 1949 1186 1969 se
1203 1938 1398 1969 transferunt
1413 1943 1446 1969 et
1460 1939 1603 1970 earmina

925 1999 994 2024 sua,
1021 1988 1116 2019 etiam
1144 1990 1224 2019 modi
1248 1987 1281 2018 in
1304 1987 1452 2019 eumdem
1476 1999 1604 2020 sensum

925 2038 997 2081 capi
1013 2043 1100 2069 sunt.

970 2089 1023 2118 27.
1046 2087 1281 2129 Argumentum
1308 2086 1444 2129 primum
1471 2098 1490 2119 a
1513 2087 1605 2119 nobi·

926 2139 1016 2170 litate
1032 2138 1178 2180 petitum.
1226 2139 1389 2178 Aclspicere
1402 2149 1484 2180 saepe
1501 2138 1541 2170 de
1556 2148 1604 2176 eo,

927 2189 982 2231 qui
1009 2193 1133 2231 spectat
1158 2187 1292 2230 aliquid,
1316 2192 1407 2219 uteo
1427 2194 1605 2226 moveatur,

925 2249 962 2270 eo
978 2244 1082 2270 motus
1098 2237 1220 2280 aliquid
1234 2237 1331 2269 faciat
1343 2238 1505 2270 credatve.
1524 2238 1606 2275 Sors,

927 2289 1011 2330 quod
1032 2295 1114 2319 sorte
1136 2288 1252 2326 datur;
1276 2293 1344 2318 tum
1364 2287 1503 2325 omnino,
1519 2288 1606 2330 quod

928 2337 1024 2369 alicui
1040 2337 1213 2379 contingit3
1237 2338 1299 2368 IV.
1315 2337 1411 2368 Trist.
1427 2349 1457 2368 v.
1477 2339 1489 2368 1
1505 2351 1511 2369 :
1541 2342 1563 2356 “
1574 2339 1603 2370 O

927 2387 1005 2419 mihi
1018 2388 1151 2419 dilectos
1162 2388 1243 2419 inter
1253 2398 1319 2421 sors
1333 2386 1435 2430 prima
1446 2387 1606 2420 sodales.'’

927 2438 1008 2469 Inde
1037 2444 1068 2469 et
1089 2438 1210 2480 prolem
1238 2437 1398 2478 significat
1425 2443 1458 2468 et
1482 2448 1606 2470 sexum.

928 2490 1014 2520 Met.
1043 2489 1088 2519 ix.
1116 2489 1193 2520 675.
1216 2489 1316 2519 altera
1341 2499 1412 2524 sors,
1436 2488 1539 2530 proles
1561 2488 1606 2519 al-

928 2539 1026 2570 terius
1046 2549 1150 2570 sexus.
1200 2537 1308 2569 Prima
1332 2543 1438 2569 autem
1461 2548 1526 2568 sors
1549 2538 1606 2568 Sa-

929 2588 1012 2620 turni
1026 2599 1088 2619 uon
1102 2589 1122 2620 J
1126 2598 1189 2619 uno
1203 2587 1274 2624 fuit,
1286 2587 1342 2618 sed
1353 2588 1464 2619 Vesta.
1476 2587 1606 2618 Homer.

929 2637 1041 2679 hymn.
1059 2638 1179 2669 Vener.
1198 2639 1253 2668 22.
1269 2636 1387 2675 Ἱστίη,
1411 2637 1456 2674 ἣν
1472 2635 1608 2678 πρώτην

929 2687 1037 2721 τέκετο
1055 2688 1194 2732 Κρόνος·
1236 2687 1368 2719 Hesoid.
1383 2686 1503 2728 Theog.
1519 2687 1584 2718 454
1594 2699 1607 2725 ‚-

929 2738 1079 2781 Apollod.
1106 2738 1134 2769 I.
1158 2739 1178 2769 i.
1206 2740 1246 2770 3:
1284 2738 1340 2769 sed
1365 2737 1482 2768 Noster
1511 2737 1607 2768 etiam

932 2799 996 2820 ver.
1021 2789 1097 2820 285.
1117 2788 1276 2820 dissentit.
1323 2787 1497 2825 Βαῖτιν-πίας
1534 2794 1607 2818 ante
