1809 3220
213 185 300 226 170

594 183 648 225 Ρ.
682 182 900 225 OVIDII
934 183 1221 225 NASONIS

220 299 510 349 Seminibus
535 299 683 346 tostis
709 299 971 347 sceleratae
995 298 1172 347 fraude
1198 313 1442 356 novercae,

285 378 572 426 sustulerat
596 377 778 434 nullas,
802 383 860 424 ut
884 377 1028 433 solet,
1056 377 1214 424 herba
1238 393 1429 426 comas.

224 455 449 503 Mittitur
475 454 538 502 ad
563 454 808 518 tripodas,
838 461 978 501 certa
1002 454 1091 517 qui
1118 461 1250 501 sorte
1276 461 1515 518 reportet,
1544 441 1640 502 855

285 532 452 588 Quam
478 532 632 580 sterili
658 539 802 579 terrae
832 531 1114 595 Delphicus
1141 532 1260 579 edat
1284 548 1450 596 opem.

219 610 316 659 Hic
344 626 549 674 quoque
575 617 857 674 corruptuS,
885 625 974 673 pro
1002 610 1192 657 semine
1219 610 1418 658 nuntiat
1443 608 1620 658 Helles

285 688 353 736 Et
371 688 572 752 juvenis
601 687 798 752 Phryxi
824 687 1000 735 funera
1026 695 1159 735 sorte
1185 688 1304 752 peti.

219 766 395 830 thue
420 774 738 814 recusantem
765 765 918 822 cives,
940 772 992 813 et
1015 773 1233 830 tempus,
1262 774 1314 814 et
1340 765 1433 814 Ino

287 844 658 908 Compulerunt
682 860 853 907 regern
873 846 1018 907 jussa
1044 844 1261 892 nefanda
1284 845 1418 909 pati3

1540 846 1638 892 860

217 920 284 969 Et
308 938 462 975 soror,
490 929 541 970 et
567 921 824 986 Phryxus,
851 923 1001 970 velati
1029 930 1261 987 tempora
1284 923 1440 978 vittis,

288 1000 439 1048 Stant
465 1001 612 1047 simul
639 1007 756 1048 ante
783 1016 923 1058 aras3
959 1002 1241 1064 junctaque
1267 998 1369 1048 fata
1393 1007 1618 1063 gemunt.

221 1078 458 1143 Adspicit
479 1079 587 1136 hos,
616 1086 672 1126 ut
695 1079 822 1126 forte
847 1078 1163 1143 pependerat
1187 1079 1390 1134 aethere,
1412 1085 1601 1136 mater;

289 1156 355 1204 Et
379 1156 494 1204 ferit
519 1157 732 1204 attonita
755 1164 964 1221 pectora
990 1157 1126 1204 nuda
1150 1173 1302 1204 manu
1322 1173 1331 1204 :

221 1234 385 1298 Inque
410 1235 801 1298 draconigenam
827 1235 1012 1283 nimbis
1039 1234 1398 1283 comitantibus
1423 1235 1601 1284 urbem

289 1311 499 1370 Desilit:
542 1320 593 1360 et
618 1320 762 1361 natos
789 1313 939 1377 eripit
962 1313 1080 1361 inde
1107 1329 1242 1360 suos.

1538 1315 1634 1362 866

222 1389 397 1453 thue
422 1389 593 1453 fugam
620 1390 832 1454 rapiant,
862 1390 989 1438 aries
1016 1390 1349 1438 nitidissimus
1376 1406 1497 1439 auro

288 1467 551 1516 Traditur:
593 1469 676 1516 ille
703 1469 840 1517 vehit
865 1485 955 1533 per
979 1468 1106 1517 freta
1132 1470 1281 1533 longa
1302 1468 1448 1516 duos.

219 1617 284 1647 heri
313 1623 361 1647 est
391 1616 433 1647 xi.
465 1618 542 1648 Kal.
575 1622 606 1648 et
637 1617 892 1659 AEquinoctium,

221 1667 307 1708 quod
338 1677 402 1697 ver.
431 1667 506 1697 877.
535 1673 736 1703 memoratur,
765 1667 797 1697 in
828 1666 894 1697 viii.

222 1716 301 1747 Kal.
313 1716 444 1759 Aprilis,
461 1716 526 1747 sive
541 1716 574 1747 in
591 1716 675 1747 diem
688 1728 774 1747 xxiv.
786 1717 897 1747 Martii

220 1765 342 1796 incidit.
388 1765 440 1796 Sic
470 1766 590 1796 Noster
629 1767 788 1797 consentit
825 1776 897 1797 cum

222 1814 362 1846 Kalend.
377 1821 440 1846 vet.
456 1822 488 1846 et
506 1815 621 1851 Plinio,
638 1816 725 1847 xviii.
739 1816 794 1846 26.
841 1815 893 1846 Sol

216 1867 327 1905 premit
351 1864 431 1901 loca,
447 1864 487 1895 ad
511 1875 582 1906 quae
604 1864 740 1901 accedit,
757 1865 894 1895 Metam.

222 1914 286 1946 xiv.
302 1914 377 1945 416.
393 1921 488 1956 atque
511 1913 591 1945 adeo
613 1914 728 1950 sidera,
750 1925 820 1956 quae
848 1914 896 1945 in-

221 1963 381 2006 greditur;
404 1964 539 1994 Metam.
555 1963 600 1994 ix.
613 1964 689 1995 286.
701 1975 800 2005 quum
815 1966 896 1995 deci-

223 2025 302 2044 mum
317 2020 505 2052 premeretur
519 2015 616 2044 sidere
632 2015 764 2054 signum.

269 2064 344 2094 853.
360 2063 439 2093 Haec
456 2062 495 2093 de
510 2064 670 2093 seminibus
686 2064 769 2093 castis
782 2063 898 2094 Noster

220 2114 285 2156 jam
303 2112 336 2144 ii.
352 2113 427 2144 628.
438 2112 554 2153 attigit.
600 2113 659 2143 Ino
676 2113 823 2144 mulieres
839 2112 897 2143 im-

224 2163 318 2205 pulit,
333 2167 369 2193 ut
389 2162 473 2193 clam
493 2161 613 2193 maritis
631 2162 747 2203 fruges,
765 2173 844 2204 quas
865 2173 897 2193 in

225 2218 398 2244 sementem
414 2211 538 2247 darent,
550 2217 717 2247 torrerent,
732 2222 770 2242 ne
787 2221 896 2242 nasce-

224 2268 342 2299 rentur,
354 2262 399 2292 ita
413 2267 450 2292 ut
466 2261 578 2292 civitas
594 2266 660 2291 tota
675 2260 757 2292 fame
773 2260 898 2303 periret.

228 2313 343 2343 Nullas
357 2312 523 2342 sustulerat
546 2322 654 2347 comm,
672 2321 734 2341 non
758 2317 899 2342 creverat

226 2362 259 2392 in
280 2364 410 2400 aristas;
435 2361 647 2403 Apollodorus
663 2361 812 2402 καρποὺς
826 2361 896 2400 ἐτη-

227 2412 319 2449 σίους
333 2414 377 2454 γῆ
393 2411 451 2442 οὐκ
467 2409 629 2443 ἀνεδίδου.
657 2411 791 2446 Nuntio,
803 2421 897 2453 quem

226 2473 296 2493 eam
313 2462 353 2492 ob
369 2472 496 2492 causam
513 2460 668 2491 Athamas
681 2460 826 2502 Delphos
840 2460 898 2491 rni-

226 2512 278 2548 sit,
301 2512 361 2542 Ino
388 2510 552 2553 praecepit.
574 2516 610 2540 ut
632 2509 745 2540 falsum
773 2520 898 2552 respon-

227 2571 298 2592 sum
323 2560 462 2592 referret.
508 2559 592 2590 Hinc
619 2565 780 2598 corruptus
805 2569 898 2590 voca-

228 2616 292 2645 tur,
311 2614 343 2640 et
358 2609 486 2651 quidem
501 2619 519 2640 e
534 2608 654 2649 vulgat.
670 2607 814 2642 lectione,
831 2620 900 2639 cum

227 2661 347 2696 semine,
373 2670 468 2700 quem
494 2658 554 2689 Ino
583 2668 674 2700 aeque
704 2663 897 2700 corruperat,

231 2720 267 2740 ac
291 2714 364 2740 ante
380 2708 519 2740 semina:
546 2708 631 2750 quod
652 2707 777 2739 durum.
818 2709 900 2739 Bur-

228 2770 363 2791 mannus
391 2759 488 2801 igitur
515 2758 607 2791 unius
636 2758 707 2790 cod.
732 2758 900 2790 lectionem

965 1617 1096 1660 recepit,
1111 1628 1166 1657 pro
1182 1618 1292 1647 semine
1305 1615 1511 1658 petisnnera,
1522 1614 1645 1646 semina

966 1673 1052 1698 recte
1078 1671 1257 1698 surrectura
1281 1676 1360 1702 esse,
1385 1666 1410 1696 si
1439 1664 1588 1706 Phryxus
1613 1670 1646 1696 et

967 1717 1061 1748 Helle
1075 1721 1264 1747 mactentur.
1310 1714 1490 1746 Mitscherl.
1506 1714 1646 1746 servavit

967 1767 1109 1797 alteram.
1155 1763 1309 1797 Probavit
1338 1769 1369 1795 et
1395 1764 1511 1795 Krebs.
1558 1763 1645 1794 Cives

964 1815 1161 1847 Athamanta
1183 1819 1301 1856 cogunt
1320 1814 1416 1845 etiam
1437 1812 1522 1856 apud
1538 1813 1642 1856 Apol-

963 1865 1119 1900 lodorum,
1131 1863 1188 1895 sed
1200 1863 1295 1905 juxta
1309 1863 1475 1905 Hyginum
1492 1862 1640 1904 Phryxus

965 1915 1046 1946 ultro
1061 1924 1098 1945 ac
1111 1914 1214 1944 libens
1227 1913 1396 1955 pollicetur
1407 1923 1440 1944 se
1452 1923 1552 1944 unum
1564 1911 1643 1944 civi-

966 1970 1063 1996 tatem
1081 1973 1223 1994 aerumna
1237 1962 1458 1993 liberaturum.

1011 2014 1087 2044 863.
1115 2013 1229 2049 Mater,
1257 2012 1416 2054 Nephele,
1440 2022 1511 2053 quae
1536 2009 1646 2042 latinis

966 2061 1206 2104 mythographis
1237 2061 1359 2091 Nebula
1395 2060 1526 2092 dicitur.
1573 2061 1641 2092 Ne-

965 2113 1049 2144 bulae
1086 2117 1140 2143 aut
1169 2112 1270 2142 nubes
1302 2113 1432 2151 pendere
1464 2110 1641 2149 dicunturg

967 2164 1133 2205 Virgilius,
1161 2163 1278 2205 Georg.
1302 2163 1324 2194 i.
1348 2163 1425 2193 214.
1471 2162 1533 2193 Pro
1551 2162 1642 2204 forte

966 2212 1101 2244 Mitsch.
1116 2219 1204 2243 sorte.
1250 2211 1348 2254 Apud
1370 2211 1535 2253 Hyginum
1560 2222 1639 2242 nun·

967 2263 1029 2294 tius
1055 2261 1270 2293 misericordia
1299 2260 1510 2292 adolescentis
1540 2266 1645 2292 tactus

968 2313 1046 2343 Inus
1091 2311 1256 2342 consilium
1295 2309 1484 2341 Athamanti
1527 2310 1641 2353 aperit.

970 2364 1059 2399 Quos
1081 2361 1222 2392 Cadmus
1245 2360 1278 2390 in
1300 2359 1470 2391 condenda
1495 2360 1572 2391 urbe
1592 2370 1643 2391 so-

967 2412 1032 2443 cios
1047 2412 1212 2447 habuerat,
1228 2422 1245 2442 e
1269 2411 1343 2442 satis
1364 2410 1519 2452 serpentis
1540 2409 1643 2441 denti-

966 2463 1026 2493 bus
1043 2461 1107 2492 nati
1123 2460 1348 2499 tradebantur;
1371 2461 1507 2491 Metam.
1522 2459 1568 2490 iii.
1582 2459 1642 2490 161

966 2522 1037 2553 sqq.
1084 2511 1168 2541 Hinc
1190 2510 1310 2542 ibidem
1325 2520 1392 2541 ver.
1408 2511 1483 2541 531.
1497 2509 1644 2541 Thebani

967 2563 1148 2603 anguigenae
1163 2565 1326 2596 vocantur,
1342 2565 1438 2601 atque
1460 2569 1545 2590 nunc
1569 2558 1644 2589 urbs

969 2622 1076 2642 eorum
1092 2613 1320 2653 draconigena;
1344 2611 1484 2641 Metam.
1496 2608 1551 2640 vii.
1567 2610 1644 2641 212.

967 2664 1177 2704 serpentigena
1201 2660 1328 2703 legitur.
1377 2661 1521 2697 Desila're,
1535 2665 1572 2691 ut
1591 2662 1644 2691 de·

970 2711 1042 2747 lubi,
1054 2711 1094 2742 de
1105 2710 1176 2742 Diis
1189 2710 1222 2742 in
1231 2717 1350 2742 terram
1361 2708 1641 2742 descendentibus.

1014 2761 1089 2791 867.
1115 2760 1324 2792 Nitidz'ssimus
1342 2771 1431 2797 auro,
1449 2758 1640 2802 χρυσόμαλ-
