<?xml version="1.0" encoding="UTF-8"?>
<!DOCTYPE html PUBLIC "-//W3C//DTD XHTML 1.0 Transitional//EN"
    "http://www.w3.org/TR/xhtml1/DTD/xhtml1-transitional.dtd">
<html xmlns="http://www.w3.org/1999/xhtml" xml:lang="en" lang="en">
 <head>
  <title>
</title>
<meta http-equiv="Content-Type" content="text/html;charset=utf-8" />
  <meta name='ocr-system' content='tesseract 3.04.00' />
  <meta name='ocr-capabilities' content='ocr_page ocr_carea ocr_par ocr_line ocrx_word'/>
</head>
<body>
  <div class='ocr_page' id='page_1' title='image "./povidiinasonisop05oviduoft_0504.png"; bbox 0 0 1809 3220; ppageno 0'>
   <div class='ocr_carea' id='block_1_1' title="bbox 220 185 307 227">
    <p class='ocr_par' dir='ltr' id='par_1_1' title="bbox 220 185 307 227">
     <span class='ocr_line' id='line_1_1' title="bbox 220 185 307 227; baseline 0.011 -1"><span class='ocrx_word' id='word_1_1' title='bbox 220 185 307 227; x_wconf 83' lang='lat'>476</span> 
     </span>
    </p>
   </div>
   <div class='ocr_carea' id='block_1_2' title="bbox 621 178 1250 223">
    <p class='ocr_par' dir='ltr' id='par_1_2' title="bbox 621 178 1250 223">
     <span class='ocr_line' id='line_1_2' title="bbox 621 178 1250 223; baseline -0.005 0"><span class='ocrx_word' id='word_1_2' title='bbox 621 182 672 223; x_wconf 92' lang='lat' dir='ltr'>P.</span> <span class='ocrx_word' id='word_1_3' title='bbox 708 179 925 222; x_wconf 91' lang='lat' dir='ltr'>OVIDII</span> <span class='ocrx_word' id='word_1_4' title='bbox 964 178 1250 221; x_wconf 91' lang='lat' dir='ltr'><strong>NASONIS</strong></span> 
     </span>
    </p>
   </div>
   <div class='ocr_carea' id='block_1_3' title="bbox 224 293 1643 828">
    <p class='ocr_par' dir='ltr' id='par_1_3' title="bbox 224 293 1504 439">
     <span class='ocr_line' id='line_1_3' title="bbox 224 293 1504 361; baseline -0.008 -12"><span class='ocrx_word' id='word_1_5' title='bbox 224 301 290 349; x_wconf 73' lang='lat' dir='ltr'>Di</span> <span class='ocrx_word' id='word_1_6' title='bbox 315 299 520 348; x_wconf 91' lang='lat' dir='ltr'>melius!</span> <span class='ocrx_word' id='word_1_7' title='bbox 561 312 776 361; x_wconf 89' lang='lat' dir='ltr'>quorum</span> <span class='ocrx_word' id='word_1_8' title='bbox 802 296 954 359; x_wconf 84' lang='lat' dir='ltr'>longe</span> <span class='ocrx_word' id='word_1_9' title='bbox 977 294 1100 342; x_wconf 90' lang='lat' dir='ltr'>mihi</span> <span class='ocrx_word' id='word_1_10' title='bbox 1126 293 1378 342; x_wconf 88' lang='lat' dir='ltr'>maximus</span> <span class='ocrx_word' id='word_1_11' title='bbox 1403 293 1504 349; x_wconf 92' lang='lat' dir='ltr'>ille,</span> 
     </span>
     <span class='ocr_line' id='line_1_4' title="bbox 291 371 1292 439; baseline -0.005 -15"><span class='ocrx_word' id='word_1_12' title='bbox 291 377 390 433; x_wconf 82' lang='lat' dir='ltr'>Qui</span> <span class='ocrx_word' id='word_1_13' title='bbox 418 382 612 424; x_wconf 89' lang='lat' dir='ltr'>nostras</span> <span class='ocrx_word' id='word_1_14' title='bbox 640 375 816 439; x_wconf 85' lang='lat' dir='ltr'>inopes</span> <span class='ocrx_word' id='word_1_15' title='bbox 843 373 1005 422; x_wconf 91' lang='lat' dir='ltr'>noluit</span> <span class='ocrx_word' id='word_1_16' title='bbox 1030 387 1144 421; x_wconf 90' lang='lat' dir='ltr'>esse</span> <span class='ocrx_word' id='word_1_17' title='bbox 1168 371 1292 420; x_wconf 88' lang='lat' dir='ltr'>vias.</span> 
     </span>
    </p>

    <p class='ocr_par' dir='ltr' id='par_1_4' title="bbox 224 448 1640 594">
     <span class='ocr_line' id='line_1_5' title="bbox 224 448 1640 519; baseline -0.004 -15"><span class='ocrx_word' id='word_1_18' title='bbox 224 455 357 504; x_wconf 88' lang='lat' dir='ltr'>Huic</span> <span class='ocrx_word' id='word_1_19' title='bbox 384 455 536 519; x_wconf 86' lang='lat' dir='ltr'>igitur</span> <span class='ocrx_word' id='word_1_20' title='bbox 561 453 766 502; x_wconf 87' lang='lat' dir='ltr'>meritas</span> <span class='ocrx_word' id='word_1_21' title='bbox 791 459 977 516; x_wconf 83' lang='lat' dir='ltr'><strong>grates,</strong></span> <span class='ocrx_word' id='word_1_22' title='bbox 1004 450 1300 513; x_wconf 91' lang='lat' dir='ltr'>ubicunque</span> <span class='ocrx_word' id='word_1_23' title='bbox 1323 448 1512 506; x_wconf 87' lang='lat' dir='ltr'><strong>licebit,</strong></span> <span class='ocrx_word' id='word_1_24' title='bbox 1572 451 1640 498; x_wconf 85' lang='lat'>25</span> 
     </span>
     <span class='ocr_line' id='line_1_6' title="bbox 291 533 1464 594; baseline -0.005 -14"><span class='ocrx_word' id='word_1_25' title='bbox 291 533 393 580; x_wconf 90' lang='lat' dir='ltr'>Pro</span> <span class='ocrx_word' id='word_1_26' title='bbox 419 541 522 580; x_wconf 89' lang='lat' dir='ltr'>tam</span> <span class='ocrx_word' id='word_1_27' title='bbox 547 539 814 579; x_wconf 90' lang='lat' dir='ltr'>mansueto</span> <span class='ocrx_word' id='word_1_28' title='bbox 841 536 1047 594; x_wconf 79' lang='lat' dir='ltr'>pectore</span> <span class='ocrx_word' id='word_1_29' title='bbox 1072 544 1274 593; x_wconf 86' lang='lat' dir='ltr'>semper</span> <span class='ocrx_word' id='word_1_30' title='bbox 1299 543 1464 591; x_wconf 84' lang='lat' dir='ltr'>agam.</span> 
     </span>
    </p>

    <p class='ocr_par' dir='ltr' id='par_1_5' title="bbox 224 603 1643 750">
     <span class='ocr_line' id='line_1_7' title="bbox 224 603 1643 671; baseline -0.005 -12"><span class='ocrx_word' id='word_1_31' title='bbox 224 611 413 659; x_wconf 90' lang='lat' dir='ltr'>Audiet</span> <span class='ocrx_word' id='word_1_32' title='bbox 437 611 545 658; x_wconf 77' lang='lat' dir='ltr'>haec</span> <span class='ocrx_word' id='word_1_33' title='bbox 574 610 770 661; x_wconf 90' lang='lat' dir='ltr'>Pontus</span> <span class='ocrx_word' id='word_1_34' title='bbox 792 626 802 657; x_wconf 91' lang='lat'><strong>:</strong></span> <span class='ocrx_word' id='word_1_35' title='bbox 842 608 996 656; x_wconf 88' lang='lat' dir='ltr'>faciat</span> <span class='ocrx_word' id='word_1_36' title='bbox 1020 622 1228 671; x_wconf 90' lang='lat' dir='ltr'>quoque</span> <span class='ocrx_word' id='word_1_37' title='bbox 1252 604 1463 654; x_wconf 84' lang='lat' dir='ltr'><strong>forsitan</strong></span> <span class='ocrx_word' id='word_1_38' title='bbox 1488 603 1643 661; x_wconf 89' lang='lat' dir='ltr'>idem,</span> 
     </span>
     <span class='ocr_line' id='line_1_8' title="bbox 291 682 1358 750; baseline -0.005 -15"><span class='ocrx_word' id='word_1_39' title='bbox 291 688 449 736; x_wconf 90' lang='lat' dir='ltr'>Terra</span> <span class='ocrx_word' id='word_1_40' title='bbox 475 687 540 734; x_wconf 87' lang='lat' dir='ltr'>sit</span> <span class='ocrx_word' id='word_1_41' title='bbox 563 694 619 734; x_wconf 89' lang='lat' dir='ltr'>ut</span> <span class='ocrx_word' id='word_1_42' title='bbox 643 686 846 750; x_wconf 89' lang='lat' dir='ltr'>propior</span> <span class='ocrx_word' id='word_1_43' title='bbox 871 684 1194 734; x_wconf 89' lang='lat' dir='ltr'>testificanda</span> <span class='ocrx_word' id='word_1_44' title='bbox 1218 682 1358 731; x_wconf 83' lang='lat' dir='ltr'>mihi.</span> 
     </span>
    </p>

    <p class='ocr_par' dir='ltr' id='par_1_6' title="bbox 225 763 1464 828">
     <span class='ocr_line' id='line_1_9' title="bbox 225 763 1464 828; baseline -0.005 -14"><span class='ocrx_word' id='word_1_45' title='bbox 225 765 295 814; x_wconf 90' lang='lat' dir='ltr'>At</span> <span class='ocrx_word' id='word_1_46' title='bbox 320 765 429 821; x_wconf 90' lang='lat' dir='ltr'>tibi,</span> <span class='ocrx_word' id='word_1_47' title='bbox 457 764 665 813; x_wconf 83' lang='lat' dir='ltr'>calcasti</span> <span class='ocrx_word' id='word_1_48' title='bbox 693 764 780 828; x_wconf 92' lang='lat' dir='ltr'>qui</span> <span class='ocrx_word' id='word_1_49' title='bbox 806 779 904 820; x_wconf 90' lang='lat' dir='ltr'>me,</span> <span class='ocrx_word' id='word_1_50' title='bbox 930 763 1166 819; x_wconf 81' lang='lat' dir='ltr'>violente,</span> <span class='ocrx_word' id='word_1_51' title='bbox 1188 764 1464 827; x_wconf 89' lang='lat' dir='ltr'>jacentem,</span> 
     </span>
    </p>
   </div>
   <div class='ocr_carea' id='block_1_4' title="bbox 295 839 1415 898">
    <p class='ocr_par' dir='ltr' id='par_1_7' title="bbox 295 839 1415 898">
     <span class='ocr_line' id='line_1_10' title="bbox 295 839 1415 898; baseline -0.004 -8"><span class='ocrx_word' id='word_1_52' title='bbox 295 842 590 898; x_wconf 80' lang='lat' dir='ltr'>Quamlibet</span> <span class='ocrx_word' id='word_1_53' title='bbox 614 849 666 889; x_wconf 91' lang='lat' dir='ltr'>et</span> <span class='ocrx_word' id='word_1_54' title='bbox 689 842 872 889; x_wconf 90' lang='lat' dir='ltr'>misero</span> <span class='ocrx_word' id='word_1_55' title='bbox 898 840 1100 889; x_wconf 88' lang='lat' dir='ltr'>debitus</span> <span class='ocrx_word' id='word_1_56' title='bbox 1126 839 1286 888; x_wconf 90' lang='lat' dir='ltr'>hostis</span> <span class='ocrx_word' id='word_1_57' title='bbox 1314 855 1415 887; x_wconf 91' lang='lat' dir='ltr'>ero.</span> 
     </span>
    </p>
   </div>
   <div class='ocr_carea' id='block_1_5' title="bbox 1578 839 1646 884">
    <p class='ocr_par' dir='ltr' id='par_1_8' title="bbox 1578 839 1646 884">
     <span class='ocr_line' id='line_1_11' title="bbox 1578 839 1646 884; baseline 0 0"><span class='ocrx_word' id='word_1_58' title='bbox 1578 839 1646 884; x_wconf 90' lang='lat'>30</span> 
     </span>
    </p>
   </div>
   <div class='ocr_carea' id='block_1_6' title="bbox 225 917 1602 1219">
    <p class='ocr_par' dir='ltr' id='par_1_9' title="bbox 225 917 1602 1219">
     <span class='ocr_line' id='line_1_12' title="bbox 228 917 1498 983; baseline -0.005 -15"><span class='ocrx_word' id='word_1_59' title='bbox 228 920 443 968; x_wconf 86' lang='lat' dir='ltr'>Desinet</span> <span class='ocrx_word' id='word_1_60' title='bbox 469 934 582 967; x_wconf 89' lang='lat' dir='ltr'>esse</span> <span class='ocrx_word' id='word_1_61' title='bbox 609 918 1050 983; x_wconf 13' lang='lat' dir='ltr'>priustcontrarius</span> <span class='ocrx_word' id='word_1_62' title='bbox 1076 917 1274 982; x_wconf 84' lang='lat' dir='ltr'>ignibus</span> <span class='ocrx_word' id='word_1_63' title='bbox 1301 917 1498 972; x_wconf 90' lang='lat' dir='ltr'>humor,</span> 
     </span>
     <span class='ocr_line' id='line_1_13' title="bbox 291 995 1474 1062; baseline -0.004 -16"><span class='ocrx_word' id='word_1_64' title='bbox 291 998 322 1046; x_wconf 92' lang='lat' dir='ltr'><strong>J</strong></span> <span class='ocrx_word' id='word_1_65' title='bbox 328 1006 583 1062; x_wconf 89' lang='lat' dir='ltr'>unctaque</span> <span class='ocrx_word' id='word_1_66' title='bbox 608 1013 724 1045; x_wconf 90' lang='lat' dir='ltr'>cum</span> <span class='ocrx_word' id='word_1_67' title='bbox 753 995 896 1045; x_wconf 90' lang='lat' dir='ltr'>Luna</span> <span class='ocrx_word' id='word_1_68' title='bbox 919 996 1112 1044; x_wconf 88' lang='lat' dir='ltr'>lumina</span> <span class='ocrx_word' id='word_1_69' title='bbox 1138 995 1270 1044; x_wconf 87' lang='lat' dir='ltr'>Solis</span> <span class='ocrx_word' id='word_1_70' title='bbox 1297 1000 1474 1053; x_wconf 89' lang='lat' dir='ltr'>erunt;</span> 
     </span>
     <span class='ocr_line' id='line_1_14' title="bbox 225 1070 1602 1141; baseline -0.003 -18"><span class='ocrx_word' id='word_1_71' title='bbox 225 1076 459 1141; x_wconf 82' lang='lat' dir='ltr'>Parsque</span> <span class='ocrx_word' id='word_1_72' title='bbox 486 1076 666 1124; x_wconf 89' lang='lat' dir='ltr'>eadem</span> <span class='ocrx_word' id='word_1_73' title='bbox 691 1075 806 1124; x_wconf 87' lang='lat' dir='ltr'>coeli</span> <span class='ocrx_word' id='word_1_74' title='bbox 831 1076 1094 1140; x_wconf 88' lang='lat' dir='ltr'>Zephyros</span> <span class='ocrx_word' id='word_1_75' title='bbox 1120 1074 1319 1123; x_wconf 90' lang='lat' dir='ltr'>emittet</span> <span class='ocrx_word' id='word_1_76' title='bbox 1342 1080 1394 1122; x_wconf 89' lang='lat' dir='ltr'>et</span> <span class='ocrx_word' id='word_1_77' title='bbox 1419 1070 1602 1127; x_wconf 79' lang='lat' dir='ltr'>EurOS,</span> 
     </span>
     <span class='ocr_line' id='line_1_15' title="bbox 294 1151 1381 1219; baseline -0.004 -16"><span class='ocrx_word' id='word_1_78' title='bbox 294 1154 361 1203; x_wconf 84' lang='lat' dir='ltr'>Et</span> <span class='ocrx_word' id='word_1_79' title='bbox 380 1154 584 1219; x_wconf 90' lang='lat' dir='ltr'>tepidus</span> <span class='ocrx_word' id='word_1_80' title='bbox 609 1153 778 1216; x_wconf 84' lang='lat' dir='ltr'>gelido</span> <span class='ocrx_word' id='word_1_81' title='bbox 804 1153 946 1202; x_wconf 88' lang='lat' dir='ltr'>flabit</span> <span class='ocrx_word' id='word_1_82' title='bbox 971 1153 1035 1201; x_wconf 88' lang='lat' dir='ltr'>ab</span> <span class='ocrx_word' id='word_1_83' title='bbox 1061 1169 1157 1201; x_wconf 88' lang='lat' dir='ltr'>axe</span> <span class='ocrx_word' id='word_1_84' title='bbox 1184 1151 1381 1209; x_wconf 89' lang='lat' dir='ltr'>Notus;</span> 
     </span>
    </p>
   </div>
   <div class='ocr_carea' id='block_1_7' title="bbox 226 1390 909 2756">
    <p class='ocr_par' dir='ltr' id='par_1_10' title="bbox 226 1390 905 1875">
     <span class='ocr_line' id='line_1_16' title="bbox 226 1390 903 1433; baseline 0 -11"><span class='ocrx_word' id='word_1_85' title='bbox 226 1390 319 1432; x_wconf 82' lang='lat' dir='ltr'>gibus</span> <span class='ocrx_word' id='word_1_86' title='bbox 343 1397 488 1422; x_wconf 83' lang='lat' dir='ltr'>coactos:</span> <span class='ocrx_word' id='word_1_87' title='bbox 516 1390 638 1421; x_wconf 85' lang='lat' dir='ltr'>Graecis</span> <span class='ocrx_word' id='word_1_88' title='bbox 662 1390 756 1431; x_wconf 80' lang='grc' dir='ltr'>νόμοι</span> <span class='ocrx_word' id='word_1_89' title='bbox 781 1391 903 1433; x_wconf 83' lang='grc' dir='ltr'>πελαρ-</span> 
     </span>
     <span class='ocr_line' id='line_1_17' title="bbox 227 1439 902 1482; baseline 0 -11"><span class='ocrx_word' id='word_1_90' title='bbox 227 1441 312 1482; x_wconf 68' lang='lat' dir='ltr'>yut-ol</span> <span class='ocrx_word' id='word_1_91' title='bbox 336 1439 548 1482; x_wconf 81' lang='lat' dir='ltr'>adpellantur.</span> <span class='ocrx_word' id='word_1_92' title='bbox 593 1440 711 1470; x_wconf 87' lang='lat' dir='ltr'>Sensus</span> <span class='ocrx_word' id='word_1_93' title='bbox 735 1444 801 1470; x_wconf 83' lang='lat' dir='ltr'>est:</span> <span class='ocrx_word' id='word_1_94' title='bbox 833 1439 902 1476; x_wconf 84' lang='lat' dir='ltr'>ille,</span> 
     </span>
     <span class='ocr_line' id='line_1_18' title="bbox 231 1488 904 1531; baseline 0 -11"><span class='ocrx_word' id='word_1_95' title='bbox 231 1488 375 1531; x_wconf 90' lang='lat' dir='ltr'>quisquis</span> <span class='ocrx_word' id='word_1_96' title='bbox 390 1495 448 1526; x_wconf 82' lang='lat' dir='ltr'>est,</span> <span class='ocrx_word' id='word_1_97' title='bbox 459 1488 558 1520; x_wconf 82' lang='lat' dir='ltr'>hostis</span> <span class='ocrx_word' id='word_1_98' title='bbox 573 1488 757 1525; x_wconf 82' lang='lat' dir='ltr'>acerrimus,</span> <span class='ocrx_word' id='word_1_99' title='bbox 773 1494 904 1520; x_wconf 85' lang='lat' dir='ltr'>conatur</span> 
     </span>
     <span class='ocr_line' id='line_1_19' title="bbox 227 1537 905 1579; baseline -0.001 -9"><span class='ocrx_word' id='word_1_100' title='bbox 227 1544 258 1570; x_wconf 88' lang='lat' dir='ltr'>et</span> <span class='ocrx_word' id='word_1_101' title='bbox 281 1539 369 1569; x_wconf 87' lang='lat' dir='ltr'>uxori</span> <span class='ocrx_word' id='word_1_102' title='bbox 391 1543 422 1568; x_wconf 85' lang='lat' dir='ltr'>et</span> <span class='ocrx_word' id='word_1_103' title='bbox 443 1537 550 1569; x_wconf 88' lang='lat' dir='ltr'>liberis</span> <span class='ocrx_word' id='word_1_104' title='bbox 571 1538 654 1568; x_wconf 84' lang='lat' dir='ltr'>bona</span> <span class='ocrx_word' id='word_1_105' title='bbox 674 1537 825 1574; x_wconf 84' lang='lat' dir='ltr'>adimere,</span> <span class='ocrx_word' id='word_1_106' title='bbox 841 1548 905 1579; x_wconf 90' lang='lat' dir='ltr'>quo</span> 
     </span>
     <span class='ocr_line' id='line_1_20' title="bbox 227 1587 903 1623; baseline 0.001 -6"><span class='ocrx_word' id='word_1_107' title='bbox 227 1587 306 1619; x_wconf 91' lang='lat' dir='ltr'>mihi</span> <span class='ocrx_word' id='word_1_108' title='bbox 318 1593 414 1619; x_wconf 84' lang='lat' dir='ltr'>aetate</span> <span class='ocrx_word' id='word_1_109' title='bbox 429 1587 540 1623; x_wconf 83' lang='lat' dir='ltr'>fracto,</span> <span class='ocrx_word' id='word_1_110' title='bbox 550 1592 582 1617; x_wconf 87' lang='lat' dir='ltr'>et</span> <span class='ocrx_word' id='word_1_111' title='bbox 592 1587 624 1617; x_wconf 89' lang='lat' dir='ltr'>in</span> <span class='ocrx_word' id='word_1_112' title='bbox 638 1592 796 1618; x_wconf 81' lang='lat' dir='ltr'>extremas</span> <span class='ocrx_word' id='word_1_113' title='bbox 808 1587 903 1618; x_wconf 86' lang='lat' dir='ltr'>Ponti</span> 
     </span>
     <span class='ocr_line' id='line_1_21' title="bbox 227 1636 903 1679; baseline 0 -11"><span class='ocrx_word' id='word_1_114' title='bbox 227 1647 297 1668; x_wconf 88' lang='lat' dir='ltr'>oras</span> <span class='ocrx_word' id='word_1_115' title='bbox 320 1637 434 1679; x_wconf 88' lang='lat' dir='ltr'>ejecto,</span> <span class='ocrx_word' id='word_1_116' title='bbox 450 1636 602 1667; x_wconf 85' lang='lat' dir='ltr'>alimenta</span> <span class='ocrx_word' id='word_1_117' title='bbox 624 1636 827 1678; x_wconf 79' lang='lat' dir='ltr'>suppeditare</span> <span class='ocrx_word' id='word_1_118' title='bbox 849 1647 903 1668; x_wconf 87' lang='lat' dir='ltr'>ne-</span> 
     </span>
     <span class='ocr_line' id='line_1_22' title="bbox 228 1685 902 1728; baseline 0.003 -12"><span class='ocrx_word' id='word_1_119' title='bbox 228 1693 359 1727; x_wconf 84' lang='lat' dir='ltr'>queant.</span> <span class='ocrx_word' id='word_1_120' title='bbox 397 1685 500 1718; x_wconf 86' lang='lat' dir='ltr'>Recte</span> <span class='ocrx_word' id='word_1_121' title='bbox 512 1686 674 1728; x_wconf 76' lang='lat' dir='ltr'>prqfugam</span> <span class='ocrx_word' id='word_1_122' title='bbox 689 1693 836 1717; x_wconf 77' lang='lat' dir='ltr'>senectam</span> <span class='ocrx_word' id='word_1_123' title='bbox 847 1697 902 1718; x_wconf 90' lang='lat' dir='ltr'>vo-</span> 
     </span>
     <span class='ocr_line' id='line_1_23' title="bbox 228 1735 904 1778; baseline 0 -11"><span class='ocrx_word' id='word_1_124' title='bbox 228 1742 292 1773; x_wconf 86' lang='lat' dir='ltr'>cat,</span> <span class='ocrx_word' id='word_1_125' title='bbox 317 1736 403 1778; x_wconf 90' lang='lat' dir='ltr'>quod</span> <span class='ocrx_word' id='word_1_126' title='bbox 428 1736 535 1778; x_wconf 86' lang='lat' dir='ltr'>procul</span> <span class='ocrx_word' id='word_1_127' title='bbox 565 1746 582 1767; x_wconf 88' lang='lat' dir='ltr'>a</span> <span class='ocrx_word' id='word_1_128' title='bbox 610 1736 725 1767; x_wconf 85' lang='lat' dir='ltr'>finibus</span> <span class='ocrx_word' id='word_1_129' title='bbox 748 1735 904 1768; x_wconf 84' lang='lat' dir='ltr'>Romanis</span> 
     </span>
     <span class='ocr_line' id='line_1_24' title="bbox 226 1785 903 1828; baseline 0.001 -12"><span class='ocrx_word' id='word_1_130' title='bbox 226 1786 347 1827; x_wconf 89' lang='lat' dir='ltr'>pulsus,</span> <span class='ocrx_word' id='word_1_131' title='bbox 364 1785 449 1828; x_wconf 85' lang='lat' dir='ltr'>apud</span> <span class='ocrx_word' id='word_1_132' title='bbox 464 1786 607 1817; x_wconf 83' lang='lat' dir='ltr'>Tomitas</span> <span class='ocrx_word' id='word_1_133' title='bbox 621 1795 784 1817; x_wconf 86' lang='lat' dir='ltr'>senescere</span> <span class='ocrx_word' id='word_1_134' title='bbox 801 1785 903 1827; x_wconf 84' lang='lat' dir='ltr'>inglo-</span> 
     </span>
     <span class='ocr_line' id='line_1_25' title="bbox 228 1833 629 1875; baseline -0.002 -9"><span class='ocrx_word' id='word_1_135' title='bbox 228 1833 292 1866; x_wconf 86' lang='lat' dir='ltr'>rius</span> <span class='ocrx_word' id='word_1_136' title='bbox 307 1841 449 1875; x_wconf 80' lang='lat' dir='ltr'>cogatur.</span> <span class='ocrx_word' id='word_1_137' title='bbox 488 1834 629 1866; x_wconf 67' lang='lat' dir='ltr'>Dtssm„</span> 
     </span>
    </p>

    <p class='ocr_par' dir='ltr' id='par_1_11' title="bbox 226 1883 909 2657">
     <span class='ocr_line' id='line_1_26' title="bbox 274 1883 902 1926; baseline 0.002 -11"><span class='ocrx_word' id='word_1_138' title='bbox 274 1886 327 1916; x_wconf 87' lang='lat'>23.</span> <span class='ocrx_word' id='word_1_139' title='bbox 354 1885 398 1915; x_wconf 75' lang='lat' dir='ltr'>Di</span> <span class='ocrx_word' id='word_1_140' title='bbox 423 1885 565 1926; x_wconf 77' lang='lat' dir='ltr'>meliusl]</span> <span class='ocrx_word' id='word_1_141' title='bbox 594 1885 681 1916; x_wconf 77' lang='lat' dir='ltr'>Nota</span> <span class='ocrx_word' id='word_1_142' title='bbox 705 1883 817 1926; x_wconf 74' lang='lat' dir='ltr'>priscis</span> <span class='ocrx_word' id='word_1_143' title='bbox 841 1885 902 1916; x_wconf 80' lang='lat' dir='ltr'>sor-</span> 
     </span>
     <span class='ocr_line' id='line_1_27' title="bbox 230 1933 907 1976; baseline 0.003 -12"><span class='ocrx_word' id='word_1_144' title='bbox 230 1934 339 1973; x_wconf 87' lang='lat' dir='ltr'>mula;</span> <span class='ocrx_word' id='word_1_145' title='bbox 370 1934 459 1976; x_wconf 83' lang='lat' dir='ltr'>Virg.</span> <span class='ocrx_word' id='word_1_146' title='bbox 485 1934 526 1966; x_wconf 88' lang='lat' dir='ltr'>G.</span> <span class='ocrx_word' id='word_1_147' title='bbox 549 1933 594 1965; x_wconf 89' lang='lat' dir='ltr'>iii.</span> <span class='ocrx_word' id='word_1_148' title='bbox 617 1935 692 1965; x_wconf 88' lang='grc'><strong>513.</strong></span> <span class='ocrx_word' id='word_1_149' title='bbox 715 1934 758 1964; x_wconf 73' lang='lat' dir='ltr'>Di</span> <span class='ocrx_word' id='word_1_150' title='bbox 783 1935 907 1966; x_wconf 84' lang='lat' dir='ltr'>meliora</span> 
     </span>
     <span class='ocr_line' id='line_1_28' title="bbox 226 1984 905 2024; baseline 0 -9"><span class='ocrx_word' id='word_1_151' title='bbox 226 1986 308 2024; x_wconf 80' lang='lat' dir='ltr'>piis;</span> <span class='ocrx_word' id='word_1_152' title='bbox 342 1984 440 2015; x_wconf 87' lang='lat' dir='ltr'>Ovid.</span> <span class='ocrx_word' id='word_1_153' title='bbox 460 1985 545 2015; x_wconf 87' lang='lat' dir='ltr'>Met.</span> <span class='ocrx_word' id='word_1_154' title='bbox 562 1984 615 2015; x_wconf 91' lang='lat' dir='ltr'>vii.</span> <span class='ocrx_word' id='word_1_155' title='bbox 638 1985 691 2015; x_wconf 87' lang='lat'>37.</span> <span class='ocrx_word' id='word_1_156' title='bbox 710 1984 753 2014; x_wconf 63' lang='lat' dir='ltr'>Di</span> <span class='ocrx_word' id='word_1_157' title='bbox 780 1985 905 2015; x_wconf 83' lang='lat' dir='ltr'>meliora</span> 
     </span>
     <span class='ocr_line' id='line_1_29' title="bbox 228 2035 907 2075; baseline 0.001 -10"><span class='ocrx_word' id='word_1_158' title='bbox 228 2036 340 2065; x_wconf 77' lang='lat' dir='ltr'>velint.</span> <span class='ocrx_word' id='word_1_159' title='bbox 390 2035 527 2069; x_wconf 74' lang='lat' dir='ltr'>Quorum</span> <span class='ocrx_word' id='word_1_160' title='bbox 555 2036 642 2075; x_wconf 79' lang='lat' dir='ltr'>longe</span> <span class='ocrx_word' id='word_1_161' title='bbox 663 2035 738 2064; x_wconf 82' lang='lat' dir='ltr'>mihi</span> <span class='ocrx_word' id='word_1_162' title='bbox 760 2036 907 2066; x_wconf 67' lang='lat' dir='ltr'>maximus</span> 
     </span>
     <span class='ocr_line' id='line_1_30' title="bbox 230 2082 908 2125; baseline 0.003 -12"><span class='ocrx_word' id='word_1_163' title='bbox 230 2084 295 2114; x_wconf 79' lang='lat' dir='ltr'>ille.</span> <span class='ocrx_word' id='word_1_164' title='bbox 330 2084 511 2124; x_wconf 83' lang='lat' dir='ltr'>Augustum</span> <span class='ocrx_word' id='word_1_165' title='bbox 525 2082 685 2125; x_wconf 87' lang='lat' dir='ltr'>intelligit,</span> <span class='ocrx_word' id='word_1_166' title='bbox 702 2094 796 2125; x_wconf 84' lang='lat' dir='ltr'>quem</span> <span class='ocrx_word' id='word_1_167' title='bbox 813 2084 908 2115; x_wconf 84' lang='lat' dir='ltr'>Trist.</span> 
     </span>
     <span class='ocr_line' id='line_1_31' title="bbox 230 2132 907 2174; baseline 0.003 -11"><span class='ocrx_word' id='word_1_168' title='bbox 230 2132 263 2164; x_wconf 84' lang='lat' dir='ltr'>ii.</span> <span class='ocrx_word' id='word_1_169' title='bbox 279 2134 332 2164; x_wconf 88' lang='lat'>54.</span> <span class='ocrx_word' id='word_1_170' title='bbox 345 2141 519 2173; x_wconf 75' lang='lat' dir='ltr'>praesentem</span> <span class='ocrx_word' id='word_1_171' title='bbox 539 2136 790 2174; x_wconf 80' lang='lat' dir='ltr'>conspicuumque</span> <span class='ocrx_word' id='word_1_172' title='bbox 807 2134 907 2165; x_wconf 84' lang='lat' dir='ltr'>Deum</span> 
     </span>
     <span class='ocr_line' id='line_1_32' title="bbox 231 2182 906 2226; baseline 0.003 -13"><span class='ocrx_word' id='word_1_173' title='bbox 231 2182 384 2225; x_wconf 81' lang='lat' dir='ltr'>adpellat.</span> <span class='ocrx_word' id='word_1_174' title='bbox 431 2183 525 2221; x_wconf 81' lang='lat' dir='ltr'>Quod</span> <span class='ocrx_word' id='word_1_175' title='bbox 541 2195 614 2215; x_wconf 89' lang='lat' dir='ltr'>vero</span> <span class='ocrx_word' id='word_1_176' title='bbox 629 2184 794 2226; x_wconf 85' lang='lat' dir='ltr'>Augustus</span> <span class='ocrx_word' id='word_1_177' title='bbox 807 2190 906 2226; x_wconf 86' lang='lat' dir='ltr'>poetae</span> 
     </span>
     <span class='ocr_line' id='line_1_33' title="bbox 232 2232 906 2275; baseline 0.003 -12"><span class='ocrx_word' id='word_1_178' title='bbox 232 2238 337 2263; x_wconf 86' lang='lat' dir='ltr'>nostro</span> <span class='ocrx_word' id='word_1_179' title='bbox 370 2233 451 2264; x_wconf 87' lang='lat' dir='ltr'>bona</span> <span class='ocrx_word' id='word_1_180' title='bbox 485 2233 615 2264; x_wconf 90' lang='lat' dir='ltr'>minime</span> <span class='ocrx_word' id='word_1_181' title='bbox 648 2233 810 2269; x_wconf 86' lang='lat' dir='ltr'>ademerit,</span> <span class='ocrx_word' id='word_1_182' title='bbox 840 2232 906 2275; x_wconf 85' lang='lat' dir='ltr'>ipse</span> 
     </span>
     <span class='ocr_line' id='line_1_34' title="bbox 232 2281 905 2324; baseline 0.001 -12"><span class='ocrx_word' id='word_1_183' title='bbox 232 2281 359 2312; x_wconf 86' lang='lat' dir='ltr'>abunde</span> <span class='ocrx_word' id='word_1_184' title='bbox 377 2281 465 2312; x_wconf 80' lang='lat' dir='ltr'>testis</span> <span class='ocrx_word' id='word_1_185' title='bbox 479 2288 546 2321; x_wconf 87' lang='lat' dir='ltr'>est;</span> <span class='ocrx_word' id='word_1_186' title='bbox 569 2287 590 2299; x_wconf 83' lang='lat'>‘¹</span> <span class='ocrx_word' id='word_1_187' title='bbox 608 2282 711 2324; x_wconf 87' lang='lat' dir='ltr'>quue</span> <span class='ocrx_word' id='word_1_188' title='bbox 729 2283 818 2313; x_wconf 88' lang='lat' dir='ltr'>Deus</span> <span class='ocrx_word' id='word_1_189' title='bbox 832 2293 905 2314; x_wconf 88' lang='lat' dir='ltr'>sen-</span> 
     </span>
     <span class='ocr_line' id='line_1_35' title="bbox 230 2330 904 2374; baseline 0.003 -14"><span class='ocrx_word' id='word_1_190' title='bbox 230 2330 280 2367; x_wconf 83' lang='lat' dir='ltr'>tit,</span> <span class='ocrx_word' id='word_1_191' title='bbox 294 2341 348 2373; x_wconf 94' lang='lat' dir='ltr'>pro</span> <span class='ocrx_word' id='word_1_192' title='bbox 365 2341 427 2372; x_wconf 79' lang='lat' dir='ltr'>quo</span> <span class='ocrx_word' id='word_1_193' title='bbox 444 2342 500 2363; x_wconf 91' lang='lat' dir='ltr'>nec</span> <span class='ocrx_word' id='word_1_194' title='bbox 518 2332 626 2363; x_wconf 91' lang='lat' dir='ltr'>lumen</span> <span class='ocrx_word' id='word_1_195' title='bbox 642 2331 826 2374; x_wconf 87' lang='lat' dir='ltr'>ademptum</span> <span class='ocrx_word' id='word_1_196' title='bbox 841 2338 904 2364; x_wconf 89' lang='lat' dir='ltr'>est:</span> 
     </span>
     <span class='ocr_line' id='line_1_36' title="bbox 232 2379 907 2422; baseline 0.004 -13"><span class='ocrx_word' id='word_1_197' title='bbox 232 2379 304 2410; x_wconf 90' lang='lat' dir='ltr'>Nec</span> <span class='ocrx_word' id='word_1_198' title='bbox 341 2379 417 2410; x_wconf 87' lang='lat' dir='ltr'>mihi</span> <span class='ocrx_word' id='word_1_199' title='bbox 455 2380 615 2412; x_wconf 78' lang='lat' dir='ltr'>detractas</span> <span class='ocrx_word' id='word_1_200' title='bbox 653 2381 793 2422; x_wconf 88' lang='lat' dir='ltr'>possidet</span> <span class='ocrx_word' id='word_1_201' title='bbox 827 2381 907 2412; x_wconf 84' lang='lat' dir='ltr'>alter</span> 
     </span>
     <span class='ocr_line' id='line_1_37' title="bbox 231 2429 906 2472; baseline 0.003 -13"><span class='ocrx_word' id='word_1_202' title='bbox 231 2429 345 2471; x_wconf 86' lang='lat' dir='ltr'>opes.&#39;’</span> <span class='ocrx_word' id='word_1_203' title='bbox 392 2429 612 2471; x_wconf 81' lang='lat' dir='ltr'>Relegationis</span> <span class='ocrx_word' id='word_1_204' title='bbox 632 2430 822 2461; x_wconf 81' lang='lat' dir='ltr'>beneficium</span> <span class='ocrx_word' id='word_1_205' title='bbox 843 2431 906 2472; x_wconf 86' lang='lat' dir='ltr'>sig—</span> 
     </span>
     <span class='ocr_line' id='line_1_38' title="bbox 233 2478 908 2522; baseline 0.003 -14"><span class='ocrx_word' id='word_1_206' title='bbox 233 2478 352 2515; x_wconf 86' lang='lat' dir='ltr'>nificat,</span> <span class='ocrx_word' id='word_1_207' title='bbox 369 2478 409 2509; x_wconf 86' lang='lat' dir='ltr'>ab</span> <span class='ocrx_word' id='word_1_208' title='bbox 435 2479 580 2520; x_wconf 80' lang='lat' dir='ltr'>Augusto</span> <span class='ocrx_word' id='word_1_209' title='bbox 608 2486 795 2522; x_wconf 84' lang='lat' dir='ltr'>acceptum:</span> <span class='ocrx_word' id='word_1_210' title='bbox 828 2479 908 2511; x_wconf 81' lang='lat' dir='ltr'>alias</span> 
     </span>
     <span class='ocr_line' id='line_1_39' title="bbox 233 2527 909 2570; baseline 0.004 -13"><span class='ocrx_word' id='word_1_211' title='bbox 233 2537 352 2564; x_wconf 88' lang='lat' dir='ltr'>eorum,</span> <span class='ocrx_word' id='word_1_212' title='bbox 378 2527 432 2570; x_wconf 88' lang='lat' dir='ltr'>qui</span> <span class='ocrx_word' id='word_1_213' title='bbox 459 2528 570 2560; x_wconf 81' lang='lat' dir='ltr'>exsilio</span> <span class='ocrx_word' id='word_1_214' title='bbox 597 2535 686 2560; x_wconf 85' lang='lat' dir='ltr'>erant</span> <span class='ocrx_word' id='word_1_215' title='bbox 711 2529 852 2560; x_wconf 84' lang='lat' dir='ltr'>damnati</span> <span class='ocrx_word' id='word_1_216' title='bbox 877 2536 909 2560; x_wconf 87' lang='lat' dir='ltr'>et</span> 
     </span>
     <span class='ocr_line' id='line_1_40' title="bbox 234 2575 906 2621; baseline 0.003 -14"><span class='ocrx_word' id='word_1_217' title='bbox 234 2575 402 2619; x_wconf 86' lang='lat' dir='ltr'>deportati,</span> <span class='ocrx_word' id='word_1_218' title='bbox 419 2578 504 2609; x_wconf 81' lang='lat' dir='ltr'>bona</span> <span class='ocrx_word' id='word_1_219' title='bbox 522 2578 778 2621; x_wconf 80' lang='lat' dir='ltr'>publicabuntur.</span> <span class='ocrx_word' id='word_1_220' title='bbox 821 2578 906 2609; x_wconf 76' lang='lat' dir='ltr'>Di-:s-</span> 
     </span>
     <span class='ocr_line' id='line_1_41' title="bbox 239 2638 308 2657; baseline 0 0"><span class='ocrx_word' id='word_1_221' title='bbox 239 2638 308 2657; x_wconf 60' lang='lat' dir='ltr'>sm..</span> 
     </span>
    </p>

    <p class='ocr_par' dir='ltr' id='par_1_12' title="bbox 237 2676 905 2756">
     <span class='ocr_line' id='line_1_42' title="bbox 279 2676 905 2718; baseline 0.002 -12"><span class='ocrx_word' id='word_1_222' title='bbox 279 2676 332 2706; x_wconf 80' lang='lat'>24.</span> <span class='ocrx_word' id='word_1_223' title='bbox 366 2677 468 2717; x_wconf 79' lang='lat' dir='ltr'>Inopes</span> <span class='ocrx_word' id='word_1_224' title='bbox 501 2677 590 2718; x_wconf 49' lang='grc' dir='ltr'>νέαι]</span> <span class='ocrx_word' id='word_1_225' title='bbox 631 2676 792 2708; x_wconf 67' lang='lat' dir='ltr'>Viaticum</span> <span class='ocrx_word' id='word_1_226' title='bbox 824 2677 905 2708; x_wconf 78' lang='lat' dir='ltr'>enini</span> 
     </span>
     <span class='ocr_line' id='line_1_43' title="bbox 237 2724 457 2756; baseline 0.014 -3"><span class='ocrx_word' id='word_1_227' title='bbox 237 2724 335 2756; x_wconf 79' lang='lat' dir='ltr'>dedit.</span> <span class='ocrx_word' id='word_1_228' title='bbox 374 2726 457 2756; x_wconf 67' lang='lat' dir='ltr'>zm.</span> 
     </span>
    </p>
   </div>
   <div class='ocr_carea' id='block_1_8' title="bbox 969 1385 1653 2722">
    <p class='ocr_par' dir='ltr' id='par_1_13' title="bbox 969 1385 1652 2126">
     <span class='ocr_line' id='line_1_44' title="bbox 1018 1385 1646 1428; baseline -0.006 -7"><span class='ocrx_word' id='word_1_229' title='bbox 1018 1391 1070 1421; x_wconf 86' lang='lat'>27.</span> <span class='ocrx_word' id='word_1_230' title='bbox 1096 1392 1209 1421; x_wconf 79' lang='lat' dir='ltr'>Audiet</span> <span class='ocrx_word' id='word_1_231' title='bbox 1234 1391 1295 1420; x_wconf 82' lang='lat' dir='ltr'>haec</span> <span class='ocrx_word' id='word_1_232' title='bbox 1313 1388 1442 1424; x_wconf 69' lang='lat' dir='ltr'>Pontus,</span> <span class='ocrx_word' id='word_1_233' title='bbox 1458 1385 1541 1428; x_wconf 85' lang='lat' dir='ltr'>etc.]</span> <span class='ocrx_word' id='word_1_234' title='bbox 1568 1386 1646 1418; x_wconf 87' lang='lat' dir='ltr'>Sen-</span> 
     </span>
     <span class='ocr_line' id='line_1_45' title="bbox 973 1435 1647 1475; baseline -0.007 -3"><span class='ocrx_word' id='word_1_235' title='bbox 973 1451 1026 1473; x_wconf 88' lang='lat' dir='ltr'>sus</span> <span class='ocrx_word' id='word_1_236' title='bbox 1047 1446 1112 1471; x_wconf 88' lang='lat' dir='ltr'>est:</span> <span class='ocrx_word' id='word_1_237' title='bbox 1139 1439 1260 1470; x_wconf 88' lang='lat' dir='ltr'>Audiet</span> <span class='ocrx_word' id='word_1_238' title='bbox 1279 1439 1345 1475; x_wconf 83' lang='lat' dir='ltr'>hoc,</span> <span class='ocrx_word' id='word_1_239' title='bbox 1357 1437 1424 1470; x_wconf 87' lang='lat' dir='ltr'>sive</span> <span class='ocrx_word' id='word_1_240' title='bbox 1446 1438 1518 1474; x_wconf 82' lang='lat' dir='ltr'>haec,</span> <span class='ocrx_word' id='word_1_241' title='bbox 1532 1435 1566 1467; x_wconf 93' lang='lat' dir='ltr'>id</span> <span class='ocrx_word' id='word_1_242' title='bbox 1587 1441 1647 1472; x_wconf 86' lang='lat' dir='ltr'>est.</span> 
     </span>
     <span class='ocr_line' id='line_1_46' title="bbox 972 1487 1649 1531; baseline -0.006 -11"><span class='ocrx_word' id='word_1_243' title='bbox 972 1489 1145 1531; x_wconf 85' lang='lat' dir='ltr'>gratiarum</span> <span class='ocrx_word' id='word_1_244' title='bbox 1172 1487 1331 1519; x_wconf 85' lang='lat' dir='ltr'>actionem</span> <span class='ocrx_word' id='word_1_245' title='bbox 1357 1497 1484 1526; x_wconf 81' lang='lat' dir='ltr'>meam3</span> <span class='ocrx_word' id='word_1_246' title='bbox 1511 1491 1544 1517; x_wconf 84' lang='lat' dir='ltr'>et</span> <span class='ocrx_word' id='word_1_247' title='bbox 1567 1487 1649 1516; x_wconf 82' lang='lat' dir='ltr'>idem</span> 
     </span>
     <span class='ocr_line' id='line_1_47' title="bbox 973 1536 1648 1579; baseline -0.007 -8"><span class='ocrx_word' id='word_1_248' title='bbox 973 1540 1041 1571; x_wconf 90' lang='lat' dir='ltr'>scil.</span> <span class='ocrx_word' id='word_1_249' title='bbox 1066 1539 1174 1571; x_wconf 87' lang='lat' dir='ltr'>Caesar</span> <span class='ocrx_word' id='word_1_250' title='bbox 1200 1536 1339 1569; x_wconf 81' lang='lat' dir='ltr'>fortassis</span> <span class='ocrx_word' id='word_1_251' title='bbox 1356 1537 1474 1579; x_wconf 72' lang='lat' dir='ltr'>faciet,</span> <span class='ocrx_word' id='word_1_252' title='bbox 1498 1542 1536 1567; x_wconf 77' lang='lat' dir='ltr'>ut</span> <span class='ocrx_word' id='word_1_253' title='bbox 1563 1542 1648 1567; x_wconf 77' lang='lat' dir='ltr'>terra</span> 
     </span>
     <span class='ocr_line' id='line_1_48' title="bbox 969 1585 1652 1630; baseline -0.006 -10"><span class='ocrx_word' id='word_1_254' title='bbox 969 1591 1093 1630; x_wconf 83' lang='lat' dir='ltr'>propior</span> <span class='ocrx_word' id='word_1_255' title='bbox 1117 1591 1156 1620; x_wconf 79' lang='lat' dir='ltr'>sit</span> <span class='ocrx_word' id='word_1_256' title='bbox 1179 1589 1253 1619; x_wconf 81' lang='lat' dir='ltr'><strong><em>mihi</em></strong></span> <span class='ocrx_word' id='word_1_257' title='bbox 1277 1588 1482 1629; x_wconf 71' lang='lat' dir='ltr'>testificanda,</span> <span class='ocrx_word' id='word_1_258' title='bbox 1502 1585 1564 1617; x_wconf 87' lang='lat' dir='ltr'>hoc</span> <span class='ocrx_word' id='word_1_259' title='bbox 1589 1590 1652 1625; x_wconf 85' lang='lat' dir='ltr'>est,</span> 
     </span>
     <span class='ocr_line' id='line_1_49' title="bbox 972 1634 1649 1678; baseline -0.007 -8"><span class='ocrx_word' id='word_1_260' title='bbox 972 1638 1063 1670; x_wconf 85' lang='lat' dir='ltr'>testis</span> <span class='ocrx_word' id='word_1_261' title='bbox 1084 1637 1225 1674; x_wconf 88' lang='lat' dir='ltr'>citanda,</span> <span class='ocrx_word' id='word_1_262' title='bbox 1241 1647 1321 1668; x_wconf 85' lang='lat' dir='ltr'>meae</span> <span class='ocrx_word' id='word_1_263' title='bbox 1344 1646 1421 1678; x_wconf 86' lang='lat' dir='ltr'>erga</span> <span class='ocrx_word' id='word_1_264' title='bbox 1438 1635 1530 1667; x_wconf 89' lang='lat' dir='ltr'>illum</span> <span class='ocrx_word' id='word_1_265' title='bbox 1551 1634 1649 1677; x_wconf 84' lang='lat' dir='ltr'>grati-</span> 
     </span>
     <span class='ocr_line' id='line_1_50' title="bbox 972 1684 1647 1729; baseline -0.003 -11"><span class='ocrx_word' id='word_1_266' title='bbox 972 1687 1110 1719; x_wconf 84' lang='lat' dir='ltr'>tudinis:</span> <span class='ocrx_word' id='word_1_267' title='bbox 1136 1697 1191 1729; x_wconf 86' lang='lat' dir='ltr'>per</span> <span class='ocrx_word' id='word_1_268' title='bbox 1212 1686 1297 1728; x_wconf 90' lang='lat' dir='ltr'>quod</span> <span class='ocrx_word' id='word_1_269' title='bbox 1320 1685 1436 1723; x_wconf 83' lang='lat' dir='ltr'>innuit,</span> <span class='ocrx_word' id='word_1_270' title='bbox 1451 1695 1485 1716; x_wconf 89' lang='lat' dir='ltr'>se</span> <span class='ocrx_word' id='word_1_271' title='bbox 1508 1684 1647 1717; x_wconf 86' lang='lat' dir='ltr'>nondum</span> 
     </span>
     <span class='ocr_line' id='line_1_51' title="bbox 972 1734 1647 1779; baseline -0.003 -11"><span class='ocrx_word' id='word_1_272' title='bbox 972 1747 1096 1769; x_wconf 90' lang='lat' dir='ltr'>omnem</span> <span class='ocrx_word' id='word_1_273' title='bbox 1124 1747 1211 1779; x_wconf 87' lang='lat' dir='ltr'>spem</span> <span class='ocrx_word' id='word_1_274' title='bbox 1245 1735 1399 1779; x_wconf 84' lang='lat' dir='ltr'>abjecisse</span> <span class='ocrx_word' id='word_1_275' title='bbox 1427 1734 1581 1778; x_wconf 85' lang='lat' dir='ltr'>propioris</span> <span class='ocrx_word' id='word_1_276' title='bbox 1608 1744 1647 1766; x_wconf 84' lang='lat' dir='ltr'>ae</span> 
     </span>
     <span class='ocr_line' id='line_1_52' title="bbox 972 1784 1650 1824; baseline -0.004 -6"><span class='ocrx_word' id='word_1_277' title='bbox 972 1786 1194 1819; x_wconf 80' lang='lat' dir='ltr'>tolerabilioris</span> <span class='ocrx_word' id='word_1_278' title='bbox 1231 1785 1345 1818; x_wconf 80' lang='lat' dir='ltr'>exsilii.</span> <span class='ocrx_word' id='word_1_279' title='bbox 1398 1785 1501 1824; x_wconf 84' lang='lat' dir='ltr'>Quasi</span> <span class='ocrx_word' id='word_1_280' title='bbox 1537 1784 1624 1816; x_wconf 86' lang='lat' dir='ltr'>dicat</span> <span class='ocrx_word' id='word_1_281' title='bbox 1639 1797 1650 1815; x_wconf 86' lang='lat'>:</span> 
     </span>
     <span class='ocr_line' id='line_1_53' title="bbox 972 1834 1649 1880; baseline -0.004 -11"><span class='ocrx_word' id='word_1_282' title='bbox 972 1837 1021 1869; x_wconf 92' lang='lat' dir='ltr'>Ac</span> <span class='ocrx_word' id='word_1_283' title='bbox 1038 1848 1128 1880; x_wconf 86' lang='lat' dir='ltr'>spero</span> <span class='ocrx_word' id='word_1_284' title='bbox 1143 1836 1302 1869; x_wconf 84' lang='lat' dir='ltr'>Caesarem</span> <span class='ocrx_word' id='word_1_285' title='bbox 1317 1835 1482 1878; x_wconf 88' lang='lat' dir='ltr'>aliquanto</span> <span class='ocrx_word' id='word_1_286' title='bbox 1492 1834 1649 1878; x_wconf 80' lang='lat' dir='ltr'>placatio-</span> 
     </span>
     <span class='ocr_line' id='line_1_54' title="bbox 973 1883 1650 1927; baseline -0.004 -10"><span class='ocrx_word' id='word_1_287' title='bbox 973 1897 1049 1923; x_wconf 88' lang='lat' dir='ltr'>rem,</span> <span class='ocrx_word' id='word_1_288' title='bbox 1066 1885 1175 1917; x_wconf 88' lang='lat' dir='ltr'>mitius</span> <span class='ocrx_word' id='word_1_289' title='bbox 1197 1885 1345 1918; x_wconf 84' lang='lat' dir='ltr'>exsilium</span> <span class='ocrx_word' id='word_1_290' title='bbox 1371 1883 1547 1927; x_wconf 87' lang='lat' dir='ltr'>aliquando</span> <span class='ocrx_word' id='word_1_291' title='bbox 1569 1883 1650 1915; x_wconf 85' lang='lat' dir='ltr'>mihi</span> 
     </span>
     <span class='ocr_line' id='line_1_55' title="bbox 975 1933 1650 1978; baseline -0.004 -10"><span class='ocrx_word' id='word_1_292' title='bbox 975 1936 1226 1978; x_wconf 84' lang='lat' dir='ltr'>adsignaturum.</span> <span class='ocrx_word' id='word_1_293' title='bbox 1270 1935 1334 1967; x_wconf 88' lang='lat' dir='ltr'>Sed</span> <span class='ocrx_word' id='word_1_294' title='bbox 1364 1940 1507 1967; x_wconf 80' lang='lat' dir='ltr'>mortuus</span> <span class='ocrx_word' id='word_1_295' title='bbox 1533 1938 1583 1967; x_wconf 77' lang='lat' dir='ltr'>est</span> <span class='ocrx_word' id='word_1_296' title='bbox 1615 1933 1650 1965; x_wconf 84' lang='lat' dir='ltr'>in</span> 
     </span>
     <span class='ocr_line' id='line_1_56' title="bbox 975 1983 1650 2028; baseline -0.003 -11"><span class='ocrx_word' id='word_1_297' title='bbox 975 1986 1086 2017; x_wconf 80' lang='lat' dir='ltr'>exsilio</span> <span class='ocrx_word' id='word_1_298' title='bbox 1109 1985 1257 2022; x_wconf 85' lang='lat' dir='ltr'>Ovidius,</span> <span class='ocrx_word' id='word_1_299' title='bbox 1273 1985 1405 2028; x_wconf 86' lang='lat' dir='ltr'>Olymp.</span> <span class='ocrx_word' id='word_1_300' title='bbox 1420 1983 1524 2017; x_wconf 85' lang='lat' dir='ltr'>cxcix.</span> <span class='ocrx_word' id='word_1_301' title='bbox 1539 1983 1650 2016; x_wconf 82' lang='lat' dir='ltr'>kalen-</span> 
     </span>
     <span class='ocr_line' id='line_1_57' title="bbox 975 2033 1651 2077; baseline -0.001 -11"><span class='ocrx_word' id='word_1_302' title='bbox 975 2035 1042 2066; x_wconf 86' lang='lat' dir='ltr'>dar.</span> <span class='ocrx_word' id='word_1_303' title='bbox 1061 2034 1214 2077; x_wconf 75' lang='lat' dir='ltr'>januarii,</span> <span class='ocrx_word' id='word_1_304' title='bbox 1239 2034 1343 2066; x_wconf 85' lang='lat' dir='ltr'>aetatis</span> <span class='ocrx_word' id='word_1_305' title='bbox 1368 2035 1412 2066; x_wconf 88' lang='lat' dir='ltr'>lx.</span> <span class='ocrx_word' id='word_1_306' title='bbox 1436 2033 1555 2067; x_wconf 75' lang='lat' dir='ltr'>Tiberii</span> <span class='ocrx_word' id='word_1_307' title='bbox 1578 2044 1651 2076; x_wconf 83' lang='lat' dir='ltr'>reg-</span> 
     </span>
     <span class='ocr_line' id='line_1_58' title="bbox 975 2084 1386 2126; baseline 0 -11"><span class='ocrx_word' id='word_1_308' title='bbox 975 2085 1081 2115; x_wconf 85' lang='lat' dir='ltr'>nantis</span> <span class='ocrx_word' id='word_1_309' title='bbox 1098 2090 1222 2126; x_wconf 85' lang='lat' dir='ltr'>quarto.</span> <span class='ocrx_word' id='word_1_310' title='bbox 1255 2084 1386 2115; x_wconf 64' lang='lat' dir='ltr'>Mrem..</span> 
     </span>
    </p>

    <p class='ocr_par' dir='ltr' id='par_1_14' title="bbox 976 2132 1649 2214">
     <span class='ocr_line' id='line_1_59' title="bbox 1020 2132 1649 2176; baseline 0 -12"><span class='ocrx_word' id='word_1_311' title='bbox 1020 2135 1072 2165; x_wconf 92' lang='lat'>29.</span> <span class='ocrx_word' id='word_1_312' title='bbox 1091 2133 1252 2175; x_wconf 63' lang='lat' dir='ltr'>calcasti]</span> <span class='ocrx_word' id='word_1_313' title='bbox 1280 2133 1446 2165; x_wconf 83' lang='lat' dir='ltr'>Insultasti</span> <span class='ocrx_word' id='word_1_314' title='bbox 1461 2132 1577 2176; x_wconf 84' lang='lat' dir='ltr'>injuria</span> <span class='ocrx_word' id='word_1_315' title='bbox 1592 2132 1649 2164; x_wconf 76' lang='lat' dir='ltr'>ad-</span> 
     </span>
     <span class='ocr_line' id='line_1_60' title="bbox 976 2183 1203 2214; baseline -0.004 0"><span class='ocrx_word' id='word_1_316' title='bbox 976 2183 1070 2214; x_wconf 82' lang='lat' dir='ltr'>secto.</span> <span class='ocrx_word' id='word_1_317' title='bbox 1107 2183 1203 2214; x_wconf 56' lang='lat' dir='ltr'>Domi.</span> 
     </span>
    </p>

    <p class='ocr_par' dir='ltr' id='par_1_15' title="bbox 976 2231 1652 2313">
     <span class='ocr_line' id='line_1_61' title="bbox 1021 2231 1652 2274; baseline 0.002 -12"><span class='ocrx_word' id='word_1_318' title='bbox 1021 2233 1074 2263; x_wconf 89' lang='grc'>30.</span> <span class='ocrx_word' id='word_1_319' title='bbox 1103 2231 1305 2273; x_wconf 63' lang='lat' dir='ltr'>Quamlibet]</span> <span class='ocrx_word' id='word_1_320' title='bbox 1335 2232 1537 2274; x_wconf 87' lang='lat' dir='ltr'>Quacunque</span> <span class='ocrx_word' id='word_1_321' title='bbox 1560 2236 1652 2274; x_wconf 84' lang='lat' dir='ltr'>parte</span> 
     </span>
     <span class='ocr_line' id='line_1_62' title="bbox 976 2281 1227 2313; baseline 0 -1"><span class='ocrx_word' id='word_1_322' title='bbox 976 2281 1111 2313; x_wconf 88' lang='lat' dir='ltr'>licuerit.</span> <span class='ocrx_word' id='word_1_323' title='bbox 1147 2281 1227 2312; x_wconf 65' lang='lat' dir='ltr'>Zau.</span> 
     </span>
    </p>

    <p class='ocr_par' dir='ltr' id='par_1_16' title="bbox 974 2331 1653 2722">
     <span class='ocr_line' id='line_1_63' title="bbox 1020 2331 1647 2374; baseline 0.002 -12"><span class='ocrx_word' id='word_1_324' title='bbox 1020 2332 1074 2362; x_wconf 87' lang='lat'>33.</span> <span class='ocrx_word' id='word_1_325' title='bbox 1103 2331 1238 2372; x_wconf 80' lang='lat' dir='ltr'>Parsque</span> <span class='ocrx_word' id='word_1_326' title='bbox 1255 2333 1357 2363; x_wconf 81' lang='lat' dir='ltr'>eadem</span> <span class='ocrx_word' id='word_1_327' title='bbox 1373 2332 1440 2363; x_wconf 81' lang='lat' dir='ltr'>coeli</span> <span class='ocrx_word' id='word_1_328' title='bbox 1461 2332 1647 2374; x_wconf 60' lang='lat' dir='ltr'>Zephyros]</span> 
     </span>
     <span class='ocr_line' id='line_1_64' title="bbox 977 2380 1653 2424; baseline 0.004 -13"><span class='ocrx_word' id='word_1_329' title='bbox 977 2381 1098 2412; x_wconf 87' lang='lat' dir='ltr'>Ventos</span> <span class='ocrx_word' id='word_1_330' title='bbox 1126 2381 1182 2412; x_wconf 84' lang='lat' dir='ltr'>bos</span> <span class='ocrx_word' id='word_1_331' title='bbox 1206 2380 1394 2418; x_wconf 81' lang='lat' dir='ltr'>cardinales,</span> <span class='ocrx_word' id='word_1_332' title='bbox 1419 2380 1473 2423; x_wconf 88' lang='lat' dir='ltr'>qui</span> <span class='ocrx_word' id='word_1_333' title='bbox 1501 2388 1653 2424; x_wconf 84' lang='lat' dir='ltr'>quatuor,</span> 
     </span>
     <span class='ocr_line' id='line_1_65' title="bbox 976 2430 1650 2475; baseline 0.004 -14"><span class='ocrx_word' id='word_1_334' title='bbox 976 2430 1184 2472; x_wconf 83' lang='lat' dir='ltr'>pulcherrime</span> <span class='ocrx_word' id='word_1_335' title='bbox 1199 2430 1350 2463; x_wconf 87' lang='lat' dir='ltr'>describit</span> <span class='ocrx_word' id='word_1_336' title='bbox 1365 2431 1392 2463; x_wconf 91' lang='lat'>1.</span> <span class='ocrx_word' id='word_1_337' title='bbox 1403 2432 1498 2464; x_wconf 80' lang='lat' dir='ltr'>Trist.</span> <span class='ocrx_word' id='word_1_338' title='bbox 1511 2432 1603 2475; x_wconf 87' lang='lat' dir='ltr'>Eleg.</span> <span class='ocrx_word' id='word_1_339' title='bbox 1617 2432 1650 2464; x_wconf 86' lang='lat' dir='ltr'>ii.</span> 
     </span>
     <span class='ocr_line' id='line_1_66' title="bbox 976 2481 1650 2524; baseline 0.004 -14"><span class='ocrx_word' id='word_1_340' title='bbox 976 2491 1039 2511; x_wconf 86' lang='lat' dir='ltr'>ver.</span> <span class='ocrx_word' id='word_1_341' title='bbox 1056 2481 1115 2510; x_wconf 92' lang='lat'>27:</span> <span class='ocrx_word' id='word_1_342' title='bbox 1142 2485 1163 2498; x_wconf 84' lang='lat'><strong>“</strong></span> <span class='ocrx_word' id='word_1_343' title='bbox 1181 2481 1263 2512; x_wconf 88' lang='lat' dir='ltr'>Nam</span> <span class='ocrx_word' id='word_1_344' title='bbox 1281 2481 1373 2512; x_wconf 90' lang='lat' dir='ltr'>modo</span> <span class='ocrx_word' id='word_1_345' title='bbox 1395 2491 1551 2524; x_wconf 85' lang='lat' dir='ltr'>purpureo</span> <span class='ocrx_word' id='word_1_346' title='bbox 1566 2481 1650 2514; x_wconf 85' lang='lat' dir='ltr'>vires</span> 
     </span>
     <span class='ocr_line' id='line_1_67' title="bbox 975 2529 1653 2573; baseline 0.004 -13"><span class='ocrx_word' id='word_1_347' title='bbox 975 2529 1061 2571; x_wconf 81' lang='lat' dir='ltr'>capit</span> <span class='ocrx_word' id='word_1_348' title='bbox 1078 2531 1180 2561; x_wconf 80' lang='lat' dir='ltr'>Eurus</span> <span class='ocrx_word' id='word_1_349' title='bbox 1203 2531 1243 2560; x_wconf 90' lang='lat' dir='ltr'>ab</span> <span class='ocrx_word' id='word_1_350' title='bbox 1266 2537 1347 2567; x_wconf 88' lang='lat' dir='ltr'>ortu,</span> <span class='ocrx_word' id='word_1_351' title='bbox 1363 2531 1459 2562; x_wconf 86' lang='lat' dir='ltr'>Nunc</span> <span class='ocrx_word' id='word_1_352' title='bbox 1487 2531 1653 2573; x_wconf 82' lang='lat' dir='ltr'>Zephyrus</span> 
     </span>
     <span class='ocr_line' id='line_1_68' title="bbox 974 2580 1644 2622; baseline 0.006 -13"><span class='ocrx_word' id='word_1_353' title='bbox 974 2589 1042 2610; x_wconf 92' lang='lat' dir='ltr'>sero</span> <span class='ocrx_word' id='word_1_354' title='bbox 1058 2589 1185 2621; x_wconf 78' lang='lat' dir='ltr'>vespere</span> <span class='ocrx_word' id='word_1_355' title='bbox 1203 2580 1315 2611; x_wconf 85' lang='lat' dir='ltr'>missus</span> <span class='ocrx_word' id='word_1_356' title='bbox 1331 2580 1431 2612; x_wconf 81' lang='lat' dir='ltr'>adest.</span> <span class='ocrx_word' id='word_1_357' title='bbox 1477 2581 1574 2612; x_wconf 87' lang='lat' dir='ltr'>Nunc</span> <span class='ocrx_word' id='word_1_358' title='bbox 1589 2591 1644 2622; x_wconf 84' lang='lat' dir='ltr'>ge-</span> 
     </span>
     <span class='ocr_line' id='line_1_69' title="bbox 976 2628 1650 2666; baseline 0.006 -8"><span class='ocrx_word' id='word_1_359' title='bbox 976 2628 1059 2659; x_wconf 88' lang='lat' dir='ltr'>lidus</span> <span class='ocrx_word' id='word_1_360' title='bbox 1073 2628 1158 2660; x_wconf 85' lang='lat' dir='ltr'>sicca</span> <span class='ocrx_word' id='word_1_361' title='bbox 1170 2629 1288 2660; x_wconf 85' lang='lat' dir='ltr'>Boreas</span> <span class='ocrx_word' id='word_1_362' title='bbox 1301 2629 1474 2661; x_wconf 85' lang='lat' dir='ltr'>bacchatur</span> <span class='ocrx_word' id='word_1_363' title='bbox 1486 2630 1526 2661; x_wconf 86' lang='lat' dir='ltr'>ab</span> <span class='ocrx_word' id='word_1_364' title='bbox 1538 2629 1650 2666; x_wconf 79' lang='lat' dir='ltr'>Arcto,</span> 
     </span>
     <span class='ocr_line' id='line_1_70' title="bbox 980 2678 1647 2722; baseline 0.006 -14"><span class='ocrx_word' id='word_1_365' title='bbox 980 2679 1071 2709; x_wconf 74' lang='lat' dir='ltr'>Nunc</span> <span class='ocrx_word' id='word_1_366' title='bbox 1087 2678 1188 2709; x_wconf 86' lang='lat' dir='ltr'>Notus</span> <span class='ocrx_word' id='word_1_367' title='bbox 1203 2678 1334 2710; x_wconf 84' lang='lat' dir='ltr'>adversa</span> <span class='ocrx_word' id='word_1_368' title='bbox 1350 2679 1460 2722; x_wconf 83' lang='lat' dir='ltr'>praelia</span> <span class='ocrx_word' id='word_1_369' title='bbox 1476 2679 1576 2712; x_wconf 77' lang='lat' dir='ltr'>fronte</span> <span class='ocrx_word' id='word_1_370' title='bbox 1591 2689 1647 2721; x_wconf 86' lang='lat' dir='ltr'>ge-</span> 
     </span>
    </p>
   </div>
   <div class='ocr_carea' id='block_1_9' title="bbox 976 2727 1232 2758">
    <p class='ocr_par' dir='ltr' id='par_1_17' title="bbox 976 2727 1232 2758">
     <span class='ocr_line' id='line_1_71' title="bbox 976 2727 1232 2758; baseline 0.008 -2"><span class='ocrx_word' id='word_1_371' title='bbox 976 2727 1053 2756; x_wconf 74' lang='lat' dir='ltr'>rit.&#39;&#39;</span> <span class='ocrx_word' id='word_1_372' title='bbox 1097 2728 1232 2758; x_wconf 61' lang='lat' dir='ltr'>Dassrzr.</span> 
     </span>
    </p>
   </div>
  </div>
 </body>
</html>
