1830 3220
546 194 895 238 FASTORUM
930 194 1053 237 LIB.
1080 195 1145 237 II.
1500 198 1559 238 (523

137 310 375 360 Protinus
402 312 448 359 in
477 313 671 362 medias
697 319 902 361 ornatus
927 312 1100 362 desilit
1124 311 1304 369 undas,

206 389 472 455 Spargitur
495 391 715 456 impulsa
739 391 924 439 caerula
948 391 1135 456 puppis
1162 407 1313 455 aqua.

137 465 282 525 Inde,
309 468 410 516 fide
435 471 615 533 majus,
644 477 786 532 tergo
812 469 1056 534 delphina
1078 485 1285 518 recurvo

210 545 278 593 Se
304 553 589 595 memorant
614 547 752 594 oneri
781 546 1113 611 supposuisse
1140 563 1286 595 novo,

1468 550 1560 594 114

136 623 231 672 llle
252 625 436 674 sedens
461 626 811 690 citharamque
828 632 986 682 tenet,
1005 626 1330 690 pretiumque
1346 625 1562 674 vehendi

206 702 412 760 Cantat,
440 711 492 752 et
517 720 780 767 aequoreas
807 703 1029 752 carmine
1056 704 1246 751 mulcet
1272 719 1449 767 aquas.

140 780 205 828 Di
232 782 316 846 pia
339 783 475 831 facta
498 782 702 831 vident:
744 783 892 831 astris
918 782 1161 846 delphina
1186 781 1380 846 recepit

205 859 424 926 Jupiter,
453 869 504 910 et
529 862 705 910 stellas
727 862 882 926 jussit
907 861 1094 909 habere
1121 877 1318 908 novem.

141 938 307 987 NUNC
347 939 470 987 mihi
508 940 646 989 mille
685 957 851 997 sonos,
893 955 1100 1004 quoque
1139 946 1219 988 est
1254 944 1564 987 memoratus

343 1017 587 1076 Achilles,

1472 1019 1564 1064 119

208 1095 426 1154 Vellem,
457 1096 731 1154 Maeonide,
761 1104 943 1162 pectus
969 1097 1136 1145 inesse
1164 1103 1336 1154 tuum;

143 1173 281 1221 Dum
306 1175 535 1223 canimus
563 1191 734 1223 sacras
761 1176 955 1223 alterno
981 1174 1205 1223 carmine
1234 1174 1427 1230 Nonas

210 1252 473 1302 Maximus
500 1254 616 1302 hinc
645 1253 813 1302 Fastis
840 1254 1189 1302 accumulatur
1214 1253 1389 1300 honos.

125 1331 334 1381 Deficit
359 1333 636 1397 ingenium,
664 1334 962 1397 majoraque
987 1331 1177 1379 viribus
1204 1337 1414 1394 urgent:

211 1410 338 1461 Haec
365 1412 486 1461 mihi
511 1412 767 1477 praecipuo
793 1418 873 1460 est
898 1427 983 1459 ore
1009 1409 1241 1458 canenda
1265 1409 1391 1458 dies.

142 1590 175 1617 et
189 1584 348 1617 Pindarus
369 1587 510 1618 Dircaeus
531 1598 646 1628 cycnus
665 1588 743 1618 Hor.
759 1587 820 1619 IV.

145 1635 209 1666 Od.
224 1635 258 1667 ii.
272 1637 327 1668 25.
362 1635 442 1668 Inde
457 1637 603 1679 proverb.
615 1636 737 1669 κύκνου
753 1636 820 1669 doz-

144 1684 290 1728 δότερον.
335 1685 420 1718 Hinc
440 1693 472 1718 et
493 1687 634 1729 Cycnus,
652 1698 706 1718 rex
724 1687 822 1728 Ligu-

144 1746 226 1772 rum,
258 1736 381 1768 musica
408 1737 584 1773 excellens,
611 1737 643 1768 in
675 1737 821 1768 eamdem

145 1796 237 1817 avem
262 1792 405 1818 mutatus
427 1798 495 1819 esse
520 1787 726 1827 tradebatur3
750 1788 824 1819 Me-

144 1841 224 1867 tam.
252 1836 286 1867 ii.
309 1837 386 1869 252.
409 1837 485 1869 367.
531 1838 571 1868 In
598 1837 705 1880 primis
730 1837 824 1869 morti

148 1885 397 1929 vicinusflebiles
416 1894 529 1918 cantus
547 1898 695 1919 exercere
714 1888 823 1920 crede-

146 1936 253 1967 batur.
302 1936 434 1968 Heroid.
458 1936 513 1968 vii.
536 1939 573 1976 13
598 1938 672 1969 Cic.
688 1939 787 1969 Tusc.
803 1939 824 1970 i.

146 1987 210 2024 303
247 1986 382 2024 Plinius,
412 1999 443 2018 x.
472 1988 525 2019 32.
582 1988 691 2030 Atque
727 1988 824 2020 etiam

146 2034 247 2068 Arion
270 2047 366 2074 nunc,
389 2037 475 2079 quod
500 2037 620 2080 Hygin.
645 2038 684 2069 P.
709 2039 751 2070 A.
777 2039 824 2069 di-

146 2093 229 2118 serte
252 2093 371 2125 monet,
395 2092 529 2119 mortem
557 2099 646 2119 suam
673 2088 824 2120 deflebat.

149 2137 224 2168 Non
253 2137 336 2169 male
364 2138 462 2180 igitur
491 2138 523 2170 h.
547 2139 570 2169 1.
595 2138 740 2170 adhibita
767 2138 825 2170 illa

149 2188 358 2230 comparatio.
402 2189 540 2220 Peunum
556 2189 761 2220 Burmannus
776 2189 824 2220 iu-

149 2237 265 2279 telligit
290 2238 450 2280 sagittam,
475 2249 540 2281 qua
566 2239 718 2281 trajectus
744 2239 823 2275 olor,

151 2287 273 2319 vicinus
299 2288 391 2319 morti
421 2288 571 2320 flebiliter
600 2288 697 2325 canit,
726 2299 825 2330 quum

150 2338 205 2370 alii
221 2339 261 2370 de
277 2349 383 2381 penna
398 2339 537 2380 quadam
553 2339 825 2381 duraloquantur,

151 2400 248 2431 quam
263 2389 330 2420 olor
345 2389 378 2420 in
400 2396 566 2421 senectute
586 2389 715 2421 habeat.
763 2390 824 2420 Ca-

151 2441 258 2470 nentia
287 2438 400 2470 Heins.
431 2439 670 2481 interpretatur,
702 2438 826 2470 senilia.

152 2489 215 2520 Sed
232 2489 324 2531 cycni
337 2500 450 2532 corpus
463 2500 586 2532 semper
601 2501 722 2526 canens,
734 2489 766 2520 id
781 2495 829 2520 est

152 2538 338 2576 candidum,
362 2539 516 2570 candens.
544 2540 680 2571 Metam.
704 2539 737 2570 ii.
754 2540 829 2571 373.

154 2588 209 2620 ubi
226 2588 356 2631 Cycnus
372 2599 426 2620 rex
443 2588 475 2619 in
492 2588 574 2620 hanc
594 2599 685 2620 avem
706 2589 829 2624 transit,

156 2643 180 2656 “
196 2649 284 2670 canae
308 2638 442 2680 capillos
460 2638 661 2669 dissimulant
678 2638 830 2681 plumae.'’

155 2688 197 2719 Et
212 2687 244 2718 h.
259 2687 281 2718 l.
298 2693 361 2719 tres
376 2687 447 2720 cod.
464 2690 628 2719 candentia
644 2688 829 2730 praeferunt.

154 2737 337 2769 Secundum
375 2736 585 2774 Herodotum,
624 2737 723 2768 Arion
762 2743 829 2769 tum

156 2788 306 2819 cantabat
331 2787 437 2829 νόμον
465 2788 526 2819 τὸν
551 2787 676 2830 ὄρθιον,
702 2798 829 2819 carmen

889 1597 1015 1618 summa
1029 1585 1139 1617 fidium
1158 1596 1194 1617 ac
1210 1584 1297 1617 vocis
1312 1584 1530 1616 contentione.

938 1638 1013 1668 114.
1038 1636 1123 1667 Novo
1145 1636 1310 1668 inusitato.
1360 1636 1502 1667 Pretium
1521 1648 1568 1666 ve-

891 1688 995 1723 hendi,
1019 1697 1159 1724 carmen,
1184 1697 1247 1729 quo
1277 1686 1429 1728 delphino
1455 1692 1569 1718 cantus

892 1738 1012 1768 amanti
1032 1742 1251 1768 remuneretur
1274 1747 1403 1779 operam
1420 1735 1570 1768 vehendi.

893 1787 1029 1824 Plinius,
1054 1787 1083 1818 Ι.
1109 1787 1172 1830 Ep.
1190 1786 1246 1818 xii.
1263 1787 1293 1817 4.
1310 1788 1410 1826 pretia
1435 1788 1570 1823 vivendi,

893 1837 948 1869 ubi
963 1837 1036 1868 vide
1051 1842 1116 1868 not.
1134 1843 1232 1868 nostr.
1285 1837 1395 1867 Vident
1409 1837 1516 1878 facta,
1532 1836 1572 1868 iis

893 1887 1103 1924 delectantur,
1120 1886 1258 1929 praemiis
1273 1897 1311 1918 ea
1327 1885 1480 1918 afficiunt.
1507 1886 1569 1917 Re-

893 1939 970 1978 cepit
987 1936 1123 1976 Jupiter.
1156 1936 1278 1978 Hygin.
1297 1935 1335 1966 P.
1352 1936 1394 1967 A.
1407 1935 1571 1978 astrologis

895 1987 953 2018 hoc
969 1985 1090 2017 tribuit.

940 2037 1125 2068 119—144.
1149 2036 1240 2066 Mille
1256 2035 1367 2076 sonos.]
1387 2034 1454 2066 Alii
1470 2040 1571 2077 poetae

893 2092 1023 2119 centum
1051 2097 1106 2118 ora
1136 2091 1331 2128 centumque
1358 2085 1486 2127 linguas
1512 2085 1572 2116 sibi

894 2136 962 2168 dari
978 2137 1010 2168 in
1025 2147 1058 2167 re
1074 2135 1169 2168 simili
1185 2135 1329 2176 cupiunt.
1373 2135 1573 2171 Memmutus,

893 2187 1045 2218 memoria
1082 2186 1151 2229 ejus
1190 2185 1360 2216 celebrata.
1408 2185 1572 2216 Mceom'des

895 2243 950 2269 aut
967 2238 1117 2268 Maeonius
1133 2237 1291 2267 Homerus
1307 2235 1412 2266 dictus
1428 2246 1447 2266 a
1462 2236 1569 2276 Smyr-

895 2298 949 2324 na,
964 2287 1126 2323 Maeoniae,
1142 2286 1175 2317 id
1192 2292 1240 2317 est
1254 2286 1366 2328 Lydiae
1385 2287 1471 2317 urbe.
1489 2285 1573 2316 Plin.

896 2338 982 2369 Hist.
1000 2338 1078 2369 Nat.
1094 2348 1126 2368 v.
1145 2338 1187 2368 30
1201 2348 1209 2375 ;
1234 2337 1346 2368 Horat.
1362 2336 1390 2367 I.
1406 2336 1470 2367 Od.
1486 2335 1528 2366 vi.
1542 2336 1573 2366 2.

898 2389 1021 2419 Moeoniz'
1037 2389 1182 2419 carminis
1197 2388 1271 2418 ales.
1322 2387 1482 2427 Praecipuo
1498 2397 1548 2416 ore
1561 2398 1571 2423 ‚-

898 2438 987 2480 Virg.
1013 2438 1057 2469 iii.
1083 2438 1159 2469 294.
1206 2442 1228 2454 “
1249 2437 1359 2472 Nunc,
1392 2435 1575 2467 veneranda

898 2488 1003 2524 Pales,
1026 2498 1143 2529 magno
1170 2497 1254 2518 nunc
1280 2497 1332 2517 ore
1361 2485 1574 2517 sonandum-'²

899 2539 979 2570 Haec
991 2539 1035 2570 rei
1047 2537 1266 2579 magnitudine
1279 2537 1429 2579 abreptus
1441 2535 1576 2567 dixerat.

898 2589 972 2621 Jam
988 2588 1095 2625 sentit,
1108 2588 1172 2619 tale
1185 2593 1405 2630 argumentum
1422 2597 1484 2617 non
1499 2596 1573 2616 con·

900 2639 1005 2671 venire
1022 2638 1141 2681 elegis3
1158 2638 1267 2681 itaque
1284 2636 1412 2679 corrigit
1427 2647 1478 2667 se:
1500 2647 1571 2666 mox

898 2693 1006 2720 tamen
1023 2699 1129 2720 rursus
1145 2687 1280 2730 assurgit
1295 2686 1406 2718 oratio.
1454 2686 1574 2715 Herous

897 2750 947 2779 pes
971 2739 1067 2770 etiam
1091 2738 1178 2775 alibi,
1205 2744 1238 2769 ut
1262 2738 1321 2769 IV.
1345 2736 1438 2767 Trist.
1464 2746 1494 2766 x.
1519 2736 1572 2766 47.

900 2789 970 2820 Hoc
986 2789 1058 2820 loco
1074 2788 1205 2830 quidam
1224 2788 1344 2818 heroici.
