1830 3220
238 192 296 234 28
632 188 683 229 Ρ.
718 185 935 228 OVIDII
969 184 1255 227 NASONIS

244 307 416 355 Prima
442 306 600 353 Ceres
627 304 784 352 avidae
811 303 983 366 gavisa
1007 308 1086 349 est
1109 301 1355 363 sanguine
1381 315 1563 364 porcae,

314 383 435 431 Ulta
459 398 576 430 suas
601 380 780 429 merita
801 379 943 427 caede
967 371 1197 426 nocentis
1222 393 1362 441 opes.

1560 378 1660 425 350

245 461 379 510 Nam
405 468 530 516 sata,
558 476 673 507 vere
698 475 826 506 novo
851 457 1037 506 teneris
1064 455 1305 504 lactentia
1329 455 1513 512 succis,

312 538 472 586 Eruta
497 537 727 600 setigerae
747 535 993 600 comperit
1018 551 1102 582 ore
1129 534 1250 582 suis.

247 616 346 663 Sus
372 615 582 663 dederat
605 630 809 678 poenas;
852 613 1090 677 exemplo
1111 612 1316 660 territus
1341 612 1491 675 hujus

313 692 531 740 Palmite
556 691 806 739 debueras
833 690 1155 746 abstinuisse,
1183 705 1352 753 caper.

246 769 411 825 Quem
437 777 675 834 spectans
698 768 882 832 aliquis
908 768 1088 816 dentes
1115 767 1165 814 in
1186 767 1288 814 vite
1312 773 1644 832 prementem,

315 847 457 895 Talia
481 864 580 895 non
605 847 760 895 tacito
780 845 918 894 dicta
941 846 1113 893 dolore
1137 845 1308 893 dedit:

1564 847 1663 891 356

248 924 424 982 Rode,
441 941 610 989 caper,
636 924 819 972 vitem:
860 931 1032 971 tamen
1070 923 1187 970 hinc
1221 939 1381 986 quum
1413 921 1572 970 stabis
1600 921 1666 970 ad

317 1002 377 1050 In
403 1009 491 1051 tua
516 1003 653 1067 quod
680 1002 848 1067 spargi
874 1017 1062 1050 cornua
1093 1000 1271 1065 possit,
1300 1000 1411 1049 erit.

1486 1001 1664 1063 [aram‚

246 1080 418 1129 Verba
440 1081 566 1129 fides
594 1081 850 1144 sequitur:
893 1096 1040 1128 noxae
1067 1078 1158 1126 tibi
1177 1078 1380 1126 deditus
1405 1078 1566 1126 hostis

317 1158 581 1223 Spargitur
606 1158 766 1205 affuso
792 1173 996 1213 cornua,
1020 1156 1241 1212 Bacche,
1269 1172 1422 1205 mero.

1565 1158 1666 1204 360

251 1237 420 1300 Culpa
443 1236 520 1283 sui
546 1235 745 1284 nocuit:
787 1235 960 1282 nocuit
986 1250 1190 1299 quoque
1219 1235 1372 1299 culpa
1391 1233 1619 1298 eapellae.

318 1312 453 1368 Quid
479 1315 588 1369 bos,
616 1313 739 1377 quid
764 1313 978 1377 placidae
1005 1312 1378 1361 commeruistis
1403 1312 1557 1361 oves?

252 1390 432 1439 Flebat
459 1390 719 1447 Aristaeus,
748 1390 886 1454 quod
912 1406 1034 1456 apes
1060 1407 1176 1438 cum
1202 1391 1359 1456 stirpe
1381 1396 1589 1438 necatas

317 1468 529 1516 Viderat
553 1468 800 1533 incoeptos
827 1468 1121 1516 destituisse
1145 1468 1301 1517 favos.

249 1625 345 1654 succis
361 1624 510 1656 Heinsius
524 1635 563 1655 ex
581 1626 676 1655 MSS.
688 1625 848 1655 nonnullis
858 1626 921 1656 sul-

251 1676 294 1704 cis
304 1673 523 1716 adoptaverat.
551 1674 613 1706 Sed
625 1675 826 1706 Burmannus
839 1680 923 1706 recte

251 1725 347 1754 succis
366 1725 538 1761 revocavit,
560 1724 636 1766 quia
659 1734 718 1755 nee
746 1731 841 1761 tener,
865 1735 926 1756 nec

253 1774 367 1804 lactens
382 1774 479 1804 sulcis
500 1774 660 1805 convenit.
707 1774 800 1805 Succi
816 1780 926 1805 contra

251 1821 376 1864 frugum
391 1834 475 1865 saepe
493 1824 580 1854 lactis
602 1823 729 1854 nomine
749 1824 925 1865 insigniun-

251 1876 312 1902 tur.
357 1871 536 1904 Mitscherl.
556 1879 663 1904 tamen
686 1872 852 1904 Heinsium
877 1884 925 1904 se-

252 1920 306 1962 qui
322 1920 446 1953 maluit.
492 1922 588 1964 Regii
609 1928 671 1954 tres
693 1923 789 1954 nostri
811 1925 924 1961 sulcis,-

251 1970 352 2001 bene:
389 1970 470 2002 sulci
496 1971 580 2002 enim
607 1982 662 2013 pro
686 1972 849 2004 scrobibus
872 1984 925 2004 su-

252 2025 391 2056 muntur,
406 2019 438 2051 in
460 2021 575 2062 quibus
591 2022 716 2052 arbores
730 2021 926 2064 plantantur.

297 2070 373 2100 353.
398 2070 586 2110 Eiemplum,
602 2082 712 2113 poena.
759 2071 924 2110 Phaedrus,

252 2119 318 2150 III.
334 2119 398 2150 fab.
414 2119 457 2150 vi.
475 2121 528 2151 20.
542 2124 562 2137 “
579 2121 735 2163 Justoque
751 2121 926 2154 vindicavit

253 2169 398 2211 exemplo
414 2168 608 2211 impetum‚”
621 2170 675 2201 ubi
692 2170 762 2202 vide
775 2171 926 2204 Scheffer.

252 2217 403 2249 Similiter
432 2217 653 2261 παράδειγμα.
692 2220 769 2251 Vid.
797 2220 925 2252 omnino

256 2265 380 2298 Gellius
394 2268 493 2299 Noct.
510 2268 609 2300 Attic.
628 2268 667 2300 vi.
683 2270 733 2300 14.
779 2271 925 2301 Abstinu-

254 2317 318 2346 isse.
373 2317 426 2349 Sic
460 2317 611 2350 Horatius
642 2319 769 2350 Poteras
803 2322 924 2352 dhisse.

257 2366 411 2403 Pmmere,
433 2367 624 2410 imprimere,
641 2375 674 2400 ut
695 2380 830 2409 pressum
853 2382 925 2402 ara-

258 2422 352 2446 trum.
381 2416 509 2448 Tibullo
525 2418 585 2449 IV.
601 2418 621 2448 i.
639 2418 711 2449 161.
748 2419 818 2449 Non
834 2422 927 2452 tacito

254 2466 366 2503 dolore,
382 2476 443 2497 uon
462 2466 602 2498 retinens
623 2467 772 2500 dolorem.
818 2469 927 2502 Verba

257 2514 445 2547 Rode—erit
457 2522 568 2547 notant
583 2527 620 2547 ex
638 2518 739 2548 Eveni
751 2517 858 2560 Epigr.
871 2530 926 2550 ex-

254 2575 362 2605 pressa
377 2576 464 2596 esse:
490 2566 566 2605 Κῆν
580 2578 618 2607 με
634 2565 805 2608 φάγῃςέπὶ
816 2567 926 2609 ῥίζαν,

255 2612 344 2654 ὅμως
367 2614 414 2646 ἔτι
437 2614 693 2657 καρποφορήσω,
707 2615 834 2648 ’Ὀσσον
857 2617 925 2649 ἑπι-

259 2664 393 2699 σπεῐσαι
417 2675 470 2696 σοι
495 2664 595 2708 τράγε
616 2664 782 2708 θυομένῳ.
830 2667 926 2699 Hinc.

258 2713 409 2746 Heinsius
432 2715 495 2757 legi
519 2716 646 2747 volebat
671 2717 754 2753 huic,
774 2716 843 2748 scil.
859 2717 926 2750 viti.

258 2762 321 2795 Sed
335 2765 537 2796 Burmannus
549 2765 616 2807 jam
633 2765 765 2803 monuit,
781 2766 925 2798 eumdem

991 1636 1129 1661 sensum,
1147 1631 1180 1655 et
1195 1625 1421 1667 elegantiorem
1436 1623 1534 1655 etiam
1555 1633 1664 1655 exsur-

992 1685 1065 1714 gere
1081 1685 1119 1706 ex
1136 1676 1218 1706 hinc.
1257 1675 1380 1717 Spargi,
1396 1673 1486 1706 fundi
1501 1674 1672 1706 libatione.

997 1724 1092 1755 Verba
1098 1725 1180 1766 fides
1194 1726 1344 1765 sequitur,
1360 1724 1405 1761 fit,
1418 1723 1503 1766 quod
1516 1723 1571 1754 ille
1586 1734 1668 1766 prae-

993 1773 1131 1805 dixerat.
1180 1774 1273 1805 Nozae
1288 1776 1420 1812 deditus,
1437 1784 1453 1805 e
1469 1773 1606 1804 formula
1619 1783 1669 1805 so-

995 1822 1103 1854 lemni.
1155 1823 1288 1854 Festus:
1324 1828 1344 1841 “
1362 1825 1471 1861 Quum
1500 1823 1551 1854 lex
1576 1823 1670 1865 jubet

996 1884 1084 1904 noxae
1101 1873 1226 1909 dedere,
1237 1884 1293 1916 pro
1308 1879 1439 1916 peccato
1451 1872 1527 1904 dedi
1539 1872 1670 1916 jubet.'’

998 1923 1049 1954 De
1066 1925 1158 1964 culpa
1174 1929 1281 1954 autem
1293 1923 1353 1955 hac
1365 1923 1453 1966 capri
1469 1923 1554 1955 conf.
1569 1923 1671 1954 Varro

996 1972 1035 2004 de
1064 1974 1116 2004 Re
1144 1973 1238 2005 Rust.
1267 1974 1295 2004 I.
1316 1973 1349 2005 ii.
1374 1975 1412 2005 18
1437 1985 1481 2014 s.;
1503 1972 1671 2015 Virgilius,

998 2023 1118 2065 Georg.
1136 2022 1172 2054 ii.
1189 2025 1254 2055 375
1268 2034 1341 2066 sqq.

1038 2074 1225 2105 363—384.
1262 2073 1402 2105 Causam
1432 2072 1564 2105 reddere
1586 2073 1670 2110 vult,

994 2133 1049 2154 cur
1063 2124 1120 2154 bos
1136 2134 1262 2165 quoque
1278 2129 1310 2154 et
1325 2123 1392 2155 ovis
1407 2122 1539 2154 mactari
1551 2128 1668 2165 coeptae

994 2172 1068 2205 sint.
1113 2173 1175 2204 Sed
1191 2184 1263 2216 quae
1279 2173 1319 2204 de
1336 2174 1463 2204 Aristaeo
1478 2172 1614 2210 addidit,
1631 2184 1670 2205 ea

995 2223 1146 2254 arcessita
1167 2228 1242 2254 sunt
1266 2229 1298 2254 et
1317 2222 1468 2258 inducta;
1498 2233 1561 2254 non
1583 2223 1669 2254 enim

994 2278 1180 2310 monstrant,
1217 2284 1274 2305 cur
1308 2272 1380 2304 Diis
1415 2273 1566 2304 offeratur
1601 2273 1670 2305 bos.

994 2323 1104 2354 Latius
1129 2330 1237 2354 autem
1263 2323 1321 2355 illa
1344 2322 1460 2365 Virgil.
1484 2322 1600 2365 Georg.
1625 2322 1670 2355 iv.

994 2373 1179 2404 281—558.
1195 2378 1382 2414 persecutus
1405 2377 1465 2404 est.
1509 2374 1670 2410 Aristaeus,

994 2420 1155 2464 Apollinis
1175 2421 1259 2452 filius
1284 2427 1316 2453 et
1340 2422 1484 2463 Cyrenes
1506 2422 1668 2464 Nymphae

995 2469 1135 2508 habitus,
1152 2471 1321 2503 latissimas
1334 2471 1548 2514 possessiones
1561 2471 1594 2503 in
1606 2471 1668 2503 Ar-

995 2521 1089 2552 cadia
1111 2520 1234 2558 habuit,
1249 2521 1359 2564 ibique
1383 2532 1478 2564 apum
1497 2527 1532 2553 et
1551 2521 1668 2559 mellis,

994 2570 1090 2601 etiam
1113 2570 1206 2602 lactis
1221 2571 1262 2602 ad
1277 2571 1414 2613 coagula
1427 2581 1519 2602 usum
1534 2571 1670 2602 homini-

994 2620 1054 2651 bus
1080 2620 1248 2652 tradidisse
1274 2626 1430 2652 narratur.
1477 2620 1508 2652 A
1531 2620 1668 2662 Virgilio

996 2669 1149 2700 Arcadius
1165 2672 1307 2711 magister
1320 2675 1459 2701 vocatur.
1495 2670 1572 2701 Post
1587 2680 1669 2702 mor-

996 2723 1059 2748 tein
1089 2718 1121 2749 in
1148 2718 1345 2760 Cycladibus
1369 2719 1460 2751 Jovis
1483 2719 1613 2750 Aristaei
1636 2725 1669 2751 et

995 2767 1021 2797 A
1029 2766 1153 2809 pollinis
1166 2767 1273 2798 Nomii
1286 2768 1464 2799 nominibus
1475 2768 1580 2800 cultus
1593 2768 1665 2800 fuit.
