1830 3220
254 207 324 248 xiv
696 201 1129 245 KALENDARIU
1137 200 1197 241 M.

252 322 272 358 f
328 321 365 358 vi
487 320 576 358 Kal.
600 319 759 358 Festum
780 319 946 357 Castoris
965 324 1004 356 et
1026 315 1202 354 Pollucis.

252 405 277 440 g
330 404 352 426 v
489 388 579 426 Kal.

251 458 291 495 A
327 458 365 494 iv
487 456 577 494 Kal.

250 527 275 563 b
326 525 367 562 iii
487 524 576 561 Kal.
599 523 758 561 Festum
779 523 901 560 Pacis.

252 607 271 630 e
329 593 355 629 ii
488 592 577 630 Kal.

758 708 1141 747 FEBRUARIUS.

248 796 274 834 d
294 795 384 833 Kal.
408 794 520 832 Febr.
536 792 744 843 Templum
762 792 909 830 factum
928 797 987 830 est
1002 790 1211 829 Carmenti.
1226 787 1452 826 Celebratur
1468 785 1646 835 Asylum.

250 878 270 902 e
324 864 363 900 iv
484 862 560 899 No.
579 861 684 911 Lyra
702 860 857 910 penitus
879 858 1027 897 occidit.

249 933 270 969 f
327 932 368 970 iii
484 930 559 968 No.
582 929 735 967 Occidit
756 927 940 978 Delphin.

250 1015 275 1051 g
329 1000 356 1037 ii
487 999 529 1036 N
530 1012 562 1036 ο.

248 1068 287 1105 A
327 1067 463 1106 Nonis.
483 1066 687 1116 Augustus
705 1064 830 1102 dictus
849 1070 907 1101 est
926 1070 1034 1114 pater
1053 1064 1196 1114 patriae.
1252 1061 1448 1113 Aquarius
1466 1059 1571 1099 vadit
1591 1058 1640 1097 ad

641 1145 823 1170 occasum.

248 1205 273 1241 b
326 1203 394 1240 viii
483 1201 541 1238 Id.

247 1286 267 1316 e
325 1271 377 1308 vii
484 1269 543 1306 Id.
565 1267 739 1315 (Primus
758 1267 838 1304 dies
860 1267 1089 1316 Feralium.)

249 1339 273 1375 d
328 1338 367 1375 vi
486 1336 545 1373 Id.

247 1420 269 1444 e
325 1419 349 1442 v
482 1403 541 1440 Id.
561 1402 644 1440 Ver
663 1402 809 1452 incipit.

248 1474 268 1511 f
326 1473 365 1510 iv
484 1471 544 1510 Id.
565 1470 729 1508 Initium
749 1469 876 1507 Veris.

247 1555 272 1592 g
327 1540 369 1578 iii
485 1539 543 1576 Id.
566 1539 705 1576 Bootes
723 1537 856 1582 oritur,
877 1544 916 1575 et
935 1544 993 1575 est
1013 1537 1157 1575 festum
1179 1537 1316 1574 Fauni.

248 1608 286 1645 A
326 1608 353 1644 ii
484 1605 543 1643 Id.

246 1678 272 1714 b
326 1675 472 1713 Idibus.
483 1674 644 1712 Festum
663 1673 689 1709 J
692 1673 770 1710 ovis
790 1680 829 1709 et
851 1671 987 1709 Fauni.
1044 1671 1086 1708 N
1088 1672 1232 1709 efastus
1251 1671 1333 1710 dies
1353 1671 1572 1709 Fabiorum.

246 1758 267 1783 c
329 1743 394 1781 xvi
487 1741 578 1779 Kal.
598 1739 932 1790 Martii.rAnguis,
955 1739 1116 1784 Corvus,
1137 1740 1272 1777 Crater
1299 1739 1486 1777 oriuntur.

247 1812 273 1850 d
327 1825 378 1849 xv
485 1809 575 1847 Kal.
594 1808 660 1846 Sol
680 1809 799 1846 intrat
819 1808 859 1845 in
881 1808 1022 1846 Pisces.
1074 1808 1221 1846 Iterum
1242 1808 1379 1846 Fauni.

247 1893 268 1918 e
324 1879 390 1916 xiv
484 1876 573 1915 Kal.

246 1948 267 1985 f
328 1947 396 1984 xiii
486 1945 576 1982 Kal.
598 1944 759 1981 Festum
774 1944 943 1990 Quirini.
966 1944 1125 1982 Festum
1146 1943 1363 1982 Stultorum
1383 1952 1422 1981 et
1440 1943 1632 1981 Fornacis.

246 2028 272 2064 g
325 2013 380 2050 xii
485 2011 574 2048 Kal.
597 2010 757 2048 Feralia.

246 2081 286 2119 A
323 2081 362 2117 xi
484 2078 573 2116 Kal.
594 2077 759 2116 Caristia
777 2079 955 2116 virorum.

247 2149 272 2185 b
325 2161 350 2184 x
484 2145 573 2183 Kal.
595 2145 779 2183 Termini.

249 2231 268 2254 c
327 2216 367 2252 ix
486 2213 575 2251 Kal.

248 2284 272 2321 d
327 2284 392 2321 viii
483 2281 572 2319 Kal.
595 2281 705 2331 Fuga
725 2281 925 2332 Tarquinii
946 2281 1123 2331 Superbi.
1147 2280 1260 2319 Veris
1281 2281 1448 2319 initium.

328 2352 379 2388 vii
489 2349 577 2386 Kal.

249 2367 269 2390 e

250 2421 270 2456 f
325 2420 361 2456 vi
486 2416 575 2454 Kal.

248 2503 273 2538 g
327 2502 350 2524 v
485 2485 575 2522 Kal.

249 2556 287 2594 A
325 2556 363 2593 iv
484 2552 573 2590 Kal.

247 2625 271 2661 b
325 2623 368 2660 iii
484 2620 573 2657 Kal.
595 2619 756 2670 Equiria
774 2619 815 2656 in
835 2632 965 2669 campo
985 2618 1140 2655 Martio.

249 2702 268 2724 e
327 2686 353 2722 ii
485 2682 573 2720 Kal.
