1809 3220
165 180 251 220 514

569 174 617 214 Ρ.
654 169 869 212 OVIDII
908 166 1192 209 NASONIS

171 297 285 350 Qua
311 308 402 340 sua
428 288 716 338 Penthiden
745 285 911 351 proles
939 290 1018 331 est
1043 283 1146 330 ulta
1175 281 1481 346 Lycurgum,

239 372 365 420 Haec
393 375 597 417 maneat
622 365 710 414 teli
735 371 785 411 te
813 377 1019 427 quoque
1046 361 1197 425 plaga
1222 358 1353 406 novi.

1495 359 1594 404 610

173 450 348 513 thue
376 446 554 499 Milon,
585 444 736 491 robur
761 441 1003 488 diducere
1028 438 1183 485 fissile
1209 443 1393 492 tentes,

241 525 352 573 Nec
380 523 544 589 possis
572 528 747 586 captas
775 519 892 566 iride
919 516 1101 565 referre
1130 531 1326 563 manus.

174 603 583 665 Muneribusque
609 599 709 648 tuis
735 596 954 653 laedaris,
983 602 1039 643 ut
1065 594 1257 649 Icarus,
1286 592 1337 639 in
1362 607 1516 656 quem

243 681 422 729 Intulit
446 686 666 728 armatas
693 677 832 726 ebria
855 675 1005 724 turba
1027 689 1225 722 manuS.

174 760 430 823 Quodque
457 758 632 806 dolore
658 755 798 804 necis
825 751 1003 819 patriae
1030 751 1113 817 pia
1138 750 1241 798 filia
1265 748 1403 804 fecit,

1498 748 1597 795 615

241 836 459 885 Vincula
486 852 575 900 per
600 833 771 898 laquei
795 832 874 880 fac
900 830 992 879 tibi
1018 836 1192 893 guttur
1218 833 1353 876 eant.

177 917 562 978 Obstructoque
588 912 773 960 famem
800 908 1007 975 patiaris
1033 908 1203 955 limine
1230 905 1370 962 tecti,

248 993 321 1041 Ut
347 993 513 1056 legem
539 1007 702 1056 poenae
728 989 811 1037 cui
837 988 979 1036 dedit
1003 987 1115 1051 ipsa
1141 1001 1341 1050 parens.

177 1072 322 1120 Illius
349 1070 588 1134 exemplo
615 1068 771 1116 violes
799 1066 1070 1114 simulacra
1096 1063 1292 1118 Dianae,

243 1148 444 1197 Aulidis
471 1165 501 1196 a
526 1153 674 1212 portu
701 1145 790 1209 qui
814 1145 924 1193 leve
948 1142 1099 1190 vertit
1124 1141 1235 1190 iter.

1502 1138 1602 1183 620

179 1226 547 1292 Naupliadaeve
574 1224 724 1271 modo
749 1223 868 1270 ficto
894 1239 983 1287 pro
1009 1220 1218 1269 crimine
1243 1233 1420 1283 poenas

247 1304 415 1353 Morte
441 1305 580 1360 1uas;
624 1319 716 1350 nec
744 1309 794 1350 te
820 1318 921 1349 non
946 1299 1193 1348 meruisse
1213 1299 1372 1361 juvet.

225 1480 300 1510 609.
342 1477 560 1517 Pentheiden.]
599 1476 775 1506 Penthiden
804 1485 856 1505 ve-

181 1536 276 1560 teres.
301 1528 463 1562 H.—-Qua
487 1538 553 1557 suu.
583 1526 694 1559 Butes.
720 1524 858 1566 Lycurgi

179 1579 276 1616 filius,
291 1579 331 1609 ob
349 1583 473 1620 patrem
494 1577 659 1607 sublatum
681 1586 700 1605 a
715 1573 858 1610 Baccho,

181 1630 250 1671 ejus
284 1627 423 1659 numinis
448 1625 629 1658 sacerdotes
659 1634 770 1654 omnes
803 1633 859 1654 ne·

181 1678 267 1710 cavit
295 1676 390 1708 variis
427 1681 460 1707 et
495 1673 708 1706 acerbissimis
737 1672 858 1715 suppli-

182 1728 251 1759 ciis.

225 1778 300 1808 613.
327 1775 538 1816 Muneribus]
567 1774 690 1809 Icarus,
709 1772 862 1813 Erigones

183 1835 285 1871 pater,
298 1837 396 1869 quum
408 1826 527 1856 Atticae
545 1825 673 1856 colonos
687 1822 754 1853 vini
769 1832 861 1853 usum

183 1877 356 1913 docuisset,
374 1875 421 1906 illi
445 1874 598 1906 inusitato
624 1873 748 1916 liquore
773 1871 862 1908 ebrii,

181 1938 341 1959 venenum
359 1926 469 1957 datum
492 1924 553 1956 sibi
573 1923 774 1959 arbitrantes,
790 1932 864 1953 eum

184 1983 341 2010 necarunt
370 1986 433 2007 uno
463 1975 608 2017 impetu:
646 1973 737 2016 cujus
764 1978 864 2003 morte

189 2028 311 2063 audita,
328 2025 466 2067 Erigone
487 2025 554 2056 filia
578 2024 694 2066 laqueo
709 2023 806 2054 vitam
823 2021 860 2052 fi-

185 2077 287 2114 nivit;
312 2075 472 2118 Hyginus,
488 2075 567 2105 Fab.
590 2075 661 2105 130.

229 2127 303 2157 617.
323 2124 512 2165 Obstructa]
531 2124 670 2155 Tantum
680 2128 747 2153 erat
757 2121 863 2152 laudis

183 2176 308 2207 bellicae
331 2175 471 2206 studium
489 2175 572 2216 apud
591 2172 862 2208 Lacedaemonios,

184 2233 220 2256 ut
236 2231 353 2256 matres
369 2224 442 2255 filiis
463 2224 493 2254 ir.
515 2224 614 2254 aciem
634 2221 864 2264 prodeuntibus

184 2281 275 2306 scuta
284 2275 489 2317 porrigentes,
499 2273 567 2304 haec
578 2273 736 2304 dicerent:
751 2276 771 2288 ‘⁴
781 2271 864 2302 Cum

184 2326 244 2361 his,
270 2331 325 2355 aut
351 2326 496 2361 victores,
522 2331 577 2354 aut
602 2322 752 2353 mortui.”
799 2322 863 2352 Eu-

186 2376 361 2417 rysthenes,
379 2385 478 2416 quum
503 2375 584 2405 male
607 2378 791 2416 pugnasset,
810 2371 864 2402 do-

187 2436 272 2456 mum
307 2425 500 2466 sempiterno
538 2424 695 2455 dedecore
732 2422 862 2458 adfecit,

188 2486 251 2517 qua
274 2476 313 2505 de
340 2485 437 2506 causa
466 2480 566 2505 mater
590 2473 769 2515 indignata,
792 2482 864 2502 eum

186 2526 330 2556 clausum
348 2524 455 2556 inedia
470 2524 569 2567 perire
587 2523 701 2565 coegit.
714 2522 866 2553 *Dorm—

190 2575 311 2606 Limine
330 2582 411 2607 tecti.
457 2574 525 2605 Alii
537 2580 655 2609 autem,
671 2574 775 2604 limine
791 2579 863 2603 tem-

185 2627 230 2664 pli
265 2632 378 2666 putant
417 2624 600 2667 legendum,
637 2623 787 2665 quoniam
825 2622 865 2654 de

188 2675 350 2706 Pausania
377 2675 588 2716 intelligatur,
610 2673 665 2716 qui
690 2675 722 2704 in
748 2673 866 2715 templo

189 2726 344 2756 Minervae
385 2724 580 2767 χαλκιοίκου
614 2724 761 2755 obsessus
799 2722 866 2752 suit.

187 2775 303 2805 Scribit
332 2782 437 2806 autem
468 2774 617 2805 zl'ssmilius
643 2773 775 2809 Probus,
801 2782 866 2802 ma-

927 1480 1006 1504 trem
1038 1470 1218 1506 Pausaniae,
1246 1468 1431 1500 Alcitheam
1465 1465 1604 1501 nomine,

928 1534 1025 1566 quum
1057 1522 1111 1553 ille
1143 1522 1175 1552 in
1208 1519 1363 1562 templum
1398 1515 1604 1558 confugisset,

927 1574 1100 1615 ephorique
1121 1572 1203 1603 fores
1225 1569 1385 1604 aediculae,
1402 1567 1458 1599 ubi
1475 1566 1529 1598 ille
1550 1566 1604 1597 ab·

928 1622 1015 1653 ditus
1035 1628 1112 1658 erat,
1129 1622 1339 1655 obstruerent,
1356 1628 1393 1649 ac
1411 1622 1533 1648 tectum
1549 1615 1604 1647 de-

929 1672 1125 1709 molirentur,
1149 1677 1185 1702 ut
1205 1668 1313 1712 inopia
1332 1679 1436 1700 rerum
1459 1677 1497 1698 ac
1521 1666 1605 1698 same

928 1723 1128 1754 laborantem
1161 1721 1220 1752 hoc
1257 1724 1351 1763 pacto
1387 1718 1605 1755 conficerent3

930 1779 1095 1816 postquam
1127 1772 1167 1803 de
1199 1771 1319 1802 scelere
1353 1780 1391 1801 ac
1427 1766 1604 1812 proditione

930 1823 987 1854 filii
1007 1823 1226 1865 comperisset,
1249 1820 1384 1864 primum
1405 1819 1544 1862 lapidem
1565 1817 1606 1848 ad

930 1873 1142 1905 obserandum
1159 1872 1248 1903 illam
1265 1870 1459 1912 adportasse,
1475 1868 1508 1900 id
1519 1867 1606 1909 quod

932 1924 984 1955 hie
1010 1923 1107 1955 Ovid.
1135 1921 1249 1958 innuit,
1275 1931 1373 1963 quum
1399 1919 1478 1951 dicit
1499 1918 1604 1960 legem

932 1985 1038 2017 poenae
1055 1973 1158 2016 ipsam
1176 1977 1340 2014 parentem
1357 1970 1494 2001 dedisse.
1541 1969 1607 2001 Ve-

932 2035 1001 2055 rum
1023 2025 1054 2055 in
1078 2023 1205 2054 schedis
1227 2019 1503 2053 San-Victorianis
1525 2018 1605 2061 legi-

932 2081 994 2111 tur,
1019 2077 1080 2115 ipse
1101 2084 1228 2114 paiens.-
1259 2072 1302 2102 Et
1325 2078 1392 2102 tum
1416 2068 1606 2111 Agesilaum

936 2124 1105 2156 Pausauiae
1118 2128 1237 2166 patrem
1250 2121 1328 2153 aedis
1336 2122 1418 2152 fores
1429 2119 1607 2151 occuluisse

932 2174 1109 2216 putandum
1134 2173 1312 2204 est.——Hoc
1330 2181 1413 2207 vero,
1428 2180 1500 2201 cum
1521 2170 1606 2200 Pau-

932 2224 1039 2255 sanias
1066 2224 1177 2255 tutoris
1205 2232 1335 2253 munere
1359 2220 1488 2252 functus
1511 2226 1606 2256 esset,

933 2274 1080 2316 prohibet
1096 2273 1231 2304 liistoriae
1247 2272 1336 2303 fides.
1361 2271 1426 2302 En.

978 2326 1052 2356 619.
1084 2324 1178 2355 lilius
1202 2322 1360 2363 exempla]
1390 2319 1607 2363 Intelligenda

934 2375 989 2407 illa
1005 2380 1078 2406 sunt
1093 2374 1132 2405 de
1148 2374 1250 2416 Ajace
1262 2372 1358 2408 Oilei,
1375 2372 1442 2414 qui,
1453 2372 1494 2403 ob
1509 2371 1608 2402 viola-

935 2433 998 2457 tam
1023 2425 1238 2457 Cassandram
1262 2423 1294 2454 in
1322 2422 1440 2465 templo
1463 2420 1609 2453 Palladis

936 2477 1026 2512 Dea»,
1054 2474 1255 2516 naufragium
1282 2472 1370 2509 fecit,
1396 2478 1432 2503 ut
1461 2477 1534 2503 ante
1559 2475 1608 2502 est

934 2525 1057 2557 (lictum
1089 2536 1128 2557 ex
1163 2523 1320 2555 sententia
1355 2528 1388 2554 et
1417 2522 1549 2553 Homer.
1579 2527 1612 2553 et

934 2576 1041 2607 Strab.

978 2621 1053 2651 6‘21.
1080 2617 1294 2658 Naupliadae.]
1322 2614 1526 2652 Palamedes,
1547 2613 1608 2645 cti-

935 2671 1021 2701 mine
1044 2670 1116 2701 ficto
1139 2670 1179 2701 ab
1195 2668 1326 2709 Ulysse‚
1347 2665 1432 2709 quod
1454 2675 1568 2697 aurum
1590 2674 1609 2695 a

936 2720 1062 2752 Priamo
1077 2720 1110 2750 in
1125 2719 1309 2751 Graecorum
1326 2714 1536 2758 proditionem
1551 2723 1605 2745 ac-

936 2771 1084 2814 cepisset,
1100 2769 1261 2812 lapidibus
1275 2768 1407 2798 obrutus
1423 2771 1481 2797 est.
1506 2765 1554 2795 M.
