<?xml version="1.0" encoding="UTF-8"?>
<!DOCTYPE html PUBLIC "-//W3C//DTD XHTML 1.0 Transitional//EN"
    "http://www.w3.org/TR/xhtml1/DTD/xhtml1-transitional.dtd">
<html xmlns="http://www.w3.org/1999/xhtml" xml:lang="en" lang="en">
 <head>
  <title>
</title>
<meta http-equiv="Content-Type" content="text/html;charset=utf-8" />
  <meta name='ocr-system' content='tesseract 3.04.00' />
  <meta name='ocr-capabilities' content='ocr_page ocr_carea ocr_par ocr_line ocrx_word'/>
</head>
<body>
  <div class='ocr_page' id='page_1' title='image "./povidiinasonisop05oviduoft_0303.png"; bbox 0 0 1830 3220; ppageno 0'>
   <div class='ocr_carea' id='block_1_1' title="bbox 543 160 1140 203">
    <p class='ocr_par' dir='ltr' id='par_1_1' title="bbox 543 160 1140 203">
     <span class='ocr_line' id='line_1_1' title="bbox 543 160 1140 203; baseline 0.002 -1"><span class='ocrx_word' id='word_1_1' title='bbox 543 160 893 202; x_wconf 83' lang='lat' dir='ltr'><strong>FASTORUM</strong></span> <span class='ocrx_word' id='word_1_2' title='bbox 926 160 1046 203; x_wconf 83' lang='lat' dir='ltr'>LIB.</span> <span class='ocrx_word' id='word_1_3' title='bbox 1083 161 1140 203; x_wconf 93' lang='lat' dir='ltr'>V.</span> 
     </span>
    </p>
   </div>
   <div class='ocr_carea' id='block_1_2' title="bbox 1480 163 1567 205">
    <p class='ocr_par' dir='ltr' id='par_1_2' title="bbox 1480 163 1567 205">
     <span class='ocr_line' id='line_1_2' title="bbox 1480 163 1567 205; baseline 0.011 -1"><span class='ocrx_word' id='word_1_4' title='bbox 1480 163 1537 205; x_wconf 73' lang='lat'>27</span> <span class='ocrx_word' id='word_1_5' title='bbox 1541 164 1567 205; x_wconf 88' lang='lat'><strong><em>5</em></strong></span> 
     </span>
    </p>
   </div>
   <div class='ocr_carea' id='block_1_3' title="bbox 145 276 1564 811">
    <p class='ocr_par' dir='ltr' id='par_1_3' title="bbox 147 276 1524 420">
     <span class='ocr_line' id='line_1_3' title="bbox 147 276 1524 343; baseline 0.002 -20"><span class='ocrx_word' id='word_1_6' title='bbox 147 276 296 325; x_wconf 91' lang='lat' dir='ltr'>Virus</span> <span class='ocrx_word' id='word_1_7' title='bbox 322 278 454 325; x_wconf 82' lang='lat' dir='ltr'>edax</span> <span class='ocrx_word' id='word_1_8' title='bbox 481 278 756 341; x_wconf 86' lang='lat' dir='ltr'>superabat</span> <span class='ocrx_word' id='word_1_9' title='bbox 780 294 956 342; x_wconf 90' lang='lat' dir='ltr'>opem;</span> <span class='ocrx_word' id='word_1_10' title='bbox 987 278 1293 342; x_wconf 81' lang='lat' dir='ltr'>penitusque</span> <span class='ocrx_word' id='word_1_11' title='bbox 1319 285 1524 343; x_wconf 86' lang='lat' dir='ltr'>recepta</span> 
     </span>
     <span class='ocr_line' id='line_1_4' title="bbox 214 356 1232 420; baseline 0.002 -18"><span class='ocrx_word' id='word_1_12' title='bbox 214 356 447 411; x_wconf 80' lang='lat' dir='ltr'>OssibuS‚</span> <span class='ocrx_word' id='word_1_13' title='bbox 476 362 528 403; x_wconf 92' lang='lat' dir='ltr'>et</span> <span class='ocrx_word' id='word_1_14' title='bbox 555 362 661 404; x_wconf 88' lang='lat' dir='ltr'>toto</span> <span class='ocrx_word' id='word_1_15' title='bbox 686 372 896 420; x_wconf 88' lang='lat' dir='ltr'>corpore</span> <span class='ocrx_word' id='word_1_16' title='bbox 923 357 1083 420; x_wconf 91' lang='lat' dir='ltr'>pestis</span> <span class='ocrx_word' id='word_1_17' title='bbox 1108 364 1232 405; x_wconf 84' lang='lat' dir='ltr'>erat.</span> 
     </span>
    </p>

    <p class='ocr_par' dir='ltr' id='par_1_4' title="bbox 149 434 1564 577">
     <span class='ocr_line' id='line_1_5' title="bbox 149 434 1564 498; baseline 0 -17"><span class='ocrx_word' id='word_1_18' title='bbox 149 434 406 497; x_wconf 79' lang='lat' dir='ltr'>Sanguine</span> <span class='ocrx_word' id='word_1_19' title='bbox 435 434 678 482; x_wconf 81' lang='lat' dir='ltr'>Centauri</span> <span class='ocrx_word' id='word_1_20' title='bbox 707 434 926 483; x_wconf 82' lang='lat' dir='ltr'>Lernaeae</span> <span class='ocrx_word' id='word_1_21' title='bbox 953 435 1157 498; x_wconf 83' lang='lat' dir='ltr'>sanguis</span> <span class='ocrx_word' id='word_1_22' title='bbox 1185 434 1430 483; x_wconf 88' lang='lat' dir='ltr'>Echidnae</span> <span class='ocrx_word' id='word_1_23' title='bbox 1465 436 1564 482; x_wconf 89' lang='grc'>405</span> 
     </span>
     <span class='ocr_line' id='line_1_6' title="bbox 212 511 1421 577; baseline 0.002 -19"><span class='ocrx_word' id='word_1_24' title='bbox 212 511 408 558; x_wconf 84' lang='lat' dir='ltr'>Mixtus</span> <span class='ocrx_word' id='word_1_25' title='bbox 435 512 499 558; x_wconf 84' lang='lat' dir='ltr'>ad</span> <span class='ocrx_word' id='word_1_26' title='bbox 526 512 771 559; x_wconf 84' lang='lat' dir='ltr'>auxilium</span> <span class='ocrx_word' id='word_1_27' title='bbox 797 520 1027 577; x_wconf 86' lang='lat' dir='ltr'>tempora</span> <span class='ocrx_word' id='word_1_28' title='bbox 1052 513 1189 560; x_wconf 85' lang='lat' dir='ltr'>nulla</span> <span class='ocrx_word' id='word_1_29' title='bbox 1213 513 1421 561; x_wconf 84' lang='lat' dir='ltr'>dabant.</span> 
     </span>
    </p>

    <p class='ocr_par' dir='ltr' id='par_1_5' title="bbox 147 590 1558 726">
     <span class='ocr_line' id='line_1_7' title="bbox 147 590 1558 655; baseline 0 -17"><span class='ocrx_word' id='word_1_30' title='bbox 147 590 344 646; x_wconf 79' lang='lat' dir='ltr'>Stabat,</span> <span class='ocrx_word' id='word_1_31' title='bbox 364 597 419 637; x_wconf 90' lang='lat' dir='ltr'>ut</span> <span class='ocrx_word' id='word_1_32' title='bbox 434 598 550 638; x_wconf 85' lang='lat' dir='ltr'>ante</span> <span class='ocrx_word' id='word_1_33' title='bbox 566 597 780 654; x_wconf 81' lang='lat' dir='ltr'>patrem,</span> <span class='ocrx_word' id='word_1_34' title='bbox 799 591 1037 655; x_wconf 88' lang='lat' dir='ltr'>lacrymis</span> <span class='ocrx_word' id='word_1_35' title='bbox 1054 591 1287 655; x_wconf 83' lang='lat' dir='ltr'>perfusus</span> <span class='ocrx_word' id='word_1_36' title='bbox 1309 591 1558 649; x_wconf 81' lang='lat' dir='ltr'>Achilles3</span> 
     </span>
     <span class='ocr_line' id='line_1_8' title="bbox 216 668 1304 726; baseline 0.002 -11"><span class='ocrx_word' id='word_1_37' title='bbox 216 668 302 716; x_wconf 88' lang='lat' dir='ltr'>Sic</span> <span class='ocrx_word' id='word_1_38' title='bbox 329 669 528 715; x_wconf 89' lang='lat' dir='ltr'>flendus</span> <span class='ocrx_word' id='word_1_39' title='bbox 556 668 760 726; x_wconf 86' lang='lat' dir='ltr'>Peleus,</span> <span class='ocrx_word' id='word_1_40' title='bbox 790 669 830 717; x_wconf 91' lang='lat' dir='ltr'>si</span> <span class='ocrx_word' id='word_1_41' title='bbox 858 678 1150 726; x_wconf 83' lang='lat' dir='ltr'>moreretur,</span> <span class='ocrx_word' id='word_1_42' title='bbox 1181 678 1304 718; x_wconf 81' lang='lat' dir='ltr'>erat.</span> 
     </span>
    </p>

    <p class='ocr_par' dir='ltr' id='par_1_6' title="bbox 145 747 1426 811">
     <span class='ocr_line' id='line_1_9' title="bbox 145 747 1426 811; baseline 0.002 -18"><span class='ocrx_word' id='word_1_43' title='bbox 145 747 295 811; x_wconf 74' lang='lat' dir='ltr'>Saepe</span> <span class='ocrx_word' id='word_1_44' title='bbox 320 763 498 794; x_wconf 86' lang='lat' dir='ltr'>manus</span> <span class='ocrx_word' id='word_1_45' title='bbox 527 763 686 810; x_wconf 80' lang='lat' dir='ltr'>aegras</span> <span class='ocrx_word' id='word_1_46' title='bbox 713 748 947 795; x_wconf 83' lang='lat' dir='ltr'>manibus</span> <span class='ocrx_word' id='word_1_47' title='bbox 973 748 1198 811; x_wconf 80' lang='lat' dir='ltr'>fingebat</span> <span class='ocrx_word' id='word_1_48' title='bbox 1223 748 1426 805; x_wconf 82' lang='lat' dir='ltr'>amicis3</span> 
     </span>
    </p>
   </div>
   <div class='ocr_carea' id='block_1_4' title="bbox 209 824 1376 891">
    <p class='ocr_par' dir='ltr' id='par_1_7' title="bbox 209 824 1376 891">
     <span class='ocr_line' id='line_1_10' title="bbox 209 824 1376 891; baseline 0.003 -20"><span class='ocrx_word' id='word_1_49' title='bbox 209 824 428 881; x_wconf 85' lang='lat' dir='ltr'>Morum,</span> <span class='ocrx_word' id='word_1_50' title='bbox 458 842 585 889; x_wconf 88' lang='lat' dir='ltr'>quos</span> <span class='ocrx_word' id='word_1_51' title='bbox 611 825 746 883; x_wconf 90' lang='lat' dir='ltr'>fecit,</span> <span class='ocrx_word' id='word_1_52' title='bbox 774 827 982 891; x_wconf 81' lang='lat' dir='ltr'>praemia</span> <span class='ocrx_word' id='word_1_53' title='bbox 1006 827 1181 874; x_wconf 84' lang='lat' dir='ltr'>doctor</span> <span class='ocrx_word' id='word_1_54' title='bbox 1206 826 1376 874; x_wconf 86' lang='lat' dir='ltr'>habet.</span> 
     </span>
    </p>
   </div>
   <div class='ocr_carea' id='block_1_5' title="bbox 1457 829 1557 873">
    <p class='ocr_par' dir='ltr' id='par_1_8' title="bbox 1457 829 1557 873">
     <span class='ocr_line' id='line_1_11' title="bbox 1457 829 1557 873; baseline 0.01 -1"><span class='ocrx_word' id='word_1_55' title='bbox 1457 829 1557 873; x_wconf 91' lang='lat'>410</span> 
     </span>
    </p>
   </div>
   <div class='ocr_carea' id='block_1_6' title="bbox 144 903 1504 1125">
    <p class='ocr_par' dir='ltr' id='par_1_9' title="bbox 144 903 1504 1125">
     <span class='ocr_line' id='line_1_12' title="bbox 144 903 1504 969; baseline 0.001 -19"><span class='ocrx_word' id='word_1_56' title='bbox 144 903 336 951; x_wconf 83' lang='lat' dir='ltr'>Oscula</span> <span class='ocrx_word' id='word_1_57' title='bbox 361 920 498 968; x_wconf 84' lang='lat' dir='ltr'>saepe</span> <span class='ocrx_word' id='word_1_58' title='bbox 524 905 692 953; x_wconf 85' lang='lat' dir='ltr'>dedit:</span> <span class='ocrx_word' id='word_1_59' title='bbox 735 906 867 953; x_wconf 83' lang='lat' dir='ltr'>dixit</span> <span class='ocrx_word' id='word_1_60' title='bbox 892 922 1099 969; x_wconf 89' lang='lat' dir='ltr'>quoque</span> <span class='ocrx_word' id='word_1_61' title='bbox 1127 922 1262 969; x_wconf 82' lang='lat' dir='ltr'>saepe</span> <span class='ocrx_word' id='word_1_62' title='bbox 1282 905 1504 968; x_wconf 84' lang='lat' dir='ltr'>jacenti;</span> 
     </span>
     <span class='ocr_line' id='line_1_13' title="bbox 212 982 1467 1047; baseline 0.002 -19"><span class='ocrx_word' id='word_1_63' title='bbox 212 982 353 1039; x_wconf 88' lang='lat' dir='ltr'>Vive,</span> <span class='ocrx_word' id='word_1_64' title='bbox 382 999 587 1046; x_wconf 80' lang='lat' dir='ltr'>precor;</span> <span class='ocrx_word' id='word_1_65' title='bbox 629 1001 724 1032; x_wconf 87' lang='lat' dir='ltr'>nec</span> <span class='ocrx_word' id='word_1_66' title='bbox 749 1001 847 1040; x_wconf 90' lang='lat' dir='ltr'>me,</span> <span class='ocrx_word' id='word_1_67' title='bbox 876 1000 1007 1039; x_wconf 84' lang='lat' dir='ltr'>care,</span> <span class='ocrx_word' id='word_1_68' title='bbox 1035 983 1279 1046; x_wconf 83' lang='lat' dir='ltr'>relinque,</span> <span class='ocrx_word' id='word_1_69' title='bbox 1306 990 1467 1047; x_wconf 85' lang='lat' dir='ltr'>pater.</span> 
     </span>
     <span class='ocr_line' id='line_1_14' title="bbox 146 1058 1500 1125; baseline 0.001 -19"><span class='ocrx_word' id='word_1_70' title='bbox 146 1058 296 1107; x_wconf 87' lang='lat' dir='ltr'>Nona</span> <span class='ocrx_word' id='word_1_71' title='bbox 321 1061 429 1108; x_wconf 91' lang='lat' dir='ltr'>dies</span> <span class='ocrx_word' id='word_1_72' title='bbox 457 1062 660 1119; x_wconf 81' lang='lat' dir='ltr'>aderat3</span> <span class='ocrx_word' id='word_1_73' title='bbox 703 1078 862 1125; x_wconf 88' lang='lat' dir='ltr'>quum</span> <span class='ocrx_word' id='word_1_74' title='bbox 888 1069 959 1117; x_wconf 88' lang='lat' dir='ltr'>tu,</span> <span class='ocrx_word' id='word_1_75' title='bbox 981 1061 1264 1125; x_wconf 85' lang='lat' dir='ltr'>justissime</span> <span class='ocrx_word' id='word_1_76' title='bbox 1292 1060 1500 1117; x_wconf 83' lang='lat' dir='ltr'>Chiron,</span> 
     </span>
    </p>
   </div>
   <div class='ocr_carea' id='block_1_7' title="bbox 212 1138 1324 1204">
    <p class='ocr_par' dir='ltr' id='par_1_10' title="bbox 212 1138 1324 1204">
     <span class='ocr_line' id='line_1_15' title="bbox 212 1138 1324 1204; baseline 0.002 -20"><span class='ocrx_word' id='word_1_77' title='bbox 212 1138 301 1185; x_wconf 86' lang='lat' dir='ltr'>Bis</span> <span class='ocrx_word' id='word_1_78' title='bbox 327 1147 524 1202; x_wconf 86' lang='lat' dir='ltr'>septem</span> <span class='ocrx_word' id='word_1_79' title='bbox 550 1140 711 1187; x_wconf 89' lang='lat' dir='ltr'>stellis</span> <span class='ocrx_word' id='word_1_80' title='bbox 737 1156 948 1204; x_wconf 87' lang='lat' dir='ltr'>corpora</span> <span class='ocrx_word' id='word_1_81' title='bbox 973 1140 1169 1186; x_wconf 90' lang='lat' dir='ltr'>cinctus</span> <span class='ocrx_word' id='word_1_82' title='bbox 1196 1155 1324 1186; x_wconf 86' lang='lat' dir='ltr'>eras.</span> 
     </span>
    </p>
   </div>
   <div class='ocr_carea' id='block_1_8' title="bbox 1461 1142 1559 1187">
    <p class='ocr_par' dir='ltr' id='par_1_11' title="bbox 1461 1142 1559 1187">
     <span class='ocr_line' id='line_1_16' title="bbox 1461 1142 1559 1187; baseline 0.01 -1"><span class='ocrx_word' id='word_1_83' title='bbox 1461 1142 1559 1187; x_wconf 94' lang='lat'>414</span> 
     </span>
    </p>
   </div>
   <div class='ocr_carea' id='block_1_9' title="bbox 143 1214 1559 1281">
    <p class='ocr_par' dir='ltr' id='par_1_12' title="bbox 143 1214 1559 1281">
     <span class='ocr_line' id='line_1_17' title="bbox 143 1214 1559 1281; baseline 0.002 -19"><span class='ocrx_word' id='word_1_84' title='bbox 143 1214 309 1263; x_wconf 82' lang='lat' dir='ltr'>HUNc</span> <span class='ocrx_word' id='word_1_85' title='bbox 339 1216 472 1280; x_wconf 87' lang='lat' dir='ltr'>Lyra</span> <span class='ocrx_word' id='word_1_86' title='bbox 493 1233 646 1264; x_wconf 83' lang='lat' dir='ltr'>curva</span> <span class='ocrx_word' id='word_1_87' title='bbox 668 1216 810 1281; x_wconf 88' lang='lat' dir='ltr'>sequi</span> <span class='ocrx_word' id='word_1_88' title='bbox 839 1224 1050 1280; x_wconf 84' lang='lat' dir='ltr'>cuperet</span> <span class='ocrx_word' id='word_1_89' title='bbox 1072 1235 1082 1274; x_wconf 84' lang='lat'><em>3</em></span> <span class='ocrx_word' id='word_1_90' title='bbox 1115 1217 1204 1264; x_wconf 88' lang='lat' dir='ltr'>sed</span> <span class='ocrx_word' id='word_1_91' title='bbox 1230 1217 1411 1265; x_wconf 88' lang='lat' dir='ltr'>idonea</span> <span class='ocrx_word' id='word_1_92' title='bbox 1436 1235 1559 1266; x_wconf 89' lang='lat' dir='ltr'>non-</span> 
     </span>
    </p>
   </div>
   <div class='ocr_carea' id='block_1_10' title="bbox 211 1293 1317 1360">
    <p class='ocr_par' dir='ltr' id='par_1_13' title="bbox 211 1293 1317 1360">
     <span class='ocr_line' id='line_1_18' title="bbox 211 1293 1317 1360; baseline 0.002 -20"><span class='ocrx_word' id='word_1_93' title='bbox 211 1293 305 1341; x_wconf 83' lang='lat' dir='ltr'>Est</span> <span class='ocrx_word' id='word_1_94' title='bbox 329 1295 436 1343; x_wconf 90' lang='lat' dir='ltr'>via:</span> <span class='ocrx_word' id='word_1_95' title='bbox 478 1312 579 1342; x_wconf 85' lang='lat' dir='ltr'>nox</span> <span class='ocrx_word' id='word_1_96' title='bbox 606 1302 780 1360; x_wconf 83' lang='lat' dir='ltr'>aptum</span> <span class='ocrx_word' id='word_1_97' title='bbox 803 1295 953 1343; x_wconf 80' lang='lat' dir='ltr'>tertia</span> <span class='ocrx_word' id='word_1_98' title='bbox 977 1302 1180 1359; x_wconf 87' lang='lat' dir='ltr'>tempus</span> <span class='ocrx_word' id='word_1_99' title='bbox 1206 1296 1317 1343; x_wconf 87' lang='lat' dir='ltr'>erit.</span> 
     </span>
    </p>
   </div>
   <div class='ocr_carea' id='block_1_11' title="bbox 1417 1296 1560 1359">
    <p class='ocr_par' dir='ltr' id='par_1_14' title="bbox 1417 1296 1560 1359">
     <span class='ocr_line' id='line_1_19' title="bbox 1417 1296 1560 1359; baseline 0.007 -17"><span class='ocrx_word' id='word_1_100' title='bbox 1417 1296 1560 1359; x_wconf 89' lang='lat' dir='ltr'>[dum</span> 
     </span>
    </p>
   </div>
   <div class='ocr_carea' id='block_1_12' title="bbox 144 1373 1487 1518">
    <p class='ocr_par' dir='ltr' id='par_1_15' title="bbox 144 1373 1487 1518">
     <span class='ocr_line' id='line_1_20' title="bbox 144 1373 1487 1438; baseline 0.001 -18"><span class='ocrx_word' id='word_1_101' title='bbox 144 1373 422 1421; x_wconf 64' lang='lat' dir='ltr'>Sconpms</span> <span class='ocrx_word' id='word_1_102' title='bbox 452 1375 502 1422; x_wconf 93' lang='lat' dir='ltr'>in</span> <span class='ocrx_word' id='word_1_103' title='bbox 528 1376 672 1431; x_wconf 85' lang='lat' dir='ltr'>coelo,</span> <span class='ocrx_word' id='word_1_104' title='bbox 702 1391 861 1438; x_wconf 88' lang='lat' dir='ltr'>quum</span> <span class='ocrx_word' id='word_1_105' title='bbox 887 1390 998 1422; x_wconf 88' lang='lat' dir='ltr'>cras</span> <span class='ocrx_word' id='word_1_106' title='bbox 1025 1375 1284 1421; x_wconf 85' lang='lat' dir='ltr'>lucescere</span> <span class='ocrx_word' id='word_1_107' title='bbox 1312 1373 1487 1422; x_wconf 84' lang='lat' dir='ltr'>Nonas</span> 
     </span>
     <span class='ocr_line' id='line_1_21' title="bbox 212 1452 1296 1518; baseline 0.001 -19"><span class='ocrx_word' id='word_1_108' title='bbox 212 1452 462 1510; x_wconf 88' lang='lat' dir='ltr'>Dicimus,</span> <span class='ocrx_word' id='word_1_109' title='bbox 490 1471 520 1502; x_wconf 85' lang='lat' dir='ltr'>a</span> <span class='ocrx_word' id='word_1_110' title='bbox 544 1454 713 1502; x_wconf 86' lang='lat' dir='ltr'>media</span> <span class='ocrx_word' id='word_1_111' title='bbox 738 1460 881 1518; x_wconf 83' lang='lat' dir='ltr'>parte</span> <span class='ocrx_word' id='word_1_112' title='bbox 907 1453 1159 1500; x_wconf 87' lang='lat' dir='ltr'>notandus</span> <span class='ocrx_word' id='word_1_113' title='bbox 1185 1452 1296 1500; x_wconf 85' lang='lat' dir='ltr'>erit.</span> 
     </span>
    </p>
   </div>
   <div class='ocr_carea' id='block_1_13' title="bbox 135 1556 818 2745">
    <p class='ocr_par' dir='ltr' id='par_1_16' title="bbox 138 1556 818 1897">
     <span class='ocr_line' id='line_1_22' title="bbox 141 1556 815 1594; baseline 0.001 -7"><span class='ocrx_word' id='word_1_114' title='bbox 141 1556 272 1588; x_wconf 84' lang='lat' dir='ltr'>miscere</span> <span class='ocrx_word' id='word_1_115' title='bbox 288 1557 413 1594; x_wconf 82' lang='lat' dir='ltr'>herbas,</span> <span class='ocrx_word' id='word_1_116' title='bbox 428 1564 460 1589; x_wconf 89' lang='lat' dir='ltr'>et</span> <span class='ocrx_word' id='word_1_117' title='bbox 476 1569 587 1589; x_wconf 87' lang='lat' dir='ltr'>succos</span> <span class='ocrx_word' id='word_1_118' title='bbox 607 1557 759 1589; x_wconf 80' lang='lat' dir='ltr'>adhibere</span> <span class='ocrx_word' id='word_1_119' title='bbox 776 1557 815 1588; x_wconf 79' lang='lat' dir='ltr'>ad</span> 
     </span>
     <span class='ocr_line' id='line_1_23' title="bbox 139 1606 816 1651; baseline 0.001 -14"><span class='ocrx_word' id='word_1_120' title='bbox 139 1606 339 1639; x_wconf 79' lang='lat' dir='ltr'>medicamen</span> <span class='ocrx_word' id='word_1_121' title='bbox 354 1608 620 1651; x_wconf 86' lang='lat' dir='ltr'>componendum.</span> <span class='ocrx_word' id='word_1_122' title='bbox 669 1609 816 1644; x_wconf 61' lang='grc' dir='ltr'>Μαίων-ε,</span> 
     </span>
     <span class='ocr_line' id='line_1_24' title="bbox 142 1656 815 1699; baseline 0.003 -12"><span class='ocrx_word' id='word_1_123' title='bbox 142 1662 176 1687; x_wconf 89' lang='lat' dir='ltr'>ut</span> <span class='ocrx_word' id='word_1_124' title='bbox 186 1656 310 1698; x_wconf 79' lang='lat' dir='ltr'>fouere,</span> <span class='ocrx_word' id='word_1_125' title='bbox 334 1664 459 1699; x_wconf 80' lang='lat' dir='ltr'>gratam</span> <span class='ocrx_word' id='word_1_126' title='bbox 482 1657 684 1689; x_wconf 87' lang='lat' dir='ltr'>refectionem</span> <span class='ocrx_word' id='word_1_127' title='bbox 708 1663 740 1689; x_wconf 88' lang='lat' dir='ltr'>et</span> <span class='ocrx_word' id='word_1_128' title='bbox 760 1669 815 1689; x_wconf 89' lang='lat' dir='ltr'>cu-</span> 
     </span>
     <span class='ocr_line' id='line_1_25' title="bbox 140 1705 817 1746; baseline 0.003 -10"><span class='ocrx_word' id='word_1_129' title='bbox 140 1716 208 1737; x_wconf 87' lang='lat' dir='ltr'>ram</span> <span class='ocrx_word' id='word_1_130' title='bbox 234 1705 365 1738; x_wconf 84' lang='lat' dir='ltr'>indicat.</span> <span class='ocrx_word' id='word_1_131' title='bbox 416 1707 510 1738; x_wconf 71' lang='lat' dir='ltr'>Varia</span> <span class='ocrx_word' id='word_1_132' title='bbox 534 1707 615 1738; x_wconf 87' lang='lat' dir='ltr'>bene</span> <span class='ocrx_word' id='word_1_133' title='bbox 634 1718 667 1738; x_wconf 88' lang='lat' dir='ltr'>se</span> <span class='ocrx_word' id='word_1_134' title='bbox 695 1707 817 1746; x_wconf 79' lang='lat' dir='ltr'>liabet3</span> 
     </span>
     <span class='ocr_line' id='line_1_26' title="bbox 140 1755 818 1798; baseline 0.004 -13"><span class='ocrx_word' id='word_1_135' title='bbox 140 1755 197 1786; x_wconf 86' lang='lat' dir='ltr'>sed</span> <span class='ocrx_word' id='word_1_136' title='bbox 215 1756 303 1797; x_wconf 88' lang='lat' dir='ltr'>vulg.</span> <span class='ocrx_word' id='word_1_137' title='bbox 329 1768 407 1787; x_wconf 76' lang='lat' dir='ltr'>vana</span> <span class='ocrx_word' id='word_1_138' title='bbox 427 1757 607 1798; x_wconf 78' lang='lat' dir='ltr'>respuenda</span> <span class='ocrx_word' id='word_1_139' title='bbox 628 1763 685 1788; x_wconf 89' lang='lat' dir='ltr'>est.</span> <span class='ocrx_word' id='word_1_140' title='bbox 733 1757 818 1788; x_wconf 89' lang='lat' dir='ltr'>Cura</span> 
     </span>
     <span class='ocr_line' id='line_1_27' title="bbox 141 1805 817 1844; baseline 0.004 -9"><span class='ocrx_word' id='word_1_141' title='bbox 141 1805 290 1836; x_wconf 86' lang='lat' dir='ltr'>Chironis</span> <span class='ocrx_word' id='word_1_142' title='bbox 302 1805 352 1837; x_wconf 88' lang='lat' dir='ltr'>hic</span> <span class='ocrx_word' id='word_1_143' title='bbox 364 1805 554 1837; x_wconf 84' lang='lat' dir='ltr'>describitur</span> <span class='ocrx_word' id='word_1_144' title='bbox 567 1818 575 1844; x_wconf 80' lang='lat'>3</span> <span class='ocrx_word' id='word_1_145' title='bbox 594 1817 708 1837; x_wconf 80' lang='lat' dir='ltr'>vanam</span> <span class='ocrx_word' id='word_1_146' title='bbox 722 1806 817 1838; x_wconf 80' lang='lat' dir='ltr'>fuisse</span> 
     </span>
     <span class='ocr_line' id='line_1_28' title="bbox 138 1854 662 1897; baseline 0.002 -12"><span class='ocrx_word' id='word_1_147' title='bbox 138 1865 209 1885; x_wconf 84' lang='lat' dir='ltr'>eam</span> <span class='ocrx_word' id='word_1_148' title='bbox 225 1854 257 1885; x_wconf 91' lang='lat' dir='ltr'>in</span> <span class='ocrx_word' id='word_1_149' title='bbox 273 1866 345 1897; x_wconf 84' lang='lat' dir='ltr'>sqq.</span> <span class='ocrx_word' id='word_1_150' title='bbox 361 1855 487 1887; x_wconf 87' lang='lat' dir='ltr'>demum</span> <span class='ocrx_word' id='word_1_151' title='bbox 505 1861 662 1886; x_wconf 86' lang='lat' dir='ltr'>monetur.</span> 
     </span>
    </p>

    <p class='ocr_par' dir='ltr' id='par_1_17' title="bbox 135 1905 818 2745">
     <span class='ocr_line' id='line_1_29' title="bbox 184 1905 816 1941; baseline 0.002 -6"><span class='ocrx_word' id='word_1_152' title='bbox 184 1906 259 1936; x_wconf 84' lang='lat'>403.</span> <span class='ocrx_word' id='word_1_153' title='bbox 283 1905 464 1936; x_wconf 81' lang='lat' dir='ltr'>Secundum</span> <span class='ocrx_word' id='word_1_154' title='bbox 489 1905 641 1941; x_wconf 80' lang='lat' dir='ltr'>Plinium,</span> <span class='ocrx_word' id='word_1_155' title='bbox 662 1917 736 1936; x_wconf 82' lang='lat' dir='ltr'>xxV.</span> <span class='ocrx_word' id='word_1_156' title='bbox 761 1906 816 1936; x_wconf 88' lang='lat'>30.</span> 
     </span>
     <span class='ocr_line' id='line_1_30' title="bbox 140 1954 817 1996; baseline 0 -11"><span class='ocrx_word' id='word_1_157' title='bbox 140 1954 259 1986; x_wconf 86' lang='lat' dir='ltr'>Chiron</span> <span class='ocrx_word' id='word_1_158' title='bbox 282 1955 442 1996; x_wconf 88' lang='lat' dir='ltr'>superavit</span> <span class='ocrx_word' id='word_1_159' title='bbox 468 1965 527 1996; x_wconf 86' lang='lat' dir='ltr'>ope</span> <span class='ocrx_word' id='word_1_160' title='bbox 556 1955 661 1985; x_wconf 86' lang='lat' dir='ltr'>virus:</span> <span class='ocrx_word' id='word_1_161' title='bbox 698 1955 817 1986; x_wconf 78' lang='lat' dir='ltr'>“Cen-</span> 
     </span>
     <span class='ocr_line' id='line_1_31' title="bbox 140 2004 815 2046; baseline 0 -11"><span class='ocrx_word' id='word_1_162' title='bbox 140 2005 241 2036; x_wconf 81' lang='lat' dir='ltr'>taurio</span> <span class='ocrx_word' id='word_1_163' title='bbox 268 2011 396 2035; x_wconf 79' lang='lat' dir='ltr'>curatus</span> <span class='ocrx_word' id='word_1_164' title='bbox 422 2004 538 2036; x_wconf 86' lang='lat' dir='ltr'>dicitur</span> <span class='ocrx_word' id='word_1_165' title='bbox 561 2004 690 2041; x_wconf 82' lang='lat' dir='ltr'>Chiron,</span> <span class='ocrx_word' id='word_1_166' title='bbox 717 2016 815 2046; x_wconf 86' lang='lat' dir='ltr'>quum</span> 
     </span>
     <span class='ocr_line' id='line_1_32' title="bbox 138 2053 818 2096; baseline -0.001 -11"><span class='ocrx_word' id='word_1_167' title='bbox 138 2053 288 2085; x_wconf 79' lang='lat' dir='ltr'>Herculis</span> <span class='ocrx_word' id='word_1_168' title='bbox 307 2055 432 2096; x_wconf 81' lang='lat' dir='ltr'>excepti</span> <span class='ocrx_word' id='word_1_169' title='bbox 456 2053 591 2096; x_wconf 81' lang='lat' dir='ltr'>hospitio</span> <span class='ocrx_word' id='word_1_170' title='bbox 610 2054 818 2096; x_wconf 77' lang='lat' dir='ltr'>pertractanti</span> 
     </span>
     <span class='ocr_line' id='line_1_33' title="bbox 138 2103 816 2146; baseline 0 -12"><span class='ocrx_word' id='word_1_171' title='bbox 138 2114 227 2134; x_wconf 85' lang='lat' dir='ltr'>arma</span> <span class='ocrx_word' id='word_1_172' title='bbox 263 2104 380 2145; x_wconf 75' lang='lat' dir='ltr'>sagitta</span> <span class='ocrx_word' id='word_1_173' title='bbox 405 2103 573 2135; x_wconf 77' lang='lat' dir='ltr'>cecidisset</span> <span class='ocrx_word' id='word_1_174' title='bbox 603 2105 635 2134; x_wconf 86' lang='lat' dir='ltr'>in</span> <span class='ocrx_word' id='word_1_175' title='bbox 663 2103 816 2146; x_wconf 83' lang='lat' dir='ltr'>pedem.’&#39;</span> 
     </span>
     <span class='ocr_line' id='line_1_34' title="bbox 140 2154 817 2194; baseline -0.003 -9"><span class='ocrx_word' id='word_1_176' title='bbox 140 2155 274 2185; x_wconf 80' lang='lat' dir='ltr'>Veneno</span> <span class='ocrx_word' id='word_1_177' title='bbox 310 2154 451 2185; x_wconf 69' lang='lat' dir='ltr'>Echiduae</span> <span class='ocrx_word' id='word_1_178' title='bbox 484 2154 618 2184; x_wconf 72' lang='lat' dir='ltr'>Lei-msa:</span> <span class='ocrx_word' id='word_1_179' title='bbox 654 2154 747 2194; x_wconf 86' lang='lat' dir='ltr'>periit</span> <span class='ocrx_word' id='word_1_180' title='bbox 785 2160 817 2184; x_wconf 86' lang='lat' dir='ltr'>et</span> 
     </span>
     <span class='ocr_line' id='line_1_35' title="bbox 140 2203 817 2246; baseline -0.001 -12"><span class='ocrx_word' id='word_1_181' title='bbox 140 2205 274 2240; x_wconf 80' lang='lat' dir='ltr'>Nessus,</span> <span class='ocrx_word' id='word_1_182' title='bbox 292 2205 372 2234; x_wconf 82' lang='lat' dir='ltr'>Met.</span> <span class='ocrx_word' id='word_1_183' title='bbox 387 2203 430 2234; x_wconf 88' lang='lat' dir='ltr'>ix.</span> <span class='ocrx_word' id='word_1_184' title='bbox 449 2205 521 2234; x_wconf 83' lang='lat'>130.</span> <span class='ocrx_word' id='word_1_185' title='bbox 535 2210 565 2234; x_wconf 87' lang='lat' dir='ltr'>ct</span> <span class='ocrx_word' id='word_1_186' title='bbox 581 2203 648 2246; x_wconf 80' lang='lat' dir='ltr'>ipse</span> <span class='ocrx_word' id='word_1_187' title='bbox 662 2204 817 2234; x_wconf 70' lang='lat' dir='ltr'>Hercules</span> 
     </span>
     <span class='ocr_line' id='line_1_36' title="bbox 139 2252 815 2295; baseline 0 -12"><span class='ocrx_word' id='word_1_188' title='bbox 139 2253 217 2284; x_wconf 85' lang='lat' dir='ltr'>ibid.</span> <span class='ocrx_word' id='word_1_189' title='bbox 234 2264 298 2284; x_wconf 88' lang='lat' dir='ltr'>ver.</span> <span class='ocrx_word' id='word_1_190' title='bbox 317 2255 388 2285; x_wconf 84' lang='lat'>158.</span> <span class='ocrx_word' id='word_1_191' title='bbox 413 2252 559 2284; x_wconf 81' lang='lat' dir='ltr'>Affectus</span> <span class='ocrx_word' id='word_1_192' title='bbox 575 2253 711 2284; x_wconf 77' lang='lat' dir='ltr'>Achillis</span> <span class='ocrx_word' id='word_1_193' title='bbox 727 2253 815 2295; x_wconf 86' lang='lat' dir='ltr'>pueri</span> 
     </span>
     <span class='ocr_line' id='line_1_37' title="bbox 138 2302 816 2345; baseline 0 -11"><span class='ocrx_word' id='word_1_194' title='bbox 138 2304 170 2334; x_wconf 89' lang='lat' dir='ltr'>iu</span> <span class='ocrx_word' id='word_1_195' title='bbox 211 2304 395 2345; x_wconf 81' lang='lat' dir='ltr'>magistrum</span> <span class='ocrx_word' id='word_1_196' title='bbox 426 2304 551 2345; x_wconf 79' lang='lat' dir='ltr'>egregie</span> <span class='ocrx_word' id='word_1_197' title='bbox 591 2302 641 2334; x_wconf 82' lang='lat' dir='ltr'>liic</span> <span class='ocrx_word' id='word_1_198' title='bbox 679 2309 816 2334; x_wconf 82' lang='lat' dir='ltr'>notatus.</span> 
     </span>
     <span class='ocr_line' id='line_1_38' title="bbox 141 2352 816 2395; baseline 0 -12"><span class='ocrx_word' id='word_1_199' title='bbox 141 2355 332 2395; x_wconf 60' lang='lat' dir='ltr'>&amp;deflendus</span> <span class='ocrx_word' id='word_1_200' title='bbox 359 2355 469 2385; x_wconf 68' lang='lat' dir='ltr'>Peleus</span> <span class='ocrx_word' id='word_1_201' title='bbox 494 2360 584 2390; x_wconf 75' lang='lat' dir='ltr'>erut,</span> <span class='ocrx_word' id='word_1_202' title='bbox 624 2354 668 2384; x_wconf 89' lang='lat' dir='ltr'>sic</span> <span class='ocrx_word' id='word_1_203' title='bbox 691 2352 816 2384; x_wconf 84' lang='lat' dir='ltr'>flendus</span> 
     </span>
     <span class='ocr_line' id='line_1_39' title="bbox 139 2403 816 2446; baseline -0.001 -12"><span class='ocrx_word' id='word_1_204' title='bbox 139 2409 246 2446; x_wconf 85' lang='lat' dir='ltr'>pater:</span> <span class='ocrx_word' id='word_1_205' title='bbox 273 2403 364 2445; x_wconf 84' lang='lat' dir='ltr'>quasi</span> <span class='ocrx_word' id='word_1_206' title='bbox 384 2404 482 2439; x_wconf 82' lang='lat' dir='ltr'>dicat,</span> <span class='ocrx_word' id='word_1_207' title='bbox 504 2414 565 2434; x_wconf 86' lang='lat' dir='ltr'>uon</span> <span class='ocrx_word' id='word_1_208' title='bbox 584 2403 675 2434; x_wconf 86' lang='lat' dir='ltr'>aliter</span> <span class='ocrx_word' id='word_1_209' title='bbox 694 2409 816 2445; x_wconf 85' lang='lat' dir='ltr'>patrem</span> 
     </span>
     <span class='ocr_line' id='line_1_40' title="bbox 140 2452 817 2495; baseline -0.001 -12"><span class='ocrx_word' id='word_1_210' title='bbox 140 2453 325 2484; x_wconf 85' lang='lat' dir='ltr'>morientem</span> <span class='ocrx_word' id='word_1_211' title='bbox 345 2453 493 2485; x_wconf 87' lang='lat' dir='ltr'>flevisset.</span> <span class='ocrx_word' id='word_1_212' title='bbox 541 2454 684 2495; x_wconf 74' lang='lat' dir='ltr'>Fingere,</span> <span class='ocrx_word' id='word_1_213' title='bbox 706 2452 817 2483; x_wconf 80' lang='lat' dir='ltr'>leviter</span> 
     </span>
     <span class='ocr_line' id='line_1_41' title="bbox 138 2503 815 2544; baseline -0.001 -11"><span class='ocrx_word' id='word_1_214' title='bbox 138 2510 273 2544; x_wconf 80' lang='lat' dir='ltr'>tergere,</span> <span class='ocrx_word' id='word_1_215' title='bbox 293 2503 454 2542; x_wconf 80' lang='lat' dir='ltr'>mulcere3</span> <span class='ocrx_word' id='word_1_216' title='bbox 480 2503 633 2534; x_wconf 88' lang='lat' dir='ltr'>Heroidd.</span> <span class='ocrx_word' id='word_1_217' title='bbox 656 2514 710 2533; x_wconf 85' lang='lat' dir='ltr'>xx.</span> <span class='ocrx_word' id='word_1_218' title='bbox 734 2503 815 2533; x_wconf 80' lang='lat'>133:</span> 
     </span>
     <span class='ocr_line' id='line_1_42' title="bbox 140 2551 816 2594; baseline -0.001 -11"><span class='ocrx_word' id='word_1_219' title='bbox 140 2558 160 2570; x_wconf 76' lang='lat'>‘⁵</span> <span class='ocrx_word' id='word_1_220' title='bbox 174 2553 230 2584; x_wconf 84' lang='lat' dir='ltr'>Me</span> <span class='ocrx_word' id='word_1_221' title='bbox 247 2553 395 2584; x_wconf 81' lang='lat' dir='ltr'>miserum</span> <span class='ocrx_word' id='word_1_222' title='bbox 410 2553 416 2582; x_wconf 85' lang='lat'>!</span> <span class='ocrx_word' id='word_1_223' title='bbox 444 2553 528 2594; x_wconf 88' lang='lat' dir='ltr'>quod</span> <span class='ocrx_word' id='word_1_224' title='bbox 545 2563 606 2584; x_wconf 89' lang='lat' dir='ltr'>non</span> <span class='ocrx_word' id='word_1_225' title='bbox 625 2551 816 2584; x_wconf 83' lang='lat' dir='ltr'>medicorum</span> 
     </span>
     <span class='ocr_line' id='line_1_43' title="bbox 135 2601 815 2644; baseline -0.003 -10"><span class='ocrx_word' id='word_1_226' title='bbox 135 2602 225 2644; x_wconf 77' lang='lat' dir='ltr'>jussa</span> <span class='ocrx_word' id='word_1_227' title='bbox 246 2601 398 2638; x_wconf 84' lang='lat' dir='ltr'>ministro,</span> <span class='ocrx_word' id='word_1_228' title='bbox 424 2602 610 2644; x_wconf 76' lang='lat' dir='ltr'>Effingoque</span> <span class='ocrx_word' id='word_1_229' title='bbox 630 2612 752 2638; x_wconf 84' lang='lat' dir='ltr'>manus,</span> <span class='ocrx_word' id='word_1_230' title='bbox 768 2602 815 2632; x_wconf 92' lang='lat' dir='ltr'>in-</span> 
     </span>
     <span class='ocr_line' id='line_1_44' title="bbox 140 2651 818 2694; baseline 0.003 -13"><span class='ocrx_word' id='word_1_231' title='bbox 140 2651 292 2694; x_wconf 84' lang='lat' dir='ltr'>sideoque</span> <span class='ocrx_word' id='word_1_232' title='bbox 308 2652 411 2683; x_wconf 73' lang='lat' dir='ltr'>toro.&#39;&#39;</span> <span class='ocrx_word' id='word_1_233' title='bbox 460 2652 548 2693; x_wconf 79' lang='lat' dir='ltr'>Virg.</span> <span class='ocrx_word' id='word_1_234' title='bbox 567 2653 644 2682; x_wconf 53' lang='grc' dir='ltr'>[ΕΗ.</span> <span class='ocrx_word' id='word_1_235' title='bbox 662 2651 726 2683; x_wconf 90' lang='lat' dir='ltr'>viii.</span> <span class='ocrx_word' id='word_1_236' title='bbox 742 2653 818 2683; x_wconf 80' lang='lat'>635.</span> 
     </span>
     <span class='ocr_line' id='line_1_45' title="bbox 140 2702 815 2745; baseline -0.001 -12"><span class='ocrx_word' id='word_1_237' title='bbox 140 2702 180 2733; x_wconf 89' lang='lat' dir='ltr'>de</span> <span class='ocrx_word' id='word_1_238' title='bbox 201 2702 297 2745; x_wconf 85' lang='lat' dir='ltr'>lupa:</span> <span class='ocrx_word' id='word_1_239' title='bbox 325 2708 345 2719; x_wconf 87' lang='lat'>“</span> <span class='ocrx_word' id='word_1_240' title='bbox 364 2703 507 2733; x_wconf 85' lang='lat' dir='ltr'>Mulcere</span> <span class='ocrx_word' id='word_1_241' title='bbox 530 2702 678 2738; x_wconf 78' lang='lat' dir='ltr'>alternos,</span> <span class='ocrx_word' id='word_1_242' title='bbox 699 2707 731 2732; x_wconf 89' lang='lat' dir='ltr'>et</span> <span class='ocrx_word' id='word_1_243' title='bbox 749 2712 815 2733; x_wconf 83' lang='lat' dir='ltr'>cor-</span> 
     </span>
    </p>
   </div>
   <div class='ocr_carea' id='block_1_14' title="bbox 141 2751 815 2795">
    <p class='ocr_par' dir='ltr' id='par_1_18' title="bbox 141 2751 815 2795">
     <span class='ocr_line' id='line_1_46' title="bbox 141 2751 815 2795; baseline 0 -13"><span class='ocrx_word' id='word_1_244' title='bbox 141 2763 216 2794; x_wconf 83' lang='lat' dir='ltr'>pora</span> <span class='ocrx_word' id='word_1_245' title='bbox 232 2754 347 2795; x_wconf 70' lang='lat' dir='ltr'>tingere</span> <span class='ocrx_word' id='word_1_246' title='bbox 366 2752 509 2793; x_wconf 79' lang='lat' dir='ltr'>liugua.&#39;&#39;</span> <span class='ocrx_word' id='word_1_247' title='bbox 557 2751 706 2783; x_wconf 78' lang='lat' dir='ltr'>Heinsius</span> <span class='ocrx_word' id='word_1_248' title='bbox 723 2752 815 2783; x_wconf 82' lang='lat' dir='ltr'>valde</span> 
     </span>
    </p>
   </div>
   <div class='ocr_carea' id='block_1_15' title="bbox 885 1555 1564 2794">
    <p class='ocr_par' dir='ltr' id='par_1_19' title="bbox 885 1555 1564 2547">
     <span class='ocr_line' id='line_1_47' title="bbox 886 1555 1561 1592; baseline 0 -5"><span class='ocrx_word' id='word_1_249' title='bbox 886 1556 1010 1591; x_wconf 89' lang='lat' dir='ltr'>metuit,</span> <span class='ocrx_word' id='word_1_250' title='bbox 1034 1567 1072 1586; x_wconf 88' lang='lat' dir='ltr'>ne</span> <span class='ocrx_word' id='word_1_251' title='bbox 1098 1565 1206 1586; x_wconf 84' lang='lat' dir='ltr'>versus</span> <span class='ocrx_word' id='word_1_252' title='bbox 1227 1555 1304 1586; x_wconf 75' lang='lat'>410.</span> <span class='ocrx_word' id='word_1_253' title='bbox 1340 1555 1473 1592; x_wconf 77' lang='lat' dir='ltr'>Morum,</span> <span class='ocrx_word' id='word_1_254' title='bbox 1499 1560 1561 1587; x_wconf 82' lang='lat' dir='ltr'>etc.</span> 
     </span>
     <span class='ocr_line' id='line_1_48' title="bbox 886 1605 1563 1648; baseline -0.001 -11"><span class='ocrx_word' id='word_1_255' title='bbox 886 1606 927 1637; x_wconf 87' lang='lat' dir='ltr'>sit</span> <span class='ocrx_word' id='word_1_256' title='bbox 942 1605 1142 1648; x_wconf 78' lang='lat' dir='ltr'>grammatici</span> <span class='ocrx_word' id='word_1_257' title='bbox 1158 1605 1305 1648; x_wconf 86' lang='lat' dir='ltr'>alicujus,</span> <span class='ocrx_word' id='word_1_258' title='bbox 1322 1611 1377 1637; x_wconf 87' lang='lat' dir='ltr'>aut</span> <span class='ocrx_word' id='word_1_259' title='bbox 1398 1605 1563 1648; x_wconf 85' lang='lat' dir='ltr'>paedagogi</span> 
     </span>
     <span class='ocr_line' id='line_1_49' title="bbox 886 1655 1563 1697; baseline 0 -10"><span class='ocrx_word' id='word_1_260' title='bbox 886 1661 1112 1691; x_wconf 86' lang='lat' dir='ltr'>commentum,</span> <span class='ocrx_word' id='word_1_261' title='bbox 1135 1666 1234 1697; x_wconf 84' lang='lat' dir='ltr'>quum</span> <span class='ocrx_word' id='word_1_262' title='bbox 1255 1655 1423 1686; x_wconf 73' lang='lat' dir='ltr'>oscitantia</span> <span class='ocrx_word' id='word_1_263' title='bbox 1445 1656 1563 1687; x_wconf 87' lang='lat' dir='ltr'>librarii</span> 
     </span>
     <span class='ocr_line' id='line_1_50' title="bbox 886 1705 1562 1748; baseline 0 -11"><span class='ocrx_word' id='word_1_264' title='bbox 886 1706 1045 1748; x_wconf 84' lang='lat' dir='ltr'>genuinus</span> <span class='ocrx_word' id='word_1_265' title='bbox 1070 1705 1179 1736; x_wconf 86' lang='lat' dir='ltr'>Ovidii</span> <span class='ocrx_word' id='word_1_266' title='bbox 1207 1711 1290 1736; x_wconf 85' lang='lat' dir='ltr'>esset</span> <span class='ocrx_word' id='word_1_267' title='bbox 1316 1705 1470 1744; x_wconf 84' lang='lat' dir='ltr'>omissus3</span> <span class='ocrx_word' id='word_1_268' title='bbox 1506 1706 1562 1737; x_wconf 84' lang='lat' dir='ltr'>sed</span> 
     </span>
     <span class='ocr_line' id='line_1_51' title="bbox 886 1755 1562 1796; baseline -0.001 -9"><span class='ocrx_word' id='word_1_269' title='bbox 886 1767 958 1787; x_wconf 87' lang='lat' dir='ltr'>eum</span> <span class='ocrx_word' id='word_1_270' title='bbox 977 1756 1095 1787; x_wconf 83' lang='lat' dir='ltr'>habere</span> <span class='ocrx_word' id='word_1_271' title='bbox 1115 1755 1214 1796; x_wconf 82' lang='lat' dir='ltr'>frigus</span> <span class='ocrx_word' id='word_1_272' title='bbox 1235 1761 1266 1786; x_wconf 86' lang='lat' dir='ltr'>et</span> <span class='ocrx_word' id='word_1_273' title='bbox 1286 1755 1451 1786; x_wconf 85' lang='lat' dir='ltr'>lenitatem</span> <span class='ocrx_word' id='word_1_274' title='bbox 1469 1755 1562 1787; x_wconf 87' lang='lat' dir='ltr'>semi-</span> 
     </span>
     <span class='ocr_line' id='line_1_52' title="bbox 888 1805 1562 1848; baseline 0.003 -12"><span class='ocrx_word' id='word_1_275' title='bbox 888 1806 1068 1837; x_wconf 76' lang='lat' dir='ltr'>barbarum.</span> <span class='ocrx_word' id='word_1_276' title='bbox 1117 1805 1168 1835; x_wconf 77' lang='lat' dir='ltr'>Ab</span> <span class='ocrx_word' id='word_1_277' title='bbox 1190 1816 1226 1836; x_wconf 87' lang='lat' dir='ltr'>eo</span> <span class='ocrx_word' id='word_1_278' title='bbox 1247 1805 1450 1836; x_wconf 80' lang='lat' dir='ltr'>Schirachius</span> <span class='ocrx_word' id='word_1_279' title='bbox 1469 1806 1562 1848; x_wconf 86' lang='lat' dir='ltr'>plane</span> 
     </span>
     <span class='ocr_line' id='line_1_53' title="bbox 887 1855 1563 1897; baseline 0.001 -11"><span class='ocrx_word' id='word_1_280' title='bbox 887 1855 1043 1892; x_wconf 80' lang='lat' dir='ltr'>dissentit,</span> <span class='ocrx_word' id='word_1_281' title='bbox 1066 1861 1225 1897; x_wconf 80' lang='lat' dir='ltr'>negatque</span> <span class='ocrx_word' id='word_1_282' title='bbox 1245 1862 1275 1886; x_wconf 90' lang='lat' dir='ltr'>ct</span> <span class='ocrx_word' id='word_1_283' title='bbox 1293 1866 1414 1886; x_wconf 84' lang='lat' dir='ltr'>versum</span> <span class='ocrx_word' id='word_1_284' title='bbox 1436 1855 1563 1897; x_wconf 83' lang='lat' dir='ltr'>frigere,</span> 
     </span>
     <span class='ocr_line' id='line_1_54' title="bbox 887 1904 1564 1946; baseline 0.001 -10"><span class='ocrx_word' id='word_1_285' title='bbox 887 1906 1036 1945; x_wconf 70' lang='lat' dir='ltr'>etjizcere</span> <span class='ocrx_word' id='word_1_286' title='bbox 1049 1916 1142 1936; x_wconf 76' lang='lat' dir='ltr'>mures</span> <span class='ocrx_word' id='word_1_287' title='bbox 1157 1915 1225 1935; x_wconf 84' lang='lat' dir='ltr'>esse</span> <span class='ocrx_word' id='word_1_288' title='bbox 1243 1904 1371 1946; x_wconf 83' lang='lat' dir='ltr'>phrasin</span> <span class='ocrx_word' id='word_1_289' title='bbox 1385 1905 1564 1937; x_wconf 81' lang='lat' dir='ltr'>barbaram.</span> 
     </span>
     <span class='ocr_line' id='line_1_55' title="bbox 886 1955 1562 1990; baseline 0.003 -5"><span class='ocrx_word' id='word_1_290' title='bbox 886 1956 958 1985; x_wconf 88' lang='lat' dir='ltr'>Hoc</span> <span class='ocrx_word' id='word_1_291' title='bbox 982 1961 1103 1986; x_wconf 85' lang='lat' dir='ltr'>certum</span> <span class='ocrx_word' id='word_1_292' title='bbox 1125 1960 1184 1990; x_wconf 86' lang='lat' dir='ltr'>est,</span> <span class='ocrx_word' id='word_1_293' title='bbox 1208 1955 1399 1985; x_wconf 82' lang='lat' dir='ltr'>sententiam</span> <span class='ocrx_word' id='word_1_294' title='bbox 1421 1966 1488 1986; x_wconf 82' lang='lat' dir='ltr'>esse</span> <span class='ocrx_word' id='word_1_295' title='bbox 1510 1967 1562 1987; x_wconf 89' lang='lat' dir='ltr'>ve-</span> 
     </span>
     <span class='ocr_line' id='line_1_56' title="bbox 886 2004 1563 2040; baseline 0.004 -6"><span class='ocrx_word' id='word_1_296' title='bbox 886 2015 965 2040; x_wconf 87' lang='lat' dir='ltr'>ram,</span> <span class='ocrx_word' id='word_1_297' title='bbox 983 2015 1040 2035; x_wconf 86' lang='lat' dir='ltr'>nec</span> <span class='ocrx_word' id='word_1_298' title='bbox 1058 2004 1161 2035; x_wconf 84' lang='lat' dir='ltr'>alieno</span> <span class='ocrx_word' id='word_1_299' title='bbox 1177 2005 1247 2035; x_wconf 91' lang='lat' dir='ltr'>loco</span> <span class='ocrx_word' id='word_1_300' title='bbox 1263 2004 1450 2037; x_wconf 83' lang='lat' dir='ltr'>adhibitam.</span> <span class='ocrx_word' id='word_1_301' title='bbox 1497 2006 1563 2037; x_wconf 87' lang='lat' dir='ltr'>Ita-</span> 
     </span>
     <span class='ocr_line' id='line_1_57' title="bbox 888 2054 1563 2097; baseline 0.003 -12"><span class='ocrx_word' id='word_1_302' title='bbox 888 2066 949 2097; x_wconf 86' lang='lat' dir='ltr'>que</span> <span class='ocrx_word' id='word_1_303' title='bbox 976 2065 1040 2085; x_wconf 86' lang='lat' dir='ltr'>ver.</span> <span class='ocrx_word' id='word_1_304' title='bbox 1065 2054 1176 2086; x_wconf 87' lang='lat' dir='ltr'>merito</span> <span class='ocrx_word' id='word_1_305' title='bbox 1197 2054 1379 2086; x_wconf 81' lang='lat' dir='ltr'>defenditur</span> <span class='ocrx_word' id='word_1_306' title='bbox 1400 2055 1497 2087; x_wconf 88' lang='lat' dir='ltr'>etiam</span> <span class='ocrx_word' id='word_1_307' title='bbox 1523 2057 1563 2087; x_wconf 88' lang='lat' dir='ltr'>ab</span> 
     </span>
     <span class='ocr_line' id='line_1_58' title="bbox 886 2104 1562 2147; baseline 0.004 -13"><span class='ocrx_word' id='word_1_308' title='bbox 886 2104 1019 2136; x_wconf 84' lang='lat' dir='ltr'>Heinsio</span> <span class='ocrx_word' id='word_1_309' title='bbox 1032 2104 1064 2135; x_wconf 89' lang='lat' dir='ltr'>in</span> <span class='ocrx_word' id='word_1_310' title='bbox 1081 2105 1201 2147; x_wconf 85' lang='lat' dir='ltr'>Opusc.</span> <span class='ocrx_word' id='word_1_311' title='bbox 1215 2117 1246 2147; x_wconf 89' lang='lat' dir='ltr'>p.</span> <span class='ocrx_word' id='word_1_312' title='bbox 1257 2106 1333 2136; x_wconf 72' lang='lat'>234.</span> <span class='ocrx_word' id='word_1_313' title='bbox 1349 2105 1399 2136; x_wconf 89' lang='lat' dir='ltr'>cui</span> <span class='ocrx_word' id='word_1_314' title='bbox 1412 2111 1444 2137; x_wconf 88' lang='lat' dir='ltr'>et</span> <span class='ocrx_word' id='word_1_315' title='bbox 1458 2106 1562 2137; x_wconf 86' lang='lat' dir='ltr'>Kreb-</span> 
     </span>
     <span class='ocr_line' id='line_1_59' title="bbox 885 2155 1564 2197; baseline 0.001 -12"><span class='ocrx_word' id='word_1_316' title='bbox 885 2155 949 2186; x_wconf 82' lang='lat' dir='ltr'>sius</span> <span class='ocrx_word' id='word_1_317' title='bbox 979 2155 1162 2186; x_wconf 81' lang='lat' dir='ltr'>assentitur.</span> <span class='ocrx_word' id='word_1_318' title='bbox 1211 2155 1346 2191; x_wconf 75' lang='lat' dir='ltr'>Jacenci,</span> <span class='ocrx_word' id='word_1_319' title='bbox 1387 2156 1564 2197; x_wconf 67' lang='lat' dir='ltr'>aegrotanti.</span> 
     </span>
     <span class='ocr_line' id='line_1_60' title="bbox 890 2204 1563 2240; baseline 0.004 -7"><span class='ocrx_word' id='word_1_320' title='bbox 890 2204 972 2240; x_wconf 69' lang='lat' dir='ltr'>Vive,</span> <span class='ocrx_word' id='word_1_321' title='bbox 997 2210 1059 2235; x_wconf 78' lang='lat' dir='ltr'>ete.</span> <span class='ocrx_word' id='word_1_322' title='bbox 1086 2215 1158 2235; x_wconf 69' lang='lat' dir='ltr'>iera</span> <span class='ocrx_word' id='word_1_323' title='bbox 1184 2216 1240 2235; x_wconf 77' lang='lat' dir='ltr'>vox</span> <span class='ocrx_word' id='word_1_324' title='bbox 1264 2209 1379 2235; x_wconf 79' lang='lat' dir='ltr'>tenerae</span> <span class='ocrx_word' id='word_1_325' title='bbox 1403 2206 1507 2236; x_wconf 83' lang='lat' dir='ltr'>aetatis</span> <span class='ocrx_word' id='word_1_326' title='bbox 1530 2206 1563 2236; x_wconf 87' lang='lat' dir='ltr'>in</span> 
     </span>
     <span class='ocr_line' id='line_1_61' title="bbox 887 2253 1563 2294; baseline 0.001 -9"><span class='ocrx_word' id='word_1_327' title='bbox 887 2255 943 2285; x_wconf 82' lang='lat' dir='ltr'>tali</span> <span class='ocrx_word' id='word_1_328' title='bbox 980 2253 1172 2285; x_wconf 72' lang='lat' dir='ltr'>discrimine.</span> <span class='ocrx_word' id='word_1_329' title='bbox 1221 2255 1275 2285; x_wconf 83' lang='lat' dir='ltr'>Bis</span> <span class='ocrx_word' id='word_1_330' title='bbox 1304 2261 1425 2294; x_wconf 75' lang='lat' dir='ltr'>septem..</span> <span class='ocrx_word' id='word_1_331' title='bbox 1456 2256 1563 2287; x_wconf 86' lang='lat' dir='ltr'>Schol.</span> 
     </span>
     <span class='ocr_line' id='line_1_62' title="bbox 887 2304 1562 2346; baseline 0.001 -10"><span class='ocrx_word' id='word_1_332' title='bbox 887 2304 1069 2336; x_wconf 78' lang='lat' dir='ltr'>Germanici</span> <span class='ocrx_word' id='word_1_333' title='bbox 1101 2316 1153 2336; x_wconf 80' lang='lat' dir='ltr'>xx,</span> <span class='ocrx_word' id='word_1_334' title='bbox 1186 2304 1345 2335; x_wconf 83' lang='lat' dir='ltr'>Eratosth.</span> <span class='ocrx_word' id='word_1_335' title='bbox 1372 2311 1403 2335; x_wconf 86' lang='lat' dir='ltr'>et</span> <span class='ocrx_word' id='word_1_336' title='bbox 1440 2305 1562 2346; x_wconf 74' lang='lat' dir='ltr'>Hygin-</span> 
     </span>
     <span class='ocr_line' id='line_1_63' title="bbox 887 2354 1563 2398; baseline 0.003 -14"><span class='ocrx_word' id='word_1_337' title='bbox 887 2355 976 2386; x_wconf 87' lang='lat' dir='ltr'>Poet.</span> <span class='ocrx_word' id='word_1_338' title='bbox 1001 2354 1072 2386; x_wconf 84' lang='lat' dir='ltr'>Ast.</span> <span class='ocrx_word' id='word_1_339' title='bbox 1096 2354 1140 2386; x_wconf 90' lang='lat' dir='ltr'>iii.</span> <span class='ocrx_word' id='word_1_340' title='bbox 1160 2354 1213 2385; x_wconf 88' lang='lat'>37.</span> <span class='ocrx_word' id='word_1_341' title='bbox 1239 2360 1373 2396; x_wconf 85' lang='lat' dir='ltr'>quatuor</span> <span class='ocrx_word' id='word_1_342' title='bbox 1397 2361 1429 2386; x_wconf 87' lang='lat' dir='ltr'>et</span> <span class='ocrx_word' id='word_1_343' title='bbox 1452 2355 1563 2398; x_wconf 88' lang='lat' dir='ltr'>viginti</span> 
     </span>
     <span class='ocr_line' id='line_1_64' title="bbox 886 2405 1563 2446; baseline 0.003 -11"><span class='ocrx_word' id='word_1_344' title='bbox 886 2405 995 2436; x_wconf 87' lang='lat' dir='ltr'>stellas</span> <span class='ocrx_word' id='word_1_345' title='bbox 1025 2405 1057 2435; x_wconf 88' lang='lat' dir='ltr'>in</span> <span class='ocrx_word' id='word_1_346' title='bbox 1088 2405 1249 2436; x_wconf 82' lang='lat' dir='ltr'>Centauro</span> <span class='ocrx_word' id='word_1_347' title='bbox 1282 2413 1460 2442; x_wconf 85' lang='lat' dir='ltr'>numerant,</span> <span class='ocrx_word' id='word_1_348' title='bbox 1491 2416 1563 2446; x_wconf 84' lang='lat' dir='ltr'>quae</span> 
     </span>
     <span class='ocr_line' id='line_1_65' title="bbox 887 2454 1562 2497; baseline 0.003 -12"><span class='ocrx_word' id='word_1_349' title='bbox 887 2462 993 2486; x_wconf 85' lang='lat' dir='ltr'>tamen</span> <span class='ocrx_word' id='word_1_350' title='bbox 1009 2466 1072 2486; x_wconf 87' lang='lat' dir='ltr'>non</span> <span class='ocrx_word' id='word_1_351' title='bbox 1091 2465 1200 2485; x_wconf 83' lang='lat' dir='ltr'>ornnes</span> <span class='ocrx_word' id='word_1_352' title='bbox 1216 2454 1248 2485; x_wconf 88' lang='lat' dir='ltr'>in</span> <span class='ocrx_word' id='word_1_353' title='bbox 1269 2460 1475 2497; x_wconf 77' lang='lat' dir='ltr'>conspectum</span> <span class='ocrx_word' id='word_1_354' title='bbox 1491 2466 1562 2487; x_wconf 90' lang='lat' dir='ltr'>nos-</span> 
     </span>
     <span class='ocr_line' id='line_1_66' title="bbox 886 2504 1152 2547; baseline 0.004 -13"><span class='ocrx_word' id='word_1_355' title='bbox 886 2510 969 2535; x_wconf 88' lang='lat' dir='ltr'>trum</span> <span class='ocrx_word' id='word_1_356' title='bbox 985 2504 1152 2547; x_wconf 88' lang='lat' dir='ltr'>prodeunt.</span> 
     </span>
    </p>

    <p class='ocr_par' dir='ltr' id='par_1_20' title="bbox 887 2553 1561 2696">
     <span class='ocr_line' id='line_1_67' title="bbox 932 2553 1561 2596; baseline 0.003 -12"><span class='ocrx_word' id='word_1_357' title='bbox 932 2555 1007 2585; x_wconf 85' lang='lat'>415.</span> <span class='ocrx_word' id='word_1_358' title='bbox 1034 2554 1120 2596; x_wconf 75' lang='lat' dir='ltr'>Lyra</span> <span class='ocrx_word' id='word_1_359' title='bbox 1149 2553 1194 2585; x_wconf 87' lang='lat' dir='ltr'>iii.</span> <span class='ocrx_word' id='word_1_360' title='bbox 1227 2554 1332 2585; x_wconf 81' lang='lat' dir='ltr'>Nonas</span> <span class='ocrx_word' id='word_1_361' title='bbox 1361 2556 1462 2585; x_wconf 77' lang='lat' dir='ltr'>oritur</span> <span class='ocrx_word' id='word_1_362' title='bbox 1491 2559 1561 2586; x_wconf 88' lang='lat' dir='ltr'>ortu</span> 
     </span>
     <span class='ocr_line' id='line_1_68' title="bbox 888 2603 1561 2646; baseline 0.003 -12"><span class='ocrx_word' id='word_1_363' title='bbox 888 2603 1082 2640; x_wconf 83' lang='lat' dir='ltr'>aci&#39;ouichio,</span> <span class='ocrx_word' id='word_1_364' title='bbox 1110 2603 1165 2635; x_wconf 89' lang='lat' dir='ltr'>sed</span> <span class='ocrx_word' id='word_1_365' title='bbox 1192 2603 1285 2635; x_wconf 83' lang='lat' dir='ltr'>Aetio</span> <span class='ocrx_word' id='word_1_366' title='bbox 1310 2604 1424 2646; x_wconf 83' lang='lat' dir='ltr'>pridie.</span> <span class='ocrx_word' id='word_1_367' title='bbox 1468 2604 1561 2642; x_wconf 80' lang='grc' dir='ltr'><strong><em>Μηνὶ</em></strong></span> 
     </span>
     <span class='ocr_line' id='line_1_69' title="bbox 887 2652 1541 2696; baseline 0 -12"><span class='ocrx_word' id='word_1_368' title='bbox 887 2655 936 2695; x_wconf 70' lang='grc' dir='ltr'>τῷ</span> <span class='ocrx_word' id='word_1_369' title='bbox 951 2653 1042 2696; x_wconf 71' lang='grc' dir='ltr'>αὐτῷ</span> <span class='ocrx_word' id='word_1_370' title='bbox 1057 2653 1081 2684; x_wconf 73' lang='grc' dir='ltr'>δ’</span> <span class='ocrx_word' id='word_1_371' title='bbox 1101 2653 1192 2695; x_wconf 80' lang='grc' dir='ltr'><strong>Λύρα</strong></span> <span class='ocrx_word' id='word_1_372' title='bbox 1209 2652 1354 2695; x_wconf 69' lang='grc' dir='ltr'>ἑσπέριος</span> <span class='ocrx_word' id='word_1_373' title='bbox 1371 2652 1541 2684; x_wconf 71' lang='grc' dir='ltr'>ἐπιτέλλει.</span> 
     </span>
    </p>

    <p class='ocr_par' dir='ltr' id='par_1_21' title="bbox 887 2703 1559 2794">
     <span class='ocr_line' id='line_1_70' title="bbox 933 2703 1559 2744; baseline -0.002 -10"><span class='ocrx_word' id='word_1_374' title='bbox 933 2704 1007 2734; x_wconf 81' lang='grc'>417.</span> <span class='ocrx_word' id='word_1_375' title='bbox 1031 2704 1147 2744; x_wconf 62' lang='lat' dir='ltr'>Sem-pii</span> <span class='ocrx_word' id='word_1_376' title='bbox 1165 2715 1237 2744; x_wconf 68' lang='lat' dir='ltr'>pars</span> <span class='ocrx_word' id='word_1_377' title='bbox 1260 2705 1358 2734; x_wconf 74' lang='lat' dir='ltr'>altera</span> <span class='ocrx_word' id='word_1_378' title='bbox 1376 2705 1476 2742; x_wconf 78' lang='lat' dir='ltr'>pridie</span> <span class='ocrx_word' id='word_1_379' title='bbox 1496 2703 1559 2733; x_wconf 80' lang='lat' dir='ltr'>No-</span> 
     </span>
     <span class='ocr_line' id='line_1_71' title="bbox 887 2752 1558 2794; baseline -0.001 -11"><span class='ocrx_word' id='word_1_380' title='bbox 887 2765 939 2784; x_wconf 76' lang='lat' dir='ltr'>nus</span> <span class='ocrx_word' id='word_1_381' title='bbox 955 2754 1062 2784; x_wconf 73' lang='lat' dir='ltr'>occidit</span> <span class='ocrx_word' id='word_1_382' title='bbox 1081 2754 1230 2794; x_wconf 57' lang='lat' dir='ltr'>vasatica]</span> <span class='ocrx_word' id='word_1_383' title='bbox 1250 2753 1299 2783; x_wconf 71' lang='lat' dir='ltr'>Sic</span> <span class='ocrx_word' id='word_1_384' title='bbox 1318 2759 1344 2782; x_wconf 68' lang='lat' dir='ltr'>et</span> <span class='ocrx_word' id='word_1_385' title='bbox 1360 2752 1558 2783; x_wconf 78' lang='lat' dir='ltr'>Columella:</span> 
     </span>
    </p>
   </div>
  </div>
 </body>
</html>
