1830 3220
603 194 1034 238 CONSOLATIO.

1475 195 1562 236 4:37

136 311 203 360 Et
229 313 400 361 subito
427 320 699 377 tentasque
727 329 895 370 manu,
925 327 1205 378 sperasque
1232 318 1525 376 receptum3

201 391 398 446 Quaeris
425 399 477 440 et
502 392 553 439 in
578 392 724 440 vacui
750 400 894 456 parte
920 392 1086 456 priore
1111 390 1206 438 tori
1228 391 1245 438 ἲ

139 469 233 518 Ille
260 471 360 535 pio,
389 470 430 518 si
458 487 556 518 non
584 477 776 518 temere
803 470 912 517 haec
939 471 1232 526 creduntur,
1261 468 1310 516 in
1338 485 1456 517 arvo

206 548 346 597 Inter
371 549 646 597 honoratos
672 549 960 613 excipietur
986 565 1133 603 avos;

1465 550 1566 595 330

136 626 434 691 Magnaque
461 627 704 675 maternis
731 626 1027 690 majoribus,
1056 642 1204 690 aequa
1229 626 1454 690 paternis

205 706 397 762 Gloria,
425 705 743 770 quadrijugis
771 721 954 754 aureus
981 706 1073 752 ibit
1098 704 1275 769 equis;

135 783 419 848 Regalique
447 785 642 841 habitu,
670 801 923 848 curruque
951 785 1200 849 superbus
1227 784 1438 840 eburno,

202 861 402 911 Fronde
430 863 720 928 triumphali
748 872 979 928 tempora
1004 863 1205 910 vinctus
1232 863 1343 909 erit.

131 941 406 1006 Accipient
419 943 659 1005 juvenem
689 942 997 990 Germanica
1023 941 1169 1004 signa
1193 939 1438 988 ferentem
1465 942 1564 986 335

203 1020 445 1069 Consulis
472 1021 684 1086 imperio
710 1020 1152 1085 conspicuumque
1178 1019 1337 1067 decus
1361 1037 1371 1076 ;

137 1098 556 1163 Gaudebuntque
583 1116 688 1146 suae
714 1099 895 1147 merito
921 1099 1222 1163 cognomine
1247 1097 1431 1162 gentis,

201 1177 352 1233 Quod
379 1179 542 1226 solum
568 1178 760 1226 domito
784 1178 943 1226 victor
969 1178 1033 1225 ab
1061 1177 1208 1225 hoste
1233 1175 1366 1224 tulit.

133 1256 235 1305 Vix
261 1257 473 1306 credent
500 1266 699 1306 tantum
726 1273 892 1306 rerum
918 1256 1118 1322 cepisse
1145 1263 1222 1304 tot
1248 1271 1435 1303 annos:

203 1335 397 1400 Magna
421 1337 509 1384 viri
537 1339 692 1385 latum
721 1353 951 1401 quaerere
977 1337 1112 1384 facta
1136 1335 1322 1383 locum.

1465 1336 1565 1381 340

135 1413 261 1463 Haec
288 1415 457 1480 ipsum
484 1417 701 1465 sublime
728 1416 920 1464 ferent:
963 1417 1091 1471 haec,
1119 1414 1314 1479 optima
1341 1420 1518 1469 mater,

206 1494 505 1544 Debuerant
529 1496 697 1544 luctus
724 1503 989 1544 attenuare
1013 1502 1144 1542 tuos.

175 1641 254 1673 333.
282 1641 453 1684 Regalique
473 1644 592 1679 hahita,
615 1643 694 1684 etc.]
730 1643 814 1674 Rec-

130 1697 182 1722 te:
211 1702 284 1722 nam
312 1703 407 1734 quem
430 1704 512 1725 mors
535 1693 642 1724 Druso
662 1692 813 1736 praeripu-

129 1746 197 1773 erat
214 1741 421 1785 triumphum,
434 1745 466 1774 ἱη
482 1755 555 1774 arvo
566 1745 615 1783 pio
628 1749 724 1785 poeta
738 1753 813 1774 con—

131 1791 229 1826 cedit,
247 1791 401 1834 fingitque
425 1794 465 1824 ab
481 1792 550 1824 avis
566 1792 737 1824 honorifice
759 1804 813 1825 ex-

130 1848 272 1884 ceptum,
301 1843 356 1885 qui
385 1844 537 1887 gaudent,
567 1843 653 1884 quod
680 1854 762 1875 unus
796 1854 814 1876 e

130 1890 196 1922 suis
211 1891 390 1923 Germanici
406 1893 526 1934 primus
541 1894 684 1924 meritum
699 1904 815 1936 cogno—

131 1952 205 1973 men
222 1941 400 1974 Drusorum
424 1949 456 1974 et
472 1942 682 1974 Claudiorum
697 1944 816 1975 nomini

133 1991 309 2024 addiderit.

177 2042 256 2074 339.
285 2042 338 2074 Vis
362 2045 486 2075 credent
506 2049 627 2074 tantum
644 2054 747 2074 rerum
769 2055 817 2075 ce·

130 2094 206 2133 pisse
228 2098 274 2124 tot
296 2093 420 2135 annos.]
448 2092 513 2125 Vix
535 2092 668 2124 credent
682 2099 727 2124 tot
742 2100 814 2125 tan-

134 2148 246 2185 tasque
267 2154 328 2181 res,
344 2150 410 2175 tam
428 2144 517 2175 brevi
538 2154 693 2174 annorum
714 2144 817 2186 spatio

133 2193 249 2225 confici
285 2193 555 2237 potuisse—Tot,
594 2205 650 2237 pro
694 2193 816 2237 pauciS,

130 2245 262 2287 vulgare
289 2245 374 2288 apud
399 2250 522 2288 poetas.
570 2245 619 2275 De
641 2251 684 2276 tot
706 2247 816 2276 sorori-

133 2296 198 2331 bus,
221 2294 303 2326 dixit
329 2295 428 2326 Ovid.
450 2296 532 2326 Met.
556 2294 599 2326 iv.
619 2295 696 2326 418.
717 2305 816 2337 quum

133 2347 170 2376 de
186 2346 284 2376 tribus
298 2345 392 2377 modo
407 2345 458 2376 hic
475 2351 600 2387 agatur.

178 2396 255 2426 340.
294 2395 415 2439 ssIagua
454 2397 514 2426 viri
551 2396 649 2426 latmn
684 2406 818 2436 (μιᾶναι-ε

119 2446 217 2488 jacta
261 2446 389 2488 locum]
462 2445 619 2483 Quamvis
661 2443 819 2475 concedat

133 2499 245 2530 Burm.
266 2505 298 2530 et
324 2497 481 2541 exemplis
505 2497 620 2533 firmet,
641 2497 739 2528 locum
762 2506 817 2538 pro

132 2548 284 2590 temporis
312 2547 450 2591 spatium
481 2546 563 2578 sumi
592 2556 696 2589 posse,
721 2550 818 2587 negat

135 2603 244 2629 tamen
285 2600 383 2629 latum
422 2599 531 2634 locum,
566 2607 623 2639 pro
665 2595 817 2638 temporis

133 2649 237 2692 spatio
271 2648 415 2692 ampliori
446 2658 515 2680 esse
547 2647 599 2679 hic
634 2646 815 2688 intelligen-

133 2699 232 2738 du1n3
256 2698 471 2741 conjicitque:
497 2702 516 2715 “
542 2698 668 2740 Magna
688 2695 746 2728 viri
767 2697 817 2727 tce·

136 2757 201 2780 turn
222 2759 364 2792 quaerere
386 2749 474 2779 facta
493 2747 645 2779 moduml’
692 2747 749 2783 Ut,
764 2745 814 2777 in-

135 2800 218 2841 quit,
236 2801 338 2831 modus
356 2801 438 2830 latus
457 2798 606 2841 temporis
626 2796 666 2829 sit
686 2796 816 2838 longum

886 1643 1036 1685 spatium,
1062 1653 1122 1674 non
1150 1641 1245 1673 certis
1268 1640 1385 1671 finibus
1408 1640 1567 1683 conscrip-

887 1699 953 1724 tum
968 1706 976 1733 ;
1001 1698 1034 1724 et
1050 1693 1154 1724 locum
1175 1692 1290 1729 adfert,
1303 1702 1320 1722 e
1335 1691 1447 1729 Statio,
1462 1691 1567 1724 Theb.

886 1742 941 1774 vii.
959 1744 1042 1775 296:
1072 1748 1095 1761 “
1124 1766 1152 1775 ..
1167 1743 1281 1774 ‚Pater
1304 1747 1363 1778 est,
1387 1747 1568 1784 natusque3

885 1794 941 1825 sed
962 1795 1021 1825 aevi
1039 1793 1220 1826 Confudere
1241 1792 1372 1824 modos.''
1417 1792 1479 1824 Sed
1502 1792 1570 1835 agi-

886 1851 936 1875 tur
951 1844 995 1876 ibi
1020 1843 1059 1876 de
1082 1851 1171 1888 patre
1194 1850 1226 1875 et
1248 1848 1335 1879 nato,
1350 1842 1568 1886 (Lapithaone

886 1899 918 1925 et
939 1894 1125 1932 Alathreo,)
1142 1893 1209 1936 qui,
1230 1892 1365 1936 confusis
1383 1903 1494 1924 revera
1513 1895 1568 1924 aevi

884 1945 995 1976 ordine
1029 1947 1184 1986 modoque,
1216 1943 1260 1974 ita
1290 1954 1381 1986 pares
1408 1949 1504 1975 aetate
1537 1950 1570 1975 et

885 1996 980 2026 armis
1005 1994 1211 2031 incedebant,
1227 2000 1263 2025 ut
1277 1994 1404 2036 fratres
1426 1993 1571 2025 diceren-

886 2051 946 2076 tur.
992 2045 1056 2076 Hic
1072 2056 1157 2082 vero,
1172 2055 1228 2076 cur
1250 2055 1313 2075 non
1336 2044 1435 2075 locum
1454 2043 1571 2075 refera-

885 2106 957 2126 mus
978 2095 1018 2127 ad
1041 2095 1143 2138 ipsam
1160 2094 1342 2127 Germaniae
1363 2099 1498 2137 partem,
1515 2094 1570 2126 ubi

886 2145 980 2178 factis
997 2147 1122 2177 Drusus
1141 2145 1353 2183 inclaruerat;
1378 2155 1474 2186 quern
1499 2145 1570 2187 qui-

887 2196 960 2228 dem
979 2199 1076 2228 locum
1092 2196 1193 2228 velint
1210 2197 1360 2231 latiorem,
1376 2194 1568 2236 digniorem-

887 2258 962 2290 que,
993 2247 1047 2289 qui
1078 2246 1238 2289 praeclaris
1267 2245 1348 2277 adeo
1377 2244 1571 2276 facinoribus

886 2296 1126 2328 illustraretur?
1172 2295 1238 2334 Qui
1275 2295 1375 2331 locus,
1414 2295 1454 2325 ab
1493 2293 1572 2337 ipsis

886 2348 1042 2379 militibus
1083 2347 1216 2388 Campus
1256 2348 1422 2378 sceleratus
1463 2344 1571 2377 dictus

887 2404 947 2430 est.

931 2448 1009 2480 341.
1036 2448 1122 2484 Haec,
1135 2448 1248 2487 optima
1264 2452 1374 2484 witmer,
1390 2446 1571 2482 debuerant,

888 2499 969 2540 etc.]
1020 2496 1174 2529 Feliciter
1204 2495 1377 2528 admodum
1406 2505 1443 2526 eo
1476 2495 1570 2530 redit,

887 2548 973 2580 unde
1009 2548 1174 2590 inceperat
1205 2545 1325 2584 oratio;
1367 2544 1407 2576 ad
1444 2544 1570 2575 Liviam

886 2598 960 2630 scil.
983 2608 1080 2641 quarn
1105 2602 1212 2639 poeta,
1234 2601 1403 2638 postquam
1429 2600 1572 2625 materno

887 2648 988 2681 dolori
1018 2647 1074 2679 diu
1109 2647 1187 2678 satis
1219 2645 1361 2689 permisit
1391 2644 1570 2686 indulgere,

887 2700 928 2732 ad
952 2697 1193 2742 Imperatoriam
1217 2697 1407 2738 dignitatem
1432 2702 1570 2732 revocat,

886 2750 1093 2791 hortaturque
1114 2749 1266 2788 adspiciat
1286 2745 1364 2788 quid
1384 2744 1481 2776 Drusi
1504 2756 1568 2776 ma—

887 2806 968 2831 trem
984 2801 1100 2834 deceat,
1114 2797 1192 2840 quid
1210 2807 1337 2828 uxorem
1356 2796 1495 2826 Coesaris.
