1809 3220
172 154 260 196 324

557 151 610 193 Ρ.
641 149 859 193 OVIDII
893 149 1183 192 NASONIS

178 269 377 318 Territa
400 285 522 317 voce
550 268 687 331 gravi
712 267 874 330 surgit
899 267 1023 315 dea:
1065 267 1300 315 convolat
1324 266 1486 313 omnis

252 348 450 396 Turba:
493 363 583 411 per
608 346 818 394 infestas
845 345 1023 409 effugit
1048 345 1131 392 ille
1157 360 1355 392 manus.

185 427 493 491 Lampsacos
520 426 615 472 hoc
643 425 829 472 animal
856 424 1004 472 solita
1032 431 1111 471 est
1136 430 1360 471 mactare
1387 421 1604 485 Priapo:

252 505 390 569 Apta
415 503 542 552 asini
568 503 786 551 flammis
812 502 994 550 indicis
1021 509 1142 550 exta
1166 502 1375 549 damus:

1507 501 1606 547 346

187 584 353 638 Quem
377 591 450 640 tu,
477 581 594 630 diva
618 598 826 638 memor,
855 581 919 629 de
947 597 1076 645 pane
1103 579 1376 627 monilibus
1402 594 1569 626 ornas.

259 662 445 710 Cessat
469 678 626 725 opus:
667 677 839 708 vacuae
866 660 1158 707 conticuere
1185 658 1347 706 molae.

192 740 429 795 Nomine,
458 756 611 804 quam
640 740 802 804 pretio
829 738 1144 793 celebratior,
1173 752 1288 784 arce
1314 735 1578 790 Tonantis,

261 819 460 875 Dicam,
491 819 706 867 Pistoris
734 819 857 883 quid
883 818 1005 866 velit
1030 834 1115 865 ara
1139 815 1298 865 Jovis.

1515 816 1615 862 350

193 898 378 945 Cincta
403 899 765 962 premebantur
791 897 1021 944 trucibus
1049 894 1306 959 Capitolia
1332 893 1526 941 Gallis:

262 976 477 1024 Fecerat
501 975 698 1024 obsidio
719 976 826 1038 jam
853 975 1093 1022 diuturna
1118 972 1321 1020 famem.

193 1054 411 1119 Jupiter,
440 1054 503 1102 ad
531 1054 711 1102 solium
741 1052 950 1118 Superis
978 1051 1146 1115 regale
1172 1049 1380 1106 vocatis,

265 1132 460 1197 Incipe,
489 1132 560 1180 ait
587 1131 771 1189 Marti3
813 1130 1042 1195 protinus
1069 1128 1152 1177 ille
1179 1127 1359 1176 refert:

200 1211 410 1259 Scilicet
431 1211 659 1274 ignotum
686 1218 779 1267 est,
804 1226 918 1274 quae
946 1209 1012 1256 sit
1033 1208 1235 1256 fortuna
1260 1222 1505 1262 meorum,
1521 1207 1621 1253 355

268 1289 336 1337 Et
359 1289 502 1337 dolor
526 1289 607 1336 hic
634 1289 787 1336 animi
813 1305 935 1336 voce
963 1286 1226 1351 querentis
1252 1293 1384 1350 eget.

246 1500 323 1530 344.
350 1499 437 1531 Edit.
457 1499 611 1542 Neapolis
633 1501 744 1542 effugit
762 1502 828 1537 illa,
844 1507 878 1532 ut

202 1549 302 1580 Vesta
320 1549 444 1581 dicatur
459 1550 564 1592 Priapi
585 1561 696 1580 manus
710 1549 877 1591 effugisse:

202 1599 286 1640 quod
304 1598 409 1641 placet
423 1599 601 1635 Taubnero,
617 1599 674 1630 sed
698 1610 758 1630 non
779 1599 855 1630 milii
870 1612 876 1630 z

203 1647 299 1679 immo
323 1650 375 1680 ille
392 1648 524 1690 Priapus
546 1648 658 1690 effugit
680 1659 734 1690 per
755 1659 879 1685 manus,

202 1709 284 1739 quas
305 1698 349 1730 dii
371 1699 576 1730 convolantes
598 1699 626 1729 ei
648 1699 777 1741 injicere
794 1698 880 1730 vole-

203 1749 292 1780 bant.
331 1749 521 1789 Lampsacos.
538 1755 599 1780 etc.
642 1749 694 1780 Sic
712 1755 744 1780 et
760 1749 780 1780 i.
794 1750 858 1781 439
873 1761 881 1787 3

205 1805 237 1829 et
260 1799 458 1835 Lactantius,
478 1799 564 1830 (licto
591 1799 682 1831 loco:
711 1804 731 1816 ¹¹
746 1800 817 1831 Hac
841 1799 881 1831 de

206 1859 304 1879 causa
332 1850 567 1891 Lampsacenos
591 1849 725 1880 asellum
755 1849 882 1892 Priapo,

206 1899 297 1941 quasi
330 1899 362 1929 in
390 1899 542 1931 ultionem
576 1906 716 1931 mactare
749 1911 881 1932 consue—

206 1949 306 1980 visse:
334 1949 418 1992 apud
446 1950 609 1981 Romanos
635 1961 708 1981 vero
734 1950 884 1982 eumdem

208 1999 393 2030 Vestalibus
419 2000 528 2035 sacris,
555 2001 586 2030 in
612 2000 763 2031 honorem
790 2000 883 2042 pudi-

208 2048 304 2084 citine,
320 2048 458 2091 panibus
478 2050 654 2080 coronari.'’
701 2049 782 2081 Inde
799 2056 887 2092 patet

209 2098 426 2134 Lactantium,
445 2098 499 2140 qui
522 2098 638 2130 diserte
658 2105 777 2135 monet,
793 2110 825 2130 se
847 2110 885 2130 ex

211 2147 319 2180 Ovidii
342 2147 445 2179 Fastis
466 2147 548 2178 lianc
570 2148 710 2179 fabulam
734 2157 886 2191 repetere,

210 2197 268 2228 hoc
285 2207 412 2239 quoque
433 2197 591 2228 distichon
612 2197 759 2229 habuisse
776 2198 807 2229 in
830 2209 887 2229 suo

211 2247 283 2279 cod.
302 2247 388 2289 quod
413 2248 565 2279 Heinsius
590 2249 629 2279 ab
653 2248 780 2280 homine
805 2249 887 2280 male

210 2297 321 2329 feriato
350 2303 463 2339 praeter
492 2308 558 2329 rem
587 2298 783 2330 inculcatum
820 2309 888 2330 esse

212 2348 366 2390 putabat3
391 2347 447 2378 sed
464 2358 521 2378 nec
545 2354 649 2390 potest
665 2349 777 2380 abesse
796 2360 888 2391 prop-

213 2405 260 2429 ter
273 2408 332 2439 sqq
344 2410 352 2435 ;
370 2407 442 2428 nam
455 2409 539 2438 quem
552 2398 684 2429 refertur
698 2398 739 2429 ad
751 2398 888 2429 asinum.

212 2448 416 2479 Burmannus
440 2447 508 2478 haec
537 2447 582 2478 sic
607 2448 717 2489 refingi
741 2448 885 2479 volebat:

216 2498 395 2537 Lampsacos
410 2497 483 2528 hinc
500 2498 616 2527 animal
632 2498 721 2528 solita
737 2498 790 2528 hoc
809 2509 890 2529 mac-

216 2554 282 2578 tare
300 2547 435 2588 Priapo.-
462 2547 546 2578 Hinc
563 2548 786 2589 asiniflammis
807 2549 889 2578 indi-

215 2600 258 2629 cis
273 2604 341 2629 exta
361 2599 488 2634 damnas,-
514 2597 589 2639 quia
604 2598 675 2628 hinc
695 2600 775 2628 asini
795 2604 843 2628 est
858 2598 890 2629 in

216 2647 325 2679 multis
352 2647 427 2679 edd.
474 2647 616 2686 Memor,-
652 2647 743 2679 aliter
766 2647 892 2690 judicat

218 2698 405 2730 Lactantius
419 2711 425 2728 ε
444 2702 464 2715 “
480 2698 568 2736 Quid
584 2699 728 2741 turpius?
743 2699 821 2740 quid
834 2699 891 2730 fla-

216 2749 372 2791 gitiosius,
403 2760 499 2792 qnam
537 2749 563 2780 si
601 2750 702 2781 Vesta
737 2749 891 2781 beneficio

949 1503 1029 1533 asnii
1045 1501 1133 1544 virgo
1148 1507 1196 1533 est
1208 1501 1244 1532 Y'

949 1552 1000 1584 die
1021 1553 1211 1584 Vestalium.

993 1603 1180 1634 349—394.
1206 1601 1369 1643 Digressio
1385 1598 1426 1630 ad
1441 1609 1528 1629 aram
1542 1598 1628 1629 Jovis

952 1653 1092 1689 Pistoris,
1120 1663 1191 1695 quae
1222 1662 1286 1682 non
1315 1649 1454 1693 pertinet
1482 1647 1523 1679 ad
1549 1658 1628 1684 rem,

951 1713 1145 1745 quamquam
1162 1702 1193 1733 in
1210 1702 1270 1732 hac
1287 1700 1397 1731 fabula
1410 1699 1508 1731 etiam
1520 1698 1628 1729 Vestae

951 1759 1057 1795 partes
1073 1752 1220 1795 quaedam
1237 1751 1335 1782 suere.
1381 1749 1474 1781 Forte
1489 1748 1628 1779 ver.318

950 1814 1023 1846 sqq.
1039 1803 1108 1834 haec
1125 1801 1282 1834 inserendi
1303 1806 1405 1843 poetae
1429 1797 1630 1831 occasionem

951 1853 1080 1885 dedere.
1125 1854 1290 1884 Summam
1320 1850 1364 1881 rei
1392 1849 1488 1881 habet
1510 1847 1632 1886 Livius,

952 1917 983 1935 v.
1003 1906 1062 1935 48:
1089 1908 1108 1921 ¹‘
1125 1906 1233 1942 Quum
1249 1900 1425 1933 identidem
1441 1898 1530 1932 Galli
1544 1899 1630 1941 (Ro-

953 1955 1055 1986 manis
1083 1954 1115 1985 in
1144 1951 1306 1996 Capitolio
1335 1949 1484 1990 inclusis)
1513 1949 1631 1981 samem

954 2004 1140 2046 objicerent,
1158 2013 1261 2044 eaque
1278 2000 1468 2032 necessitate
1483 1999 1523 2031 ad
1540 1998 1631 2030 dedi-

955 2055 1072 2086 tionem
1104 2057 1266 2089 vocarent,
1296 2051 1414 2083 dicitur
1451 2049 1631 2081 avertendae

957 2105 1026 2147 ejus
1041 2102 1198 2146 opinionis
1213 2113 1310 2134 causa
1325 2099 1434 2132 multis
1448 2099 1527 2131 locis
1541 2099 1634 2143 panis

956 2155 996 2186 de
1013 2152 1172 2195 Capitolio
1185 2152 1329 2194 jactatus
1351 2161 1420 2182 esse
1441 2149 1475 2180 in
1495 2148 1633 2181 hostium

957 2203 1140 2235 stationes.“
1166 2201 1205 2233 Id
1221 2200 1392 2232 consilium
1409 2198 1450 2230 ad
1465 2198 1543 2230 deos
1558 2209 1634 2231 auc-

958 2259 1039 2284 tores
1054 2257 1163 2294 postea
1179 2251 1314 2282 relatum
1334 2256 1367 2281 et
1382 2250 1422 2281 ab
1438 2248 1558 2280 Ovidio
1578 2259 1634 2280 ex-

958 2308 1103 2333 ornatum
1128 2307 1189 2332 est.
1235 2302 1300 2331 Arx
1326 2299 1484 2335 Tonantis,
1501 2298 1635 2341 Capito-

958 2351 1051 2382 lium.
1110 2350 1281 2388 Trucibus;
1316 2349 1415 2381 etiam
1444 2348 1566 2386 Livius,
1593 2348 1636 2380 vi.

958 2403 1019 2432 28:
1047 2406 1067 2419 “
1082 2401 1204 2444 species
1221 2400 1388 2432 Gallorum
1404 2398 1546 2431 truces-’⁹

1003 2453 1078 2483 354.
1104 2452 1244 2491 Incipere
1259 2450 1355 2481 etiam
1371 2460 1437 2481 ver.
1452 2449 1529 2480 341.
1544 2448 1635 2480 abso-

960 2502 1025 2532 lute
1052 2500 1208 2543 positum:
1234 2499 1265 2531 h.
1282 2500 1304 2531 l.
1320 2498 1491 2542 supplend.
1506 2497 1635 2530 referre.

960 2551 1083 2582 Scilicet
1113 2561 1241 2592 gravem
1276 2549 1528 2592 indignationem
1562 2558 1636 2580 cum

958 2599 1101 2632 irrisione
1127 2599 1266 2642 quadam
1291 2599 1451 2642 exprimit,
1477 2604 1637 2640 negatque

960 2651 1103 2692 ignotum
1128 2661 1196 2681 esse
1223 2649 1267 2687 id,
1292 2650 1377 2692 quod
1401 2649 1468 2692 jam
1494 2646 1635 2680 additur.

960 2701 1071 2732 Jacere
1086 2701 1126 2732 de
1143 2699 1245 2731 victis.

1294 1500 1395 1531 Cessat
1416 1508 1489 1539 opus
1510 1507 1625 1540 nempe
