1830 3220
593 179 943 222 FASTORUM
980 180 1040 221 LI
1050 181 1101 222 B.
1138 180 1192 221 V.

1514 182 1600 223 295

181 295 294 352 Dic,
323 313 418 360 ego
444 298 700 361 respondi,
722 313 929 345 causam
955 297 1077 344 mihi
1105 297 1284 345 sideris
1311 298 1478 361 hujus.

249 375 471 422 Causam
498 375 716 423 facundo
744 376 967 440 prodidit
992 392 1076 424 ore
1098 377 1253 425 deus:

178 452 511 501 Abstulerant
536 461 706 518 raptas
734 453 964 501 Phoeben
992 454 1320 518 Phoebesque
1348 471 1568 504 sororem

245 531 551 596 Tyndaridae
572 532 767 587 fratres,
796 532 876 580 hic
904 548 1080 595 eques,
1105 533 1187 580 ille
1214 533 1371 597 pugil.

1504 537 1602 581 700

181 610 326 658 Bella
352 619 547 676 parant,
576 618 917 676 repetuntque
944 627 1060 659 suas
1087 618 1138 659 et
1162 611 1314 660 frater
1336 619 1387 659 et
1414 611 1561 670 Idas;

247 688 508 755 Leucippo
533 690 640 738 fieri
667 697 847 755 pactus
877 697 1089 754 uterque
1117 706 1286 754 gener.

179 766 274 815 His
301 785 456 826 amor,
486 776 542 816 ut
567 776 816 833 repetant,
847 768 960 825 illis,
989 775 1046 815 ut
1071 768 1284 816 reddere
1310 768 1485 825 nolint,

250 847 472 896 Suadet:
514 855 566 895 et
592 864 656 896 ex
684 864 840 895 causa
865 854 1058 912 pugnat
1082 854 1298 911 uterque
1324 847 1449 911 pari.

178 923 418 990 Effugere
446 927 697 974 OEbalidae
724 943 874 976 cursu
901 934 1113 991 potuere
1141 932 1444 990 sequentes3
1503 929 1600 974 705

247 1004 351 1053 Sed
377 1006 540 1053 visum
566 1006 718 1054 celeri
737 1006 938 1053 vincere
964 1013 1111 1069 turpe
1137 1003 1272 1067 fuga.

179 1082 330 1132 Liber
355 1084 418 1132 ab
444 1085 708 1132 arboribus
735 1085 876 1132 locus
902 1091 996 1140 est,
1025 1091 1145 1148 apta
1169 1099 1286 1130 area
1309 1099 1510 1148 pugnae.

247 1162 600 1212 Constiterant
627 1163 757 1211 illic:
800 1179 983 1211 nomen
1011 1162 1252 1226 Aphidna
1277 1162 1403 1209 loco.

178 1316 283 1352 labor‚·
316 1315 428 1347 eodem
466 1327 559 1348 sensu
598 1316 767 1353 Homerus,
793 1316 853 1356 βίη

180 1363 387 1408 Ἡρακληείη.

221 1416 296 1447 699.
322 1416 446 1447 Phoebes
475 1427 557 1447 soror
587 1414 708 1452 Elaira‚
745 1414 853 1452 Ilaira,

177 1465 312 1502 Hilaira,
332 1466 427 1498 Laira
447 1472 578 1497 vocatur
598 1466 638 1497 ab
660 1464 854 1496 auctoribus.

176 1517 263 1548 Vera
278 1516 435 1559 scriptura
450 1517 537 1548 haud
557 1516 654 1548 dubie
677 1521 726 1547 est
740 1515 853 1547 Ἰλάει-

174 1578 232 1609 ρα.
280 1567 453 1610 Lycippus,
470 1572 560 1609 pater
579 1567 692 1597 haruin
713 1577 852 1597 sororum

177 1624 246 1648 erat
275 1618 371 1649 frater
399 1617 542 1661 Apharei
571 1617 736 1654 Messenii,
761 1617 854 1659 cujus

177 1666 234 1697 filii
260 1667 409 1709 Lynceus
438 1673 470 1698 et
497 1667 592 1706 Idas3
624 1667 849 1709 Apollodorus,

179 1716 245 1747 ΙΙΙ.
263 1728 296 1748 x.
311 1718 344 1748 3.
380 1718 519 1758 Raptum
535 1717 624 1749 illum
637 1717 734 1748 etiam
748 1717 853 1747 Theo-

178 1766 275 1798 critus
295 1773 327 1797 et
344 1767 463 1809 Hygia.
479 1773 676 1805 memorant;
700 1766 756 1798 sed
776 1767 851 1797 Pin-

179 1816 274 1848 darus
285 1817 324 1847 ob
336 1817 434 1848 boves
451 1817 581 1848 abactas
596 1827 736 1859 pugnam
752 1822 853 1848 ortam

178 1876 247 1897 esse
277 1866 376 1903 canit,
408 1866 492 1909 quod
525 1866 621 1898 latius
655 1867 854 1909 persequitur

178 1917 404 1960 Apollodorus.
457 1917 554 1959 Apud
584 1917 693 1948 Schol.
723 1916 853 1948 Pindari

178 1967 219 1999 ad
246 1978 314 1999 ver.
343 1968 415 1998 104.
441 1967 636 2010 Tyndaridae
663 1967 746 1998 inter
769 1967 854 2010 ipsas

178 2018 289 2060 epulas
327 2018 498 2061 nuptiales,
532 2017 573 2049 ad
611 2029 691 2060 quas
728 2018 854 2049 invitati

178 2075 279 2105 erant,
310 2079 442 2111 sponsas
471 2068 609 2110 rapiunt.
660 2069 723 2099 Hic
753 2079 851 2109 eques,

180 2124 242 2150 etc.
258 2129 296 2150 ex
316 2119 455 2149 Homero
475 2119 515 2149 ll.
534 2122 571 2151 Γ.
589 2119 664 2150 237.
681 2124 713 2149 et
729 2118 793 2149 Od.
810 2122 852 2150 A.

179 2170 265 2209 3023
295 2180 314 2200 a
339 2180 402 2211 quo
429 2169 510 2200 alter
539 2168 745 2212 ἱππόδαμος,
776 2169 855 2200 alter

180 2219 247 2257 πύξ
279 2219 406 2263 ἀγαθός
440 2226 579 2252 vocatur.
638 2221 761 2252 Auctor
790 2221 853 2263 Cy-

178 2271 316 2314 priorum
347 2271 380 2302 in
413 2270 520 2302 Schol.
550 2270 680 2302 Pindari
719 2271 760 2302 ad
790 2282 856 2302 ver.

182 2318 263 2352 1'44:
306 2320 462 2363 Κάστορά
497 2321 528 2352 θ’
565 2321 771 2364 ἱππόδαμον,
801 2322 855 2353 καὶ

178 2371 383 2414 ἁεθλόφορον
409 2371 631 2404 Πολυδεύκεα.
681 2373 796 2403 Horat.
825 2373 853 2404 Ι.

181 2421 244 2453 Od.
260 2421 316 2453 xii.
334 2423 395 2453 23:
423 2427 443 2439 “
461 2422 557 2453 Hunc
573 2421 677 2464 equis,
696 2422 786 2453 illum
803 2434 854 2453 su-

182 2482 291 2515 perare
314 2471 430 2514 pugnis
447 2472 633 2503 Nobilem.''
679 2472 776 2504 Illum
800 2472 854 2504 ἱπ-

182 2520 338 2564 πόδαμον
364 2521 578 2565 Apollodorus
616 2522 854 2565 interpretatur,

182 2573 273 2612 ἤσκει
288 2573 329 2604 τὰ
345 2573 431 2604 κατὰ
448 2572 607 2614 πόλεμον.

227 2624 301 2655 705.
327 2623 485 2659 OEbcilz'dae,
514 2622 719 2665 Tyndaridae,
747 2623 855 2655 OEbali

181 2679 324 2716 nepotes.
369 2674 482 2715 Pugna
513 2680 617 2705 autem
646 2684 753 2705 eorum
780 2684 854 2705 curn

182 2723 324 2767 Apharei
349 2723 422 2755 filiis
452 2724 537 2755 varie
562 2723 690 2756 tradita.
736 2725 855 2756 Secun-

923 1315 1000 1346 dum
1028 1315 1217 1351 Pindarum,
1249 1325 1313 1345 ver.
1347 1314 1420 1345 117.
1452 1314 1600 1356 Lynceus

924 1365 1097 1396 Dioscuros
1127 1364 1215 1395 videt
1252 1363 1285 1394 in
1316 1370 1429 1395 trunco
1465 1375 1601 1406 quercus

925 1414 1035 1458 (δρυὸς
1051 1415 1085 1447 ἐν
1098 1413 1260 1456 στελέχει)
1275 1414 1423 1450 latentes,
1435 1413 1503 1446 visu
1516 1415 1600 1446 enim

924 1466 1063 1497 maxime
1090 1466 1230 1497 valebat.
1282 1464 1368 1495 Hinc
1396 1464 1535 1496 decurrit
1561 1475 1600 1496 ex

924 1522 1031 1547 monte
1046 1521 1078 1546 et
1094 1515 1225 1546 Castora
1243 1514 1404 1545 interficit.
1449 1515 1496 1546 Ea
1511 1514 1601 1547 caede

924 1571 1100 1597 commotus
1116 1565 1231 1596 Pollux
1248 1565 1368 1606 proruit
1383 1575 1400 1595 e
1416 1575 1535 1607 quercu
1552 1570 1600 1596 at-

923 1627 985 1659 que
1001 1616 1204 1658 Apliareidas
1219 1615 1430 1658 persequitur.
1474 1615 1517 1646 Hi
1534 1626 1599 1646 res-

923 1668 1054 1697 titerunt
1071 1666 1111 1697 ad
1128 1666 1308 1708 sepulcrum
1327 1665 1425 1708 patris
1443 1665 1599 1708 Apharei,

923 1723 1018 1758 atque
1055 1715 1127 1747 inde
1165 1726 1278 1747 saxum
1317 1722 1442 1757 raptum
1481 1715 1600 1758 pectori

922 1766 1066 1797 Pollucis
1077 1767 1264 1808 injecerunt.
1287 1766 1369 1796 Tum
1383 1765 1497 1797 Pollux
1507 1766 1601 1797 hasta

924 1816 1047 1858 trajecit
1070 1816 1190 1858 Lyncei
1211 1817 1322 1853 latera,
1342 1816 1470 1858 Jupiter
1491 1823 1599 1848 autern

922 1867 1016 1898 Idam
1043 1867 1175 1898 fulmine
1202 1866 1297 1898 feriit.
1355 1866 1507 1898 Similiter
1536 1868 1600 1899 sere

924 1922 1034 1948 auctor
1064 1916 1264 1959 Cypriorum,
1305 1921 1337 1947 et
1374 1916 1600 1959 Apollodorus.

924 1967 977 1997 Ad
1003 1967 1161 1998 tumulum
1188 1966 1330 2009 Apharei
1359 1965 1504 2009 praelium
1531 1977 1600 1997 esse

923 2017 1137 2054 commissum,
1161 2017 1256 2048 etiarn
1280 2016 1468 2048 Theocritus
1491 2017 1600 2048 tradit.

924 2067 1040 2099 Nostro
1057 2078 1131 2098 area
1152 2078 1267 2109 pugnae
1290 2067 1350 2098 fuit
1368 2077 1465 2109 prope
1480 2068 1598 2107 Aphid-

924 2129 1007 2154 num,
1023 2118 1134 2148 urbem
1150 2116 1312 2153 Laeoniae,
1323 2116 1408 2148 unde
1425 2116 1550 2148 Phoebe
1567 2122 1602 2148 et

924 2167 1049 2198 Hilaira
1079 2174 1178 2199 erant.
1219 2167 1419 2209 Stephanus:
1453 2166 1599 2210 Ἀφίδνα

925 2217 1030 2261 δῆμος
1046 2217 1215 2258 Ἀττικῆς.
1256 2216 1353 2250 ’Ἐστι
1376 2218 1431 2249 καὶ
1449 2219 1513 2257 τῆς
1531 2221 1600 2250 Λα-

924 2272 1078 2308 κωιίκῆς,
1099 2268 1175 2301 ὅθεν
1201 2268 1292 2306 ἦσαν
1319 2267 1352 2300 αἱ
1378 2266 1600 2307 Λευκίππιόες

926 2320 1032 2360 Φοίβη
1050 2322 1105 2350 καὶ
1119 2318 1276 2361 Ἱλάειρα.
1324 2318 1484 2360 HyginuS‚
1503 2318 1596 2351 Poet.

926 2370 1052 2402 Astron.
1069 2371 1115 2401 II.
1131 2371 1184 2401 22.
1201 2370 1298 2400 habet
1314 2371 1345 2400 in
1361 2371 1468 2409 oppido
1483 2370 1598 2400 Ariad-

924 2422 994 2458 nis5
1025 2420 1081 2451 sed
1106 2425 1138 2451 et
1162 2419 1207 2451 ibi
1238 2420 1389 2461 Aphidnis
1414 2419 1597 2461 legendum.

923 2471 954 2502 A
984 2472 1108 2513 Lynceo
1139 2471 1266 2502 Castora
1296 2481 1364 2502 esse
1396 2470 1598 2502 interfectum

923 2521 1052 2565 plurimi
1080 2521 1219 2553 tradunt.
1273 2520 1369 2562 Apud
1395 2520 1599 2552 Theocritum

924 2583 998 2603 vero
1013 2572 1162 2614 Lynceus
1183 2571 1271 2603 cadit
1287 2570 1430 2603 Castoris
1446 2581 1520 2602 ense
1536 2576 1598 2601 tra-

919 2622 1036 2665 jectus.
1082 2622 1121 2653 In
1143 2633 1213 2654 voc.
1232 2622 1355 2663 Lym-eo
1377 2621 1517 2653 notanda
1534 2620 1598 2663 syl-

924 2672 999 2704 laba
1014 2668 1167 2709 se'cunda,
1184 2683 1255 2715 quae
1271 2672 1330 2704 hoc
1345 2682 1434 2704 versu
1451 2671 1556 2713 longa,
1568 2676 1601 2703 et.

925 2723 1030 2755 brevis
1043 2733 1123 2754 vers.
1137 2723 1212 2753 711.
