1809 3220
166 165 253 208 144

567 163 618 204 P.
652 161 870 204 OVIDII
905 161 1191 204 NASONIS

167 282 282 330 Stat
317 296 524 345 quoque
556 279 725 343 Capra
761 278 939 326 simul:
983 278 1239 343 Nymphae
1277 277 1475 343 pavisse
1512 276 1584 326 fe-

234 359 498 408 Cretides:
540 357 715 405 infanti
741 358 819 405 lac
845 356 986 405 dedit
1011 356 1097 405 illa
1119 355 1150 403 J
1155 356 1250 404 ovi.

1388 357 1587 419 [runtur

166 438 317 486 Nunc
338 453 487 486 vocor
506 437 570 484 ad
596 453 804 485 nomen:
833 435 1108 499 vegrandia
1126 434 1258 483 farra
1276 434 1456 492 coloni,
1483 436 1583 482 445

233 515 360 571 Quae
386 515 517 563 male
541 522 821 572 creverunt,
843 529 1098 578 vescaque
1124 529 1277 577 parva
1300 518 1501 560 vocant.

164 593 255 641 Vis
281 610 341 642 ea
366 593 408 640 si
432 593 570 641 verbi
597 600 690 649 est,
719 609 807 640 cur
832 608 931 640 non
959 608 1053 655 ego
1079 590 1284 654 Vejovis
1310 591 1490 647 aedem,

230 672 411 720 AEdem
433 688 531 719 non
558 671 729 734 magni
755 670 984 735 suspicer
1009 687 1122 718 esse
1147 669 1178 717 J
1183 670 1323 717 ovis?

162 749 400 814 Jamque,
427 750 512 797 ubi
539 749 813 797 caeruleum
837 749 1103 796 variabunt
1128 747 1295 796 sidera
1319 747 1520 802 coelum,

234 828 478 892 Suspice:
522 827 777 892 Gorgonei
804 827 935 876 colla
958 827 1154 875 videbis
1180 827 1317 891 equi.

1477 827 1580 873 450

163 906 404 954 Creditur
430 907 510 954 hic
536 922 682 954 caesae
708 905 914 969 gravida
938 905 1133 954 cervice
1160 903 1394 953 Medusae

233 983 492 1048 Sanguine
519 984 763 1049 respersis
791 983 1086 1048 prosiluisse
1107 983 1262 1046 jubis.

205 1167 281 1198 445.
318 1165 550 1207 Argumentum
580 1165 838 1207 etymologicum.

162 1216 323 1248 Particula
348 1227 391 1251 ve,
412 1216 598 1247 observante
623 1215 729 1247 Gellio
753 1214 838 1245 dicto

160 1267 242 1304 loco,
258 1267 418 1309 duplicem
434 1265 657 1307 significatum,
674 1265 837 1296 eumdem-

163 1329 224 1360 que
249 1317 409 1348 diversum
434 1315 586 1351 habebat,
609 1327 706 1357 quum
729 1321 760 1347 et
782 1326 837 1346 au-

161 1366 273 1409 gendae
311 1372 342 1397 et
376 1364 556 1396 minuendae
587 1365 629 1396 rei
659 1364 838 1396 inserviret.

164 1417 300 1450 Ovidius
334 1416 469 1456 Vejovem
499 1415 664 1457 explicuit,
691 1414 744 1456 qui
775 1425 836 1446 non

158 1467 291 1511 juvandi
313 1472 512 1509 potestatem,
534 1465 588 1497 sed
612 1465 675 1496 vim
703 1465 836 1496 nocendi

162 1519 269 1550 habet.
315 1517 408 1548 Hanc
421 1515 713 1558 interpretationem
730 1526 767 1546 eo
781 1515 837 1546 ad-

158 1569 262 1612 juvat,
277 1566 361 1609 quod
377 1565 580 1597 simulacrum
598 1565 691 1607 liujus
708 1565 770 1596 Dei
787 1575 836 1596 sa-

161 1619 258 1662 gittas
278 1622 396 1652 teneat,
414 1626 484 1658 quae
507 1615 570 1646 sint
590 1622 708 1658 paratae
725 1615 764 1646 ad
782 1626 833 1646 no-

162 1667 310 1699 cendum.
361 1667 547 1709 Vegrundia.
593 1665 699 1696 Etiam
724 1666 836 1697 Festus

162 1723 185 1736 “
206 1717 396 1759 vegrandem
428 1715 533 1747 sabam
565 1715 742 1746 minutam’'
771 1715 835 1747 dici

161 1768 266 1799 tradit.
314 1768 414 1798 Varro
429 1766 469 1798 de
486 1766 528 1797 R.
541 1765 637 1796 Rust.
651 1765 684 1797 ii.
700 1767 731 1796 2.
747 1770 767 1783 ¹¹
783 1776 834 1797 ve-

163 1817 299 1860 grandes
315 1822 347 1848 et
362 1816 532 1848 imbecillae
548 1815 661 1847 oves.''
694 1815 745 1847 De
758 1826 835 1847 voce

162 1879 264 1900 vesrus
273 1866 345 1898 vide
356 1865 509 1902 Gellium,
520 1865 583 1897 xvi.
593 1867 612 1897 5
622 1877 629 1902 ς
647 1865 836 1907 Phylargyr.

160 1918 201 1950 ad
225 1917 408 1959 Virgilium,
426 1917 546 1956 Georg.
570 1915 618 1946 iii.
640 1917 712 1947 175.
734 1922 766 1946 et
789 1915 833 1946 iv.

163 1969 245 2006 131;
272 1974 304 1999 et
327 1967 468 2002 Festum,
483 1976 500 1997 a
526 1966 642 2008 quibus
664 1965 746 1996 inter
773 1965 837 1997 alia

157 2017 327 2053 minutum,
351 2015 446 2052 exile,
476 2025 615 2046 macrum
645 2015 834 2057 explicatur.

162 2066 295 2103 Plinius,
312 2066 365 2097 vii.
389 2066 442 2096 20.
464 2069 486 2082 “
507 2075 598 2096 vesco
621 2075 759 2107 corpore,
780 2064 836 2096 sed

160 2116 284 2150 eximiis
299 2115 450 2147 viribus.'’
496 2115 545 2146 Ac
568 2115 682 2146 Festus
706 2114 834 2156 quidem

160 2168 256 2200 etiarn
267 2167 421 2209 Vejovem
433 2165 656 2208 interpretatur
668 2175 739 2196 cum
752 2165 834 2196 Nos-

161 2224 209 2249 tro
223 2228 352 2258 parvum
369 2216 483 2247 Jovem.

206 2267 393 2299 449—458.
442 2266 553 2306 Pegasi.
588 2265 698 2295 collum
734 2266 835 2295 oritur

161 2317 296 2350 heliace.
327 2314 524 2348 Kalendaria
536 2314 690 2346 nonnulla
704 2321 736 2346 et
749 2314 833 2346 hunc

161 2373 276 2404 ortum,
298 2372 330 2398 et
349 2365 480 2408 Vejovis
505 2365 658 2407 templum
683 2365 833 2407 superiori

160 2417 226 2450 diei
236 2417 389 2449 tribuunt.
434 2415 496 2446 Hic
515 2425 641 2457 quoque
652 2415 763 2446 sideris
774 2415 833 2446 ori-

163 2468 270 2511 ginem
290 2466 396 2502 refert,
419 2476 513 2507 quarn
538 2465 674 2495 Metam.
698 2464 739 2495 iv.
760 2466 834 2496 784.

164 2524 199 2550 ut
222 2517 341 2549 fontem
361 2516 401 2547 ab
425 2526 462 2546 eo
486 2515 606 2546 factum
626 2515 708 2546 Met.
725 2526 755 2546 v.
770 2516 835 2546 256

161 2580 209 2611 sq.
225 2567 336 2611 paucis
360 2565 474 2606 attigit.
520 2564 625 2595 Etiam
647 2575 730 2595 nunc
749 2565 835 2607 justo

161 2618 285 2651 brevior
296 2623 344 2648 est
358 2622 390 2647 et
403 2615 626 2646 subobscurus.
658 2613 708 2645 Cf.
722 2614 832 2645 Hesio-

161 2670 222 2701 dus
235 2667 354 2708 Theog.
369 2666 434 2697 280
455 2674 526 2706 sqq.
542 2669 574 2694 et
595 2663 658 2694 325
669 2675 678 2702 3
701 2664 833 2706 Apollo·

164 2718 268 2754 dorus,
283 2716 329 2748 ΙΙ.
353 2715 398 2746 iii.
418 2716 461 2753 23
490 2719 522 2745 et
545 2713 587 2745 iv.
612 2715 653 2753 23
676 2713 834 2756 Hyginus,

162 2767 284 2799 Poetic.
308 2766 437 2797 Astron.
462 2763 493 2795 ii.
515 2764 563 2795 18.
585 2763 640 2806 qui
664 2762 767 2795 varias
793 2763 834 2795 de

907 1163 967 1196 hac
996 1175 1028 1196 re
1056 1164 1180 1196 fabulas
1207 1164 1348 1206 collegit.
1402 1163 1584 1200 Vnt-iubant,

906 1215 1049 1257 dispersa
1066 1214 1184 1246 variam
1202 1215 1332 1246 formam
1350 1213 1472 1246 dabunt
1488 1213 1584 1250 coelo,

907 1265 1082 1306 eleganter,
1094 1264 1235 1296 dictum:
1260 1263 1372 1295 eodem
1387 1275 1481 1296 sensu
1495 1268 1514 1281 “
1528 1273 1583 1295 va-

907 1316 987 1347 rium
1004 1315 1162 1350 coelum‚'’
1179 1315 1314 1346 Metam.
1331 1314 1364 1345 ii.
1383 1315 1464 1346 189:
1491 1318 1511 1332 '⁴
1528 1323 1585 1345 va-

908 1366 1033 1397 riabant
1049 1371 1189 1407 tempora
1205 1364 1317 1401 cani‚”
1335 1365 1417 1396 Met.
1433 1364 1489 1396 xii.
1502 1365 1583 1396 465:

908 1420 928 1433 ‘⁸
948 1415 1071 1446 varians
1089 1414 1222 1457 capillos
1237 1414 1400 1457 gemma,’'
1416 1416 1541 1446 Amorr.
1556 1413 1585 1445 I.

906 1466 940 1497 ii.
959 1467 1010 1496 41.
1060 1465 1200 1501 Medusa,
1217 1475 1281 1496 una
1302 1464 1581 1508 Gorgonum,gra-

906 1518 975 1547 vida
1013 1521 1082 1547 erat
1118 1526 1155 1547 ex
1196 1516 1360 1558 Neptuno.
1406 1515 1585 1558 Amputato

905 1567 973 1609 ejus
997 1566 1090 1602 collo,
1107 1566 1204 1597 foetus
1227 1576 1299 1597 cum
1322 1565 1476 1608 sanguiue
1500 1565 1583 1597 exsi-

905 1617 975 1653 luit,
1000 1626 1105 1658 neque
1134 1616 1276 1657 Pegasus
1306 1621 1441 1652 tantum,
1463 1615 1521 1647 sed
1551 1620 1584 1647 et

904 1666 1064 1708 Chrysaor
1093 1665 1207 1703 frater;
1246 1665 1318 1697 vide
1347 1664 1523 1697 Hesiodum
1551 1669 1584 1696 et

905 1715 1143 1759 Apollodorum,
1157 1715 1234 1747 dict.
1251 1715 1329 1746 loce.
1376 1716 1426 1746 Ac
1442 1714 1496 1747 ille
1511 1714 1582 1757 qui-

904 1766 975 1798 dem
997 1776 1112 1797 nomen
1136 1765 1210 1796 inde
1233 1765 1367 1808 accepit,
1384 1764 1469 1807 quod
1485 1774 1582 1807 prope

904 1815 1013 1848 oceani
1030 1816 1145 1852 fontes,
1163 1816 1288 1858 πηγὰς,
1305 1821 1398 1846 natus
1413 1821 1472 1847 est.
1504 1811 1583 1846 Pru·

903 1867 1030 1901 siluisse,
1058 1865 1225 1901 Hesiodus,
1251 1864 1386 1907 ἐξέθορε,
1410 1864 1496 1907 quod
1525 1864 1582 1896 de-

904 1915 978 1947 inde
994 1921 1026 1946 et
1042 1915 1095 1946 alii
1111 1919 1288 1946 servarunt.
1334 1914 1380 1945 Eo
1397 1925 1416 1946 a
1431 1913 1581 1946 Minerva

905 1971 1038 2007 accepto
1050 1964 1264 2006 Bellerophon
1278 1963 1429 2000 adversus
1441 1963 1581 1995 Chimae-

904 2026 970 2046 ram
987 2021 1094 2046 vectus
1109 2020 1167 2045 est.
1213 2014 1292 2045 Inde
1309 2014 1409 2045 victor
1423 2024 1578 2051 reversus,

905 2075 1002 2106 quum
1027 2064 1067 2095 ad
1083 2064 1201 2095 coelum
1222 2064 1348 2095 evolare
1363 2063 1582 2101 contenderet,

904 2115 1046 2157 Pegasus
1071 2124 1089 2145 a
1113 2115 1194 2146 Jove
1221 2114 1373 2150 irritatus,
1399 2119 1496 2146 oestro
1520 2114 1580 2145 im-

904 2165 1011 2200 misso,
1028 2163 1168 2196 excussit
1195 2164 1354 2205 equitem;
1377 2163 1510 2195 Pindar.
1531 2163 1580 2196 Is-

903 2215 983 2246 thm.
1000 2216 1036 2246 Z.
1053 2215 1095 2246 60
1116 2225 1195 2257 sqq;
1220 2214 1380 2256 Hyginus,
1397 2213 1484 2245 dicto
1498 2213 1580 2246 loco.

903 2265 989 2296 Hinc
1010 2264 1172 2301 Horatius,
1189 2264 1249 2295 IV.
1265 2264 1329 2295 Od.
1346 2264 1389 2295 xi.
1404 2264 1458 2295 27.
1473 2268 1494 2282 ‘¹
1512 2263 1578 2295 ales

903 2316 1046 2357 Pegasus
1061 2319 1217 2345 terrenum
1240 2312 1380 2355 equitem
1396 2312 1581 2355 gravatus.''

904 2364 1012 2405 Lupso,
1030 2363 1176 2395 celeriter
1191 2368 1312 2394 evecto.
1342 2362 1580 2406 Hippocrenen,

904 2415 1023 2445 fontem
1047 2413 1079 2444 in
1102 2412 1269 2449 Helicone,
1285 2418 1390 2443 monte
1416 2413 1530 2450 Aoniae,
1545 2412 1580 2444 id

903 2470 951 2496 est
976 2463 1124 2499 Boeotiae,
1149 2463 1286 2493 Metam.
1313 2461 1390 2493 dict.
1414 2462 1474 2494 loc.
1500 2462 1581 2494 dura

903 2514 1025 2556 ungula
1060 2515 1158 2553 rupit,
1188 2511 1247 2543 hoc
1282 2513 1352 2543 loco
1377 2512 1480 2554 fodit.
1527 2511 1579 2544 Sic

903 2563 1000 2595 etiam
1014 2562 1119 2594 Rutil.
1133 2561 1209 2593 Itin.
1225 2562 1246 2594 i.
1263 2563 1347 2594 264:
1374 2567 1395 2579 ‘¹
1412 2563 1578 2594 Musarum

904 2622 939 2645 ut
956 2613 1068 2645 latices
1089 2612 1209 2655 ungula
1231 2612 1310 2644 fodit
1331 2612 1440 2654 equi-'⁷
1485 2612 1580 2644 Sidus

904 2673 971 2694 esse
983 2662 1077 2705 jussit
1087 2662 1224 2705 Jupiter.
1257 2663 1399 2703 Quinque
1411 2663 1579 2703 decemque,

904 2712 1010 2743 Hodie
1031 2713 1086 2744 89.
1103 2711 1204 2744 stellae
1228 2712 1260 2744 in
1283 2722 1322 2744 eo
1345 2711 1446 2743 sidere
1467 2721 1579 2743 nume-

903 2768 1021 2794 rantur.
