1830 3220
553 204 905 248 FASTORUM
939 204 1061 247 LIB.
1097 204 1180 246 IV.

1486 207 1572 248 179

147 323 371 372 Venerat
396 322 600 370 Atrides
626 322 741 371 fatis
769 322 989 386 agitatus
1017 321 1267 379 Halesus;

216 401 262 448 ,A
288 417 389 464 quo
415 417 469 448 se
495 401 684 448 dictam
710 408 842 449 terra
871 401 1068 448 Falisca
1094 407 1257 464 putat.

147 478 328 542 Adjice
353 478 583 542 Trojanae
611 495 876 526 suasorem
904 479 1162 526 Antenora
1188 479 1343 542 pacis,

1502 480 1564 524 75

215 556 283 603 Et
307 573 549 619 generum
577 557 819 612 (Euiden,
848 556 1051 620 Appule
1080 556 1280 612 Daune,
1308 563 1468 603 tuum.

148 634 303 682 Serus
331 636 393 682 ab
422 634 606 690 Iliacis„
636 643 686 682 et
712 642 828 699 post
854 634 1131 691 Antenora,
1159 634 1376 681 flammis

211 712 411 759 Adtulit
436 712 620 760 AEneas
648 713 697 759 111
724 713 836 760 loca
861 719 1033 759 nostra
1061 712 1217 760 Deos.

146 788 314 853 Hujus
340 797 448 838 erat
476 790 714 846 Solimus,
740 789 966 853 Phrygia
991 806 1162 837 comes
1189 789 1333 837 exsul
1361 789 1423 836 ab
1452 787 1560 842 Ida,

210 867 256 914 A
283 884 384 931 quo
414 868 669 916 Sulmonis
696 868 881 916 moenia
906 885 1090 915 nomen
1116 869 1324 915 habent.

1501 870 1564 913 80

147 946 405 993 Sulmonis
432 945 601 1009 gelidi,
630 945 823 1010 patriae,
854 946 1175 1002 Germanice,
1205 952 1403 993 nostrae.

215 1024 302 1072 Me
319 1024 578 1072 miserum!
604 1023 846 1088 Scythico
868 1040 1020 1087 quam
1039 1024 1212 1088 procul
1232 1023 1317 1070 illa
1335 1022 1441 1070 solo
1463 1021 1562 1068 est!

146 1102 282 1166 Ergo
308 1118 401 1166 ego
427 1110 527 1150 tam
554 1102 738 1165 longe?
772 1102 862 1150 sed
890 1102 1166 1166 supprime,
1195 1117 1355 1157 musa,
1385 1116 1564 1163 quere-

217 1181 329 1228 Non
358 1181 448 1228 tibi
476 1188 594 1228 sunt
620 1187 798 1227 maesta
823 1197 967 1228 sacra
992 1181 1221 1228 canenda
1246 1181 1370 1243 lyra.

187 1347 240 1377 73.
266 1346 397 1377 Halesus
412 1357 449 1377 ex
466 1346 599 1388 posteris
615 1348 715 1383 Atrei,
730 1346 818 1387 Aga-

144 1407 310 1428 memnone
326 1396 504 1432 interfecto,
525 1396 659 1439 patriam
680 1397 819 1438 reliquit,

145 1446 285 1478 Falerios
307 1445 340 1477 in
363 1446 460 1477 Italia
476 1446 630 1482 condidit,
651 1452 748 1488 atque
770 1446 818 1477 in-

144 1497 231 1528 colas
246 1495 385 1528 Junonia
401 1506 491 1527 sacra
506 1496 634 1535 docuit3
663 1496 736 1527 Am.
753 1496 817 1527 ΙΙΙ.

144 1546 212 1578 xiii.
230 1548 283 1578 31.
330 1547 376 1578 Ut
390 1547 442 1577 hic
459 1547 594 1583 Atrides,
611 1547 655 1578 sic
674 1548 748 1577 AEn.
764 1546 816 1577 vii.

143 1597 218 1628 723.
254 1598 508 1639 Agamemnonius
546 1601 694 1634 vocatur3
733 1597 818 1638 quod

143 1652 251 1677 tamen
281 1657 343 1677 non
381 1646 421 1677 ad
450 1652 572 1688 patrem
610 1646 820 1681 referendum,

144 1706 219 1727 nam
249 1707 281 1726 x.
313 1696 390 1726 417.
417 1707 435 1726 a
461 1702 551 1737 patre
579 1701 651 1726 vate
676 1695 708 1725 111
732 1695 820 1726 si'vis

142 1746 278 1777 eductus
299 1745 444 1777 traditur.
491 1746 573 1776 Eum
592 1751 696 1776 autern
718 1745 820 1776 Falis-

145 1807 248 1827 corum
273 1795 305 1826 in
331 1795 457 1826 Etruria
477 1795 673 1826 conditorem
698 1794 821 1825 faciunt

142 1845 239 1877 etiam
252 1845 377 1876 Solinus
392 1855 462 1887 cap.
476 1846 494 1875 8
509 1858 517 1882 ;
542 1845 670 1875 Servius
685 1844 725 1875 ad
740 1845 819 1875 AEn.

143 1896 199 1926 vii.
231 1896 306 1927 695.
353 1896 469 1926 Eorum
502 1894 652 1937 oppidum
687 1894 817 1930 Falerii,

144 1945 231 1988 quod
261 1956 375 1976 nomen
405 1945 500 1976 facile
535 1955 573 1975 ex
604 1945 716 1974 Haleso
753 1943 819 1974 fieri

143 1995 259 2037 potuit.
305 1995 390 2026 Vide
405 1993 632 2036 Spanhemium
648 1993 687 2024 de
704 1993 772 2024 Usu
789 2001 821 2024 et

144 2046 312 2077 Praestant.
347 2045 446 2076 Num.
482 2043 569 2075 Diss.
607 2043 640 2074 i1.
679 2055 711 2085 p.
739 2044 820 2081 1073

143 2095 262 2137 Heynii
278 2095 412 2126 Excurs.
426 2094 466 2125 ad
480 2094 607 2125 AEneid.
623 2094 685 2124 viii.
700 2105 731 2136 p.
747 2095 821 2125 139.

188 2146 242 2177 75.
268 2146 320 2176 De
351 2146 505 2176 Antenore
533 2151 564 2176 et
595 2145 692 2175 AEnea
723 2144 818 2175 etiam

142 2196 263 2231 Livius,
281 2195 302 2226 i.
322 2197 349 2226 1.
367 2199 387 2212 “
401 2196 488 2237 pacis
505 2194 739 2236 reddendaeque
752 2194 818 2224 He—

143 2246 222 2277 lenae
235 2256 358 2288 semper
374 2251 518 2276 auctores
537 2244 699 2275 fuerant.''
725 2243 819 2274 Adde

144 2296 323 2332 Horatium,
350 2296 411 2337 Ep.
435 2295 462 2326 I.
490 2295 520 2325 ii.
545 2295 576 2325 9.
623 2294 819 2329 Orationem,

144 2356 210 2387 qua
229 2344 262 2376 id
278 2345 402 2381 suadet,
418 2345 514 2376 habet
532 2345 701 2380 Homerus,
720 2344 759 2374 Il.
778 2347 820 2374 H.

144 2396 208 2426 348
225 2405 295 2436 sqq.
343 2395 376 2425 Is
392 2405 463 2426 cum
484 2393 688 2425 multitudine
712 2393 819 2423 Hene-

144 2451 212 2476 tum
232 2445 265 2476 111
289 2445 435 2475 intimum
457 2445 550 2475 maris
577 2442 755 2474 Hadriatici
780 2442 821 2474 si-

144 2506 220 2527 num
234 2494 333 2530 venit,
349 2494 458 2536 ibique
474 2493 642 2524 Patavium
658 2492 821 2529 condidit3

150 2547 227 2578 AEn.
251 2546 274 2577 i.
303 2547 379 2576 242.
427 2545 572 2579 Daunus,
598 2554 651 2574 rex
681 2542 820 2584 Apuliae,

146 2595 315 2627 Diomedis
340 2605 449 2633 socer3
487 2594 600 2624 Strabo
625 2605 656 2625 v.
685 2593 750 2623 283
776 2603 824 2634 sq.

147 2646 199 2677 Ab
222 2656 259 2676 eo
275 2644 396 2687 Apulia
419 2645 562 2674 Daunias
578 2643 665 2674 dicta
691 2642 823 2674 Horatio

147 2696 174 2727 Ι.
200 2695 264 2728 Od.
293 2694 356 2726 xvi.
379 2695 442 2732 14;
480 2694 544 2724 llI.
575 2693 637 2724 Od.
667 2703 742 2724 xxx.
774 2693 823 2723 11.

149 2745 324 2777 Diomedes
333 2745 468 2781 OEnides,
477 2743 582 2779 OEnei,
592 2742 674 2785 regis
686 2742 825 2778 OEtoliae,

148 2805 255 2836 nepos,
280 2792 381 2836 Tydei
405 2794 499 2824 filius.
547 2793 584 2824 In
612 2792 732 2834 Apulia
757 2791 830 2823 olim

1435 1179 1532 1240 [las
1551 1196 1562 1235 ;

893 1347 1047 1377 Diomedis
1062 1347 1173 1385 campi,
1187 1345 1263 1375 item
1282 1344 1443 1374 Diomeden
1465 1343 1567 1374 insula

890 1402 1001 1427 contra
1016 1396 1091 1427 litus
1107 1395 1260 1437 Apulum,
1275 1393 1441 1424 Diomedis
1459 1398 1565 1423 tumu-

890 1445 920 1477 lo
936 1452 968 1477 et
978 1446 1111 1477 delubro
1126 1444 1241 1476 nobilis
1259 1456 1267 1482 ;
1292 1442 1429 1478 Plinius,
1444 1442 1487 1473 iii.
1505 1443 1566 1480 303

889 1508 921 1527 x.
939 1497 991 1527 61.
1028 1495 1238 1527 AEnensveuit
1253 1504 1348 1525 serus.
1382 1491 1565 1524 Secundum

890 1546 1070 1588 Virgilium,
1109 1551 1231 1587 septem
1270 1544 1334 1574 fere
1377 1553 1476 1573 annos
1512 1551 1568 1583 per

889 1597 989 1627 maria
1003 1602 1035 1627 et
1053 1601 1151 1627 terras
1172 1595 1298 1625 erravit.
1346 1592 1430 1625 Vide
1447 1590 1565 1633 Heynii

888 1647 1064 1678 Excursum
1089 1645 1123 1675 ii.
1147 1644 1186 1675 ad
1211 1645 1288 1675 AEn.
1304 1643 1350 1673 iii.
1368 1651 1564 1684 quamquam

889 1696 1042 1737 Virgilius
1071 1697 1139 1737 ipse
1166 1695 1197 1725 in
1228 1699 1273 1725 tot
1302 1703 1401 1724 annos
1428 1691 1497 1734 ejus
1518 1701 1567 1722 er-

888 1757 976 1778 rores
993 1745 1136 1787 digessit.

936 1797 988 1827 79.
1013 1793 1173 1826 Sulmonis
1187 1793 1334 1834 origines.
1370 1793 1485 1827 Sulmo,
1501 1801 1568 1821 me-

891 1845 1021 1887 tropolis
1046 1844 1263 1883 Pelignorum,
1284 1841 1406 1872 distans
1427 1841 1468 1871 ab
1491 1840 1569 1870 urbe

891 1895 992 1925 millia
1014 1894 1123 1924 novies
1142 1892 1255 1923 decem
1277 1901 1441 1933 passuum,
1458 1899 1568 1931 parva,

889 1944 945 1975 sed
965 1944 1090 1985 irriguis
1111 1941 1246 1973 salubris
1267 1940 1375 1982 aquis;
1398 1938 1491 1970 Trist.
1508 1939 1569 1969 IV.

890 2006 922 2025 x.
940 1995 976 2032 43
1000 1993 1081 2024 infra
1097 2003 1160 2023 ver.
1175 1991 1240 2022 685
1256 2001 1316 2032 sqq
1334 2001 1342 2027 ;
1367 1989 1522 2020 Amorum
1534 1987 1568 2018 ii.

895 2044 946 2079 16,
962 2043 1033 2074 init.
1060 2042 1139 2072 Eam
1157 2039 1317 2071 conditam
1331 2049 1399 2070 esse
1416 2048 1435 2069 a
1446 2038 1568 2074 Solimo,

892 2099 959 2130 aut,
970 2099 1005 2124 ut
1016 2092 1069 2123 alii
1084 2102 1162 2133 quos
1178 2089 1358 2121 Mitscherl.
1370 2094 1498 2119 secutus
1510 2093 1569 2124 est,

894 2143 1046 2177 scribunt,
1059 2142 1190 2181 Solymo,
1202 2141 1316 2170 AEneae
1327 2137 1454 2174 comite,
1467 2143 1571 2168 narrat

889 2198 920 2224 et
936 2191 1031 2223 Silius
1044 2192 1088 2222 ix.
1105 2191 1146 2221 70
1159 2200 1232 2231 sqq.
1287 2187 1409 2220 Glossae
1426 2187 1458 2218 in
1474 2187 1569 2218 MSS.

892 2241 1020 2274 Vaticc.
1036 2239 1170 2275 addunt,
1197 2239 1281 2270 hunc
1304 2238 1467 2279 Solymum
1490 2247 1567 2268 uxo-

892 2303 956 2323 rem
980 2291 1107 2322 duxisse
1128 2289 1226 2320 filiam
1247 2290 1382 2326 AEneae3
1407 2287 1462 2318 sed
1487 2287 1567 2318 Clu-

890 2341 1005 2376 verius,
1027 2339 1099 2370 Ital.
1117 2339 1229 2380 Antiq.
1245 2338 1279 2368 ii.
1300 2339 1351 2368 14.
1374 2336 1482 2368 fictam
1502 2347 1569 2367 mo-

893 2396 946 2422 net
971 2391 1052 2421 hanc
1081 2389 1222 2420 fabulam
1245 2398 1261 2419 e
1278 2386 1508 2418 vocabulorum
1530 2385 1571 2416 si-

894 2440 1086 2472 militudine.
1108 2439 1239 2470 Gelidus
1252 2437 1357 2468 Sulmo
1373 2435 1470 2467 etiam
1485 2435 1571 2477 apud

892 2491 1004 2522 Silium
1033 2489 1110 2528 viii3
1140 2490 1251 2531 gelidae
1289 2486 1449 2518 Sulmonis
1478 2486 1569 2516 nndae

893 2542 953 2573 IV.
964 2540 1060 2571 Trist.
1075 2551 1106 2571 x.
1123 2541 1154 2571 3.
1190 2536 1365 2570 Commode
1381 2536 1508 2567 delatus
1524 2539 1572 2565 est

893 2601 995 2623 rerum
1025 2590 1104 2622 serie
1135 2589 1175 2621 ad
1204 2587 1361 2631 patriam3
1407 2583 1571 2617 commode

893 2640 990 2672 etiam
1014 2650 1052 2671 ea
1067 2638 1223 2680 gemitum
1241 2635 1406 2679 expressit,
1422 2643 1521 2676 quum
1539 2633 1571 2663 in

893 2689 1002 2721 exsilio
1019 2689 1086 2720 haec
1103 2691 1300 2719 retractaret.
1335 2685 1475 2726 Scythico
1490 2683 1571 2720 soto,-

899 2742 926 2772 Ι.
951 2739 1044 2771 Trist.
1074 2738 1119 2769 iii.
1146 2739 1206 2770 61:
1233 2734 1401 2777 “Scythia
1424 2738 1482 2769 est,
1508 2741 1572 2774 quo

903 2789 1090 2820 mittimur.’'
