1809 3220
238 175 322 217 154
619 173 670 215 Ρ.
702 171 920 214 OVIDII
955 171 1240 214 NASONIS

242 290 374 338 Tum
399 290 615 355 primum
644 288 778 335 Dido
802 287 924 335 felix
952 295 1031 335 est
1056 288 1194 336 dicta
1219 288 1390 345 sorori,

312 368 379 416 Et
395 382 732 432 quaecumque
755 366 979 430 aliquam
995 382 1204 430 corpore
1226 365 1412 430 pressit
1430 366 1655 414 humum.

243 446 436 510 Figitur
461 446 524 493 ad
553 443 777 492 Laurens
805 443 998 507 ingenti
1025 443 1227 492 flamine
1253 444 1371 491 litus

310 523 536 588 Puppis3
578 530 630 570 et
655 521 902 586 expositis
924 520 1157 568 omnibus
1180 522 1361 569 hausta
1387 521 1536 586 perit.
1560 524 1660 569 600

238 601 269 648 J
275 618 354 650 am
382 601 495 665 pius
521 599 708 647 AEneas
735 615 891 662 regno
917 607 1140 663 nataque
1169 598 1332 647 Latini

309 679 506 726 Auctus
533 686 655 734 erat,
685 677 899 742 populos
926 678 1303 742 miscueratque
1330 678 1476 725 duos.

243 757 410 805 Litore
437 756 610 812 dotali,
639 755 746 803 solo
772 755 1045 802 comitatus
1072 755 1286 814 Achate,

311 836 577 883 Secretum
604 833 738 881 nudo
764 833 885 880 dum
911 833 1043 897 pede
1069 834 1231 898 carpit
1257 834 1366 890 iter,

239 913 474 979 Adspicit
499 919 770 967 errantem,
799 927 892 959 nec
920 912 1127 960 credere
1155 913 1372 960 sustinet
1397 910 1598 959 Annam

310 992 467 1040 Esse:
510 991 633 1054 quid
661 991 711 1038 in
740 990 909 1038 Latios
936 991 1020 1038 illa
1045 991 1241 1038 veniret
1267 990 1448 1053 agros?
1561 991 1659 1036 606

242 1071 376 1118 Dum
400 1086 575 1118 secum
596 1069 780 1116 AEneas
800 1088 810 1126 ;
842 1068 993 1116 Anna
1018 1077 1111 1124 est,
1131 1069 1385 1117 exclamat
1405 1067 1654 1116 Achates:

308 1148 387 1196 Ad
414 1163 597 1195 nomen
623 1147 791 1194 vultus
818 1148 1023 1195 sustulit
1049 1147 1134 1195 illa
1159 1164 1292 1195 suos.

240 1226 353 1281 Quo
376 1219 569 1289 fugiat?
599 1225 722 1289 quid
744 1226 896 1289 agat?
924 1242 1052 1289 quos
1073 1234 1217 1274 terrae
1244 1232 1440 1289 quaerat
1459 1223 1656 1271 hiatus?

305 1305 440 1351 Ante
467 1303 642 1351 oculos
670 1303 865 1351 miserae
892 1303 995 1351 fata
1020 1304 1202 1351 sororis
1230 1314 1392 1351 erant.
1557 1303 1657 1349 610

239 1381 427 1437 Sensit,
455 1389 506 1428 et
531 1380 804 1443 alloquitur
830 1381 1082 1444 trepidam
1111 1380 1418 1445 Cythereius
1445 1380 1622 1436 heros;

309 1458 422 1507 Flet
446 1458 900 1506 tamemadm011itu
927 1459 1118 1516 mortis,
1151 1458 1333 1515 Elissa,
1363 1465 1482 1506 tuae.

239 1537 404 1592 Anna,
433 1553 523 1601 per
548 1536 677 1584 hanc
698 1537 829 1600 juro,
859 1553 1013 1601 quam
1040 1537 1298 1601 quondam
1326 1536 1499 1584 audire
1528 1535 1657 1583 sole-

308 1614 563 1663 Tellurem
590 1614 691 1662 fato
719 1615 1033 1678 prosperiore
1059 1614 1197 1672 dari;
1542 1614 1657 1676 [bas

240 1691 442 1756 Perque
466 1692 602 1740 Deos
629 1692 859 1748 comiteS‚
881 1693 974 1740 hac
1003 1708 1163 1757 nuper
1190 1693 1311 1741 sede
1331 1693 1540 1748 locatOS‚
1558 1694 1656 1740 615

308 1770 457 1835 Saepe
484 1786 622 1818 meas
649 1770 761 1817 illos
788 1770 1099 1835 increpuisse
1133 1786 1316 1818 moras.

282 1941 357 1972 599.
383 1941 466 1983 Figi,
494 1942 595 1984 infigi,
616 1941 738 1983 configi,
762 1941 847 1984 affigi
874 1941 915 1973 de

237 2000 319 2021 nave
348 1989 424 2027 dici,
451 2002 522 2033 quae
549 2001 666 2033 magno
692 2002 764 2022 cum
793 1992 916 2034 impetu

237 2039 331 2076 litori,
370 2039 524 2076 illidatur,
556 2040 651 2071 docet
685 2040 837 2071 Heinsius
875 2041 915 2071 ad

987 1946 1141 1983 terraeque
1178 1947 1328 1984 optantur
1364 1941 1509 1972 hiatus.”
1557 1941 1661 1974 Aliter

985 1991 1053 2022 haec
1077 1991 1151 2022 ficta
1174 2002 1192 2023 a
1215 1992 1293 2023 Silio
1307 2002 1372 2023 ver.
1389 1992 1452 2031 733
1476 1991 1520 2023 ibi
1537 1992 1660 2024 AEneas

985 2045 1005 2058 “
1022 2047 1111 2071 terrae
1135 2041 1273 2072 defixam
1298 2040 1418 2077 oculos,
1441 2047 1473 2072 et
1496 2040 1597 2072 multa
1620 2041 1658 2073 ti·

239 2089 323 2120 hunc
339 2089 457 2121 locum.
490 2091 661 2121 Miscuerat
675 2091 810 2130 populos.
845 2091 915 2121 Iloc

239 2139 383 2181 explicat
406 2139 477 2170 Liv.
493 2138 515 2170 i.
535 2141 577 2170 2:
605 2145 626 2158 ‘¹
640 2141 772 2176 AEneas,
793 2146 828 2171 ut
849 2140 915 2171 ani-

238 2199 306 2220 mos
332 2189 543 2231 Aboriginum
568 2189 627 2221 sibi
655 2188 849 2226 conciliaret,
878 2200 916 2221 ne

239 2239 299 2270 sub
318 2239 429 2271 eodem
441 2240 512 2282 jure
532 2240 645 2276 solum,
662 2239 716 2270 sed
742 2239 838 2271 etiam
861 2251 915 2271 no-

238 2289 323 2320 mine
349 2295 467 2325 essent,
492 2289 621 2320 Latinos
645 2295 812 2332 utramque
839 2300 914 2331 gen-

240 2343 306 2370 tem
331 2338 541 2381 appellavit.''
588 2339 671 2370 Cum
697 2338 763 2369 solo
789 2340 915 2376 Achate,

239 2387 353 2419 comite
391 2387 467 2424 fido,
499 2389 619 2419 AEneas
647 2388 790 2419 ambulat
819 2388 915 2420 etiarn

239 2438 319 2468 AEn.
342 2436 364 2467 i.
390 2438 467 2468 312.
515 2437 612 2479 Apud
635 2437 746 2468 Silium
772 2447 837 2468 ver.
860 2439 913 2469 71.

238 2490 370 2518 Annam
395 2488 517 2518 AEneas
536 2487 622 2518 videt
645 2498 730 2518 sacro
751 2490 914 2519 comitatus

241 2536 323 2567 Iulo.
371 2536 469 2574 Quid,
487 2536 609 2568 scilicet
623 2543 745 2579 petens,
763 2548 825 2579 quo
840 2547 914 2569 con·

243 2586 326 2623 silio,
343 2597 399 2618 cur
415 2589 543 2618 veniret.

284 2636 359 2667 609.
398 2636 478 2671 Quos
509 2642 596 2667 terrae
626 2642 740 2677 quaerat
771 2637 911 2678 hiat1‹s?]

239 2683 347 2722 Silius,
364 2683 408 2716 iv.
426 2686 490 2717 332
504 2697 511 2715 :
534 2688 556 2702 “
569 2685 689 2727 Fugere
706 2684 838 2717 infixum
855 2692 912 2722 est,

985 2096 1136 2127 mentem,
1152 2092 1203 2122 Ac
1219 2091 1336 2122 deinde
1357 2090 1510 2133 allapsam
1525 2091 1661 2133 genibus

984 2140 1190 2182 lacrymantis
1209 2140 1284 2176 Iuli,
1303 2140 1466 2171 Attollit.”
1511 2140 1562 2172 De
1572 2141 1659 2183 fletu

985 2189 1114 2220 heroum
1137 2189 1223 2221 haud
1246 2189 1394 2221 indecoro
1409 2189 1481 2221 vide
1496 2189 1660 2232 Heynium

986 2239 1026 2270 ad
1043 2240 1121 2271 AEn.
1139 2239 1159 2270 i.
1176 2241 1231 2271 92.

1030 2290 1107 2321 613.
1139 2290 1266 2321 Italiam
1290 2289 1562 2332 circumloquitur,
1586 2301 1658 2333 quae

974 2339 1049 2380 fato
1075 2339 1104 2370 ei
1133 2340 1309 2371 destinata:
1337 2339 1480 2371 imitatus
1504 2340 1657 2372 Nostrum

985 2394 1033 2420 est
1055 2389 1151 2420 Silius
1167 2400 1232 2421 ver.
1249 2390 1328 2421 105:
1355 2393 1375 2406 “
1388 2389 1549 2420 Tellurem
1572 2389 1657 2422 hanc

979 2438 1065 2480 juro,
1083 2445 1156 2471 vota
1171 2439 1254 2470 inter
1274 2444 1380 2470 nostra
1395 2439 1574 2481 frequenter
1587 2440 1656 2471 Au-

984 2488 1083 2520 ditam
1101 2489 1224 2521 vobis.’'
1256 2489 1335 2521 Deos
1351 2491 1471 2521 comites
1479 2501 1491 2527 ‚-
1507 2489 1657 2527 Penates,

985 2549 1063 2580 quos
1076 2550 1185 2571 secum
1196 2539 1290 2582 Troja
1305 2539 1405 2570 elatos
1420 2539 1514 2570 Latio
1528 2539 1636 2571 intulit
1648 2552 1657 2578 ;

984 2589 1061 2620 AEn.
1077 2589 1100 2620 i.
1118 2590 1139 2620 6
1153 2601 1161 2628 ;
1186 2588 1242 2620 xii.
1259 2590 1332 2620 192.
1371 2589 1573 2630 Increpuisse‚
1589 2589 1656 2631 sig-

984 2638 1032 2670 nis
1048 2638 1240 2680 quibusdam
1256 2639 1350 2671 datis.
