1830 3220
543 171 896 215 FASTORUM
930 172 1064 215 LIB..
1089 173 1184 216 III.

1484 177 1570 219 169

139 291 238 348 An,
264 289 384 354 quia
408 289 473 337 de
498 289 681 354 capitis
707 289 865 338 fertur
890 289 998 338 sine
1020 297 1180 339 matre
1207 291 1405 356 paterni

189 368 427 440 ,Vertice,
456 383 574 415 cum
599 368 783 432 clypeo
811 369 1106 432 prosiluisse
1132 370 1258 417 suo?

137 446 235 503 An,
263 446 385 510 quia
409 447 709 511 perdomitis
736 447 800 495 ad
822 463 913 494 nos
940 447 1141 512 captiva
1168 447 1380 496 Faliscis

203 524 373 581 Venit,
397 531 449 572 et
474 525 569 572 hoc
596 525 762 589 ipsum
789 524 933 573 litera
955 525 1123 589 prisca
1149 525 1333 574 docet?

135 602 234 660 An,
253 602 393 667 quod
418 603 575 651 habet
599 603 779 665 legem,
802 602 985 667 capitis
1002 619 1117 667 quae
1138 603 1361 668 pendere
1381 620 1559 668 poenas

205 681 285 729 Ex
312 681 396 729 illo
416 681 597 745 jubeat
621 681 754 729 furta
778 689 981 746 reperta
1004 682 1152 729 loco?

1463 684 1560 730 846

133 758 180 807 A
206 775 532 823 quacumque
558 760 714 807 trahis
742 760 936 808 ratione
961 760 1225 816 vocabula,
1255 759 1445 817 Pallas,

202 838 302 885 Pro
329 837 546 886 ducibus
574 839 758 887 nostris
785 839 950 903 aegida
975 855 1177 903 semper
1202 839 1352 887 habe.

137 916 349 964 Summa
374 916 483 965 dies
511 933 538 964 e
565 916 793 982 quinque
819 918 969 965 tubas
995 917 1211 965 lustrare
1237 933 1449 966 canoras

202 995 477 1052 Admonet,
506 1001 557 1043 et
581 995 694 1044 forti
721 995 1006 1044 sacrificare
1034 995 1175 1044 Deae.

1463 997 1561 1044 850

134 1073 286 1122 Nunc
312 1081 458 1138 potes
485 1074 548 1121 ad
575 1074 735 1121 solem
763 1074 965 1122 sublato
991 1074 1161 1122 dicere
1186 1073 1358 1132 vultu3

199 1151 299 1200 Hic
325 1152 444 1200 here
471 1152 726 1218 Phryxeae
751 1153 938 1201 vellera
961 1152 1148 1218 pressit
1172 1151 1296 1200 ovis.

128 1272 238 1305 matris
250 1272 351 1314 signo,
366 1272 413 1304 vel
430 1272 516 1315 quod
532 1283 570 1303 ex
586 1272 704 1304 vertice
722 1284 807 1304 sum-

129 1335 182 1355 mo
197 1323 287 1355 Jovis
306 1333 449 1365 parmam
470 1323 573 1354 ferens
594 1323 739 1359 emicuit,
758 1330 806 1355 at-

129 1385 191 1417 que
207 1384 364 1405 armorum
382 1373 529 1405 accincta
544 1373 748 1406 terroribus.‘'

173 1424 250 1455 843.
276 1424 392 1454 Falisci
408 1434 441 1454 se
459 1421 597 1454 Camillo
614 1423 807 1455 dediderunt

127 1485 202 1506 ann.
215 1475 258 1506 U.
277 1474 314 1506 C.
331 1475 393 1505 361
408 1486 416 1512 ;
440 1473 560 1510 Livius,
576 1485 607 1505 v.
621 1474 675 1504 24.
703 1473 808 1516 Capta

129 1524 207 1555 urbe
232 1523 384 1566 quadam,
410 1523 465 1554 Dii
490 1523 559 1565 ejus
584 1522 700 1554 deduci
725 1524 806 1554 sole-

126 1574 226 1613 bant3
260 1573 340 1605 ibid.
364 1575 418 1604 22.
465 1573 573 1603 Litora
597 1575 708 1613 prisca,
734 1574 806 1605 libri

128 1623 262 1665 antiqui,
279 1623 423 1654 annales.
471 1624 532 1659 An,
550 1625 627 1664 quod
652 1624 739 1654 habet
765 1625 806 1654 le-

126 1686 206 1716 gem,
223 1679 285 1705 etc.
332 1674 435 1705 Locus
452 1673 591 1704 difficilis
606 1678 702 1714 atque
719 1673 805 1704 haud

126 1724 224 1755 dubio
253 1730 429 1766 corruptus.
477 1724 620 1763 Reperiri
651 1733 719 1754 esse
748 1723 804 1754 de-

125 1773 292 1816 prehendi,
313 1774 390 1804 satis
413 1773 524 1804 docuit
550 1772 721 1811 Heinsius;
748 1772 804 1803 sed

127 1823 205 1865 quid
228 1829 275 1854 est
298 1835 333 1854 er
356 1824 418 1854 loco
440 1823 592 1863 reperiri?
617 1821 686 1852 Illis
701 1822 804 1852 verbis

127 1872 241 1905 melius
257 1873 407 1904 convenit
424 1872 544 1913 vulgat.
558 1878 687 1911 recepta.
735 1871 801 1902 Ne-

126 1934 189 1965 que
217 1929 360 1966 apparet,
386 1923 458 1964 quis
485 1924 566 1954 locus
596 1921 804 1962 intelligatur.

126 1974 277 2016 Denique
299 1972 503 2005 durissimum
520 1978 568 2004 est
588 1971 688 2003 illud:
704 1972 805 2013 farm

124 2031 246 2065 reperta
264 2026 396 2064 pendere
413 2035 514 2064 poenas
530 2024 648 2063 capitia
694 2022 806 2052 Festus

126 2074 226 2105 habet
248 2073 336 2105 haec:
365 2079 386 2091 ¹‘
406 2072 562 2116 Capitalis
583 2073 685 2107 lucus,
701 2072 756 2103 ubi
779 2072 805 2103 si

125 2123 204 2166 quid
236 2123 388 2155 violatum
418 2130 476 2160 est,
507 2123 612 2165 capite
642 2121 803 2153 violatoris

126 2173 207 2215 (duo
229 2174 327 2205 MSS.
351 2175 534 2216 vigilatoris‚
558 2172 644 2216 quod
671 2172 802 2209 melius)

123 2223 308 2266 expiatur.''
355 2224 470 2266 Itaque
495 2224 700 2255 Burmannus
727 2233 802 2253 con-

121 2273 194 2316 jicit
216 2284 287 2305 voc.
308 2275 386 2316 vigil
409 2274 510 2305 latere
533 2273 566 2304 in
590 2272 653 2303 illis
676 2283 711 2303 ea:
734 2273 800 2308 illo,

126 2335 183 2366 pro
213 2323 330 2366 quibus
358 2324 391 2355 in
421 2323 566 2367 plurimis
594 2322 667 2354 cod.
699 2324 802 2353 exilio.

126 2374 288 2405 Praeterea
303 2385 319 2405 e
336 2375 460 2406 Mazar.
472 2376 570 2415 poenis
585 2372 803 2415 recipiendum

124 2429 229 2467 putat,
246 2429 277 2456 et
300 2423 561 2466 subintelligend.
576 2424 693 2466 fures3
720 2422 804 2454 fures

124 2474 264 2517 pendere
289 2485 348 2505 sua
374 2475 458 2506 furta
482 2484 580 2516 poena
601 2472 726 2515 capitis.
776 2473 801 2503 A

123 2536 312 2567 quacumque
327 2526 456 2561 ratione,
472 2524 712 2565 undecumque.

169 2576 245 2607 849.
281 2575 506 2606 Tubilustrium
531 2574 608 2605 Kal.
631 2585 662 2604 x.
682 2572 803 2615 Aprilis

123 2624 190 2657 sive
201 2624 252 2656 die
264 2625 352 2656 xxiii.
362 2624 474 2656 Martii
486 2624 581 2656 etiam
593 2623 626 2654 in
634 2622 801 2654 Kalenda-

123 2675 169 2707 rio
186 2681 324 2708 notatur.
372 2675 604 2707 Lustrabantur
623 2680 731 2705 autem
750 2679 801 2705 tu-

124 2725 173 2756 bae
189 2724 365 2756 secundum
381 2725 559 2756 Varronem
576 2729 608 2755 et
623 2724 750 2756 Festum
768 2723 801 2754 in

124 2774 203 2806 atrio
218 2774 353 2806 Sutorio.
400 2776 463 2806 Pro
480 2775 552 2806 Deae
567 2773 675 2806 Ursin.
690 2774 801 2805 Maza-

171 2824 272 2856 VOL.
288 2825 330 2856 V.

876 1274 939 1305 rin.
960 1279 992 1305 et
1019 1284 1037 1305 a
1060 1283 1158 1304 manu
1183 1272 1286 1315 prima
1312 1272 1436 1304 Zulich.
1484 1273 1560 1309 Deo,

876 1329 912 1355 ut
927 1325 1017 1355 Mars
1037 1322 1246 1363 intelligatur,
1263 1322 1314 1353 cui
1329 1333 1421 1353 sacra
1437 1321 1557 1354 fuerint

876 1374 945 1405 haec
961 1373 1065 1416 priora
1080 1372 1272 1409 tubilustria,
1290 1378 1324 1403 ut
1347 1372 1449 1403 altera
1467 1383 1557 1404 men-

876 1424 918 1455 sis
942 1423 1024 1454 Maii
1049 1422 1211 1454 Vulcano.
1259 1422 1297 1452 Ei
1324 1421 1454 1453 lectioni
1482 1432 1558 1453 sane
1591 1462 1592 1465 Ἰ

876 1473 1078 1515 aliquantum
1107 1471 1304 1503 auctoritatis
1331 1471 1456 1502 addunt
1476 1472 1558 1502 Ver-

875 1523 939 1553 rius
973 1528 1005 1553 et
1035 1521 1156 1564 Lydus,
1188 1532 1323 1563 quorum
1360 1520 1427 1558 ille,
1460 1522 1559 1552 Feriae

880 1573 992 1608 Marti,
1009 1571 1074 1608 hic,
1093 1571 1275 1613 Καθαρμὸς
1292 1570 1494 1613 σαλπίγγος,
1512 1583 1558 1602 τι·

874 1623 934 1663 μαὶ
949 1621 1060 1663 Ἀρὲος
1081 1622 1136 1652 καὶ
1159 1621 1315 1663 Νερίνης.
1361 1621 1476 1662 Itaque
1492 1620 1558 1651 Ge-

875 1683 942 1703 sen.
959 1684 992 1714 p.
1010 1673 1066 1703 33.
1083 1682 1146 1702 non
1167 1671 1294 1701 dubitat
1317 1681 1388 1702 eam
1408 1671 1556 1713 praeferre

875 1723 1034 1763 vulgatae:
1067 1721 1123 1752 sed
1150 1720 1196 1752 vir
1223 1721 1336 1752 doctus
1360 1721 1392 1752 in
1420 1721 1556 1763 Ephem.

874 1772 1010 1803 Halens.
1032 1783 1105 1803 ann.
1125 1772 1222 1802 1808.
1249 1782 1280 1802 n.
1301 1772 1356 1802 74.
1380 1771 1463 1802 hane
1488 1776 1556 1802 tue-

875 1827 936 1858 tur,
953 1828 987 1852 ut
996 1821 1098 1864 sortis
1116 1822 1182 1852 Dea
1199 1821 1239 1851 sit
1254 1820 1305 1852 vel
1324 1820 1484 1855 Minerva,
1504 1820 1555 1851 vel

875 1871 980 1914 potius
1016 1871 1149 1907 Nerine,
1182 1871 1297 1901 Martis
1335 1881 1424 1902 uxor.
1474 1870 1555 1901 Eam

875 1921 959 1952 enim
980 1931 997 1952 e
1013 1921 1139 1963 propria
1154 1919 1292 1951 nominis
1308 1919 1357 1950 sui
1373 1919 1483 1950 Sabini
1499 1930 1556 1962 po-

876 1977 988 2003 testate
1001 1972 1121 2014 jbrtem
1138 1971 1235 2002 Deam
1258 1970 1321 2001 dici
1339 1980 1443 2012 posse.
1491 1970 1555 2012 Ly-

875 2021 954 2052 dus:
983 2021 1097 2063 νερίνη
1113 2021 1177 2064 γὰρ
1196 2020 1216 2059 ἡ
1233 2019 1366 2062 ἀνδρία.
1414 2021 1551 2057 Summa,

875 2070 1000 2102 ultima.

918 2121 1105 2152 851ffi876.
1131 2120 1182 2151 Sol
1200 2122 1376 2162 ingreditur
1390 2119 1550 2161 arietem]

873 2170 977 2213 Hujus
1006 2170 1118 2202 sideris
1153 2170 1240 2212 origo
1274 2175 1430 2201 narratur.
1477 2170 1549 2205 Ino,

873 2220 988 2252 Cadmi
1013 2221 1090 2257 filia,
1106 2220 1312 2252 Athamantis
1338 2230 1428 2256 uxor,
1452 2230 1551 2261 quum

872 2271 1036 2314 Phryxum
1051 2277 1083 2302 et
1099 2272 1229 2307 Hellen,
1245 2281 1324 2313 quos
1339 2270 1496 2302 Athamas
1511 2280 1550 2301 ex

874 2322 1019 2364 Nephele
1035 2326 1204 2364 genuerat,
1223 2320 1295 2352 odio
1310 2321 1452 2357 haberet,
1469 2320 1550 2351 dolis

873 2372 965 2403 malis
988 2372 1106 2408 effecit,
1125 2377 1160 2403 ut
1181 2371 1228 2402 illi
1250 2370 1291 2402 ad
1308 2381 1394 2402 aram
1410 2370 1550 2401 deduce-

871 2428 981 2454 rentur
1007 2421 1202 2453 immolandi.
1249 2419 1375 2463 Ereptis
1403 2420 1549 2463 Nephele

873 2480 973 2505 mater
993 2473 1049 2504 dat
1069 2472 1199 2504 arietem
1226 2482 1322 2502 aureo
1338 2470 1466 2507 vellere,
1485 2481 1549 2512 quo

871 2533 927 2566 per
941 2523 1022 2554 freta
1041 2522 1227 2554 avehantur.
1274 2521 1318 2557 Is,
1334 2520 1388 2552 ubi
1404 2519 1480 2552 litus
1497 2525 1545 2551 at-

873 2573 954 2615 tigit,
971 2573 1005 2604 fit
1027 2573 1126 2610 sidus,
1142 2572 1309 2614 vellusque
1330 2571 1400 2613 ejus
1416 2580 1546 2602 aureum

870 2623 1054 2665 deportatur
1069 2622 1102 2653 in
1117 2620 1288 2654 Colchida.

916 2673 1022 2705 Nunc.
1068 2672 1142 2704 Non
1158 2676 1217 2708 est,
1231 2676 1266 2702 ut
1282 2669 1437 2712 Neapolis
1451 2672 1545 2710 puta-

870 2723 936 2760 bat,
953 2722 1054 2766 primo
1070 2722 1328 2764 Quinquatruum
1344 2720 1406 2756 die,
1422 2717 1479 2749 sed
1495 2717 1542 2748 ul-

870 2774 958 2810 timo,
971 2772 1011 2804 de
1025 2783 1089 2814 quo
1104 2771 1137 2803 in
1150 2770 1298 2813 proximis
1313 2780 1424 2801 sermo.
1460 2768 1542 2808 Ergo
