1830 3220
574 180 924 224 FASTORUM
959 181 1082 223 LIB.
1110 179 1193 223 VI.

1515 180 1602 222 349

176 299 343 348 Notus
369 316 508 348 amor
535 299 784 358 Phaedrae,
813 307 933 348 nota
958 306 1037 349 est
1060 299 1244 364 injuria
1268 297 1453 346 Thesei
1478 316 1487 346 :

246 379 463 428 Devovit
487 386 661 427 natum
687 379 925 428 credulus
951 380 1034 428 ille
1061 395 1227 427 suum.

178 457 296 507 Non
321 458 529 524 impune
555 458 669 524 pius
691 458 893 523 juvenis
918 457 1165 506 Troezena
1189 457 1426 523 petebat:

250 537 444 586 Dividit
468 538 731 586 obstantes
757 544 963 602 pectore
986 543 1161 584 taurus
1188 553 1365 601 aquas.

1504 539 1602 584 740

181 615 397 665 Solliciti
424 623 677 665 terrentur
702 616 852 680 equi;
894 615 1179 681 frustraque
1206 616 1405 672 retenti,

249 695 351 745 Per
377 697 612 762 scopulos
639 696 900 744 dominum
925 695 1155 760 duraque
1183 711 1309 743 saxa
1333 695 1557 742 trahunt⁴

183 774 462 825 Exciderat
486 792 652 833 currU,
679 775 904 841 lorisque
931 774 1246 824 morantibus
1274 782 1411 822 artus

251 854 569 921 Hippolytus
592 856 760 904 lacero
786 871 997 920 corpore
1024 862 1199 920 raptus
1226 861 1362 912 erat;

185 933 535 999 Edideratque
560 935 796 992 animam,
824 935 1039 982 multum
1066 934 1360 998 indignante
1387 932 1570 981 Diana.

255 1014 427 1072 Nulla,
458 1013 757 1071 CoronideS‚
786 1030 941 1062 causa
961 1013 1164 1071 doloris,
1193 1013 1292 1061 ait:

1511 1014 1609 1060 746

188 1091 427 1158 Namque
455 1093 538 1158 pio
560 1093 733 1158 juveni
759 1093 915 1141 vitam
942 1092 1050 1141 sine
1075 1093 1284 1141 vulnere
1311 1091 1550 1151 reddam3

256 1170 325 1220 Et
349 1171 536 1221 cedent
560 1172 654 1220 arti
678 1172 840 1220 tristia
865 1171 967 1220 fata
992 1188 1135 1220 nieae.

188 1250 433 1300 Gramina
457 1252 697 1300 continuo
722 1251 900 1300 loculis
926 1251 1182 1316 depromit
1207 1251 1441 1300 eburnis:

257 1330 561 1380 Profuerant
588 1332 770 1380 Glauci
800 1330 1041 1380 Manibus
1068 1331 1153 1378 illa
1179 1330 1347 1396 prius:

1515 1335 1612 1379 750

187 1409 348 1467 Tunc,
369 1427 527 1476 quum
554 1412 845 1460 observatas
868 1426 1026 1474 augur
1045 1409 1314 1458 descendit
1331 1409 1382 1457 in
1409 1409 1610 1468 herbas,

259 1489 398 1539 Usus
423 1497 475 1539 et
499 1490 689 1539 auxilio
715 1497 794 1539 est
818 1489 997 1554 anguis
1024 1490 1087 1538 ab
1114 1506 1279 1553 angue
1306 1488 1453 1547 dato;

236 1695 311 1727 737.
336 1694 386 1726 De
412 1694 588 1738 Hippolyto
614 1695 685 1727 vide
712 1695 757 1727 iii.
783 1696 868 1734 2653

194 1745 330 1777 Metam.
360 1757 415 1777 xv.
443 1746 506 1777 497
531 1757 601 1788 sqq.
654 1746 785 1777 Phaedra
814 1757 868 1777 no-

193 1806 298 1833 verca,
314 1807 413 1838 quum
437 1807 500 1828 non
523 1802 631 1839 posset
657 1796 870 1840 Hippolytum

193 1846 235 1878 ad
261 1846 458 1878 voluntatem
488 1857 580 1878 suam
608 1846 794 1889 perducere,
822 1847 870 1879 in-

195 1896 274 1928 cesti
290 1897 390 1940 stupri
404 1908 477 1929 eum
493 1896 703 1928 insimulavit.
746 1897 873 1930 Theseus

195 1952 287 1989 pater
314 1947 464 1979 credulus
489 1947 691 1979 innocentem
716 1947 817 1979 filium
841 1948 873 1980 in

194 1996 343 2029 exsilium
373 1997 490 2040 abegit,
522 1998 776 2040 Neptunumque
805 2009 873 2030 ora-

196 2046 253 2084 vit,
271 2053 306 2079 ut
326 2058 399 2079 eum
417 2047 617 2080 interficeret.
653 2049 731 2079 Pius
748 2049 876 2091 juvenis

198 2110 297 2142 quum
326 2099 467 2130 T-roezena
486 2105 623 2143 peteret,
644 2098 698 2130 ubi
719 2099 876 2138 Pittheus,

199 2149 285 2192 apud
310 2161 405 2192 quem
433 2150 589 2181 educatus
611 2155 691 2186 erat,
709 2151 876 2192 regnabat,

199 2199 233 2232 in
260 2199 331 2232 sinu
358 2200 509 2232 Saronico
535 2200 650 2232 fluetus
677 2199 878 2233 decumanus

199 2258 338 2288 taurum,
353 2256 527 2283 monstrum
547 2251 698 2287 immane,
716 2250 878 2294 protrusit,

201 2313 264 2344 quo
281 2303 347 2333 viso
369 2301 561 2333 consternati
587 2307 662 2332 sunt
685 2302 771 2344 equi,
793 2302 877 2333 auri-

201 2362 338 2394 gamque
354 2362 446 2383 suum
465 2362 557 2383 curru
573 2361 741 2383 excussum
763 2362 877 2395 rapue-

202 2408 286 2439 runt,
310 2403 458 2445 raptique
483 2403 626 2435 membra
649 2402 736 2434 foede
758 2403 879 2435 lacera-

204 2459 290 2485 runt.

249 2506 324 2537 745.
348 2506 454 2536 Diana
477 2504 622 2548 inprimis
643 2504 880 2546 indignabatur,

205 2566 303 2599 quam
331 2555 525 2598 Hippolytus
554 2561 587 2587 et
611 2554 716 2587 studio
742 2555 881 2587 venandi

204 2614 236 2640 et
253 2606 433 2649 virginitate
454 2606 609 2638 coluerat.
656 2606 771 2648 Itaque
795 2606 880 2649 apud

204 2657 382 2700 Hyginum,
411 2656 476 2689 sab.
501 2658 578 2688 251.
599 2655 696 2688 etiam
722 2657 883 2688 voluntate

209 2709 320 2740 Dianae
357 2707 390 2739 in
419 2708 517 2740 vitam
554 2707 648 2739 redit.
708 2707 881 2745 Coronides,

208 2757 428 2801 AEsculapius,
459 2757 619 2801 Apollinis
657 2763 689 2789 et
723 2758 883 2790 Coronidis

208 2809 310 2849 filius3
337 2810 473 2841 Metam.
488 2808 524 2840 ii.
541 2810 616 2840 531.
631 2809 697 2840 626
711 2819 784 2850 sqq.

984 1694 1060 1730 751,
1086 1693 1162 1725 752.
1192 1693 1262 1724 Hoc
1284 1691 1445 1724 distichon
1466 1692 1618 1724 Heinsius

939 1744 1113 1776 delendum
1131 1744 1293 1780 censebat,
1309 1743 1385 1785 quia
1407 1754 1517 1775 sensus
1543 1742 1617 1775 inde

940 1794 1126 1827 commodus
1141 1805 1205 1826 non
1221 1801 1326 1837 posset
1339 1792 1411 1825 elici
1425 1806 1432 1832 3
1450 1794 1547 1826 immo
1562 1805 1619 1837 po-

942 1852 1022 1878 test:
1050 1846 1190 1877 Glaucus
1214 1844 1312 1881 enim,
1332 1844 1451 1876 Minois
1474 1844 1569 1882 filius,
1584 1845 1618 1877 in

942 1897 1063 1928 dolium
1076 1897 1170 1928 melle
1185 1896 1315 1940 plenum
1328 1907 1427 1938 quum
1441 1895 1618 1934 incidisset,

943 1946 1118 1979 suffocatus
1138 1953 1199 1978 est.
1241 1947 1327 1978 Hinc
1352 1946 1462 1977 Minos
1487 1958 1621 1989 augures

944 1997 1143 2034 convocavit,
1167 2008 1184 2029 e
1205 1997 1322 2040 quibus
1337 1996 1502 2039 Polyidus,
1519 2008 1620 2040 augu-

945 2048 990 2080 rio
1013 2055 1157 2092 accepto,
1176 2059 1290 2092 corpus
1312 2047 1403 2092 pueri
1425 2049 1551 2091 reperit,
1572 2055 1621 2080 at-

946 2111 1009 2142 que
1029 2099 1069 2131 de
1092 2099 1177 2131 dolio
1197 2099 1330 2139 eduxit3
1353 2104 1421 2130 tum
1437 2102 1550 2143 anguis
1574 2112 1627 2133 ar-

946 2150 1054 2193 repsit,
1071 2161 1166 2193 quem
1186 2150 1342 2193 Polyidus
1357 2150 1530 2183 interfecit.
1567 2152 1622 2184 In-

947 2202 1079 2233 terfecto
1107 2201 1190 2233 alius
1211 2203 1337 2244 anguis,
1361 2201 1460 2233 herba
1481 2202 1622 2245 quadam

947 2251 1068 2288 adlata,
1081 2251 1179 2283 vitam
1194 2251 1342 2284 restituit.
1381 2251 1534 2294 Ejusdem
1552 2253 1623 2285 her-

947 2303 996 2334 bae
1019 2302 1115 2345 igitur
1134 2313 1231 2345 opera
1254 2314 1329 2335 usus
1350 2307 1398 2334 est
1415 2303 1571 2346 Polyidus
1591 2305 1625 2337 in

947 2353 1143 2385 restituendo
1167 2354 1305 2391 Glauco,
1331 2360 1401 2396 post
1425 2353 1523 2385 etiam
1548 2357 1625 2387 AEs-

949 2405 1096 2447 eulapius
1116 2404 1149 2436 in
1174 2404 1372 2448 Hippolyt03
1398 2404 1624 2447 Apollodorus,

948 2454 1014 2486 III.
1029 2453 1073 2486 iii.
1092 2456 1129 2494 13
1154 2455 1314 2498 Hyginus,
1335 2455 1436 2486 fabul.
1457 2456 1539 2495 l35;
1562 2458 1623 2489 Pa-

948 2505 1079 2548 laephat.
1094 2506 1148 2537 27.
1191 2506 1269 2537 Usus
1294 2512 1337 2537 est
1356 2507 1491 2548 anguis;
1517 2508 1623 2539 Kreb-

949 2555 1014 2587 sius
1043 2555 1196 2598 intelligit
1220 2555 1459 2599 AEsculapium,
1483 2556 1538 2598 qui
1565 2559 1624 2590 sub

950 2606 1089 2650 imagine
1111 2607 1224 2649 anguis
1245 2607 1351 2639 cultus
1366 2607 1419 2638 sit.
1466 2609 1624 2651 Equidem

951 2669 1088 2700 anguem
1104 2658 1307 2690 interfectum
1318 2657 1473 2700 intelligo,
1485 2658 1538 2701 qui
1553 2670 1627 2692 usus

952 2714 1000 2740 est
1019 2709 1139 2741 auxilio
1161 2709 1201 2740 ab
1227 2709 1326 2740 altero
1348 2719 1452 2751 angue
1469 2708 1556 2747 dato,
1573 2721 1628 2741 ex-

950 2765 1060 2802 pertus
1088 2766 1137 2793 est
1165 2759 1276 2792 auxilii
1312 2759 1399 2791 illius
1436 2766 1491 2792 aut
1521 2761 1626 2793 herbae

952 2822 1026 2843 vnn.
