1830 3220
554 167 907 210 FASTORUM
940 167 1062 210 LIB.
1095 167 1184 209 ΙΙΙ.

1495 168 1579 211 131

155 282 408 348 Tempora
425 286 540 349 jure
565 286 740 333 colunt
765 285 899 333 latiae
924 284 1143 333 fecunda
1168 291 1421 349 parenteS,

221 361 450 416 Quarum
471 363 701 412 militiam
721 371 942 427 votaque
969 370 1144 427 partus
1171 363 1345 411 habet.

152 440 317 496 Adde,
346 442 484 505 quod
511 442 755 490 excubias
783 442 887 505 regi
916 441 1179 489 Romanus
1206 441 1409 504 agebat,

1476 444 1576 489 245

221 518 335 574 Qua
360 537 495 569 nunc
524 520 782 585 Esquilias
810 521 1014 568 nomina
1040 520 1183 568 collis
1210 519 1382 568 habet.

151 596 263 645 Illic
290 614 319 646 a
344 599 555 646 nuribus
581 598 772 646 Junoni
799 599 993 663 templa
1019 597 1213 645 Latinis

221 674 332 724 Hac
359 684 493 735 sunt,
523 677 564 724 si
591 677 813 734 memini,
839 677 1046 742 publica
1070 676 1206 724 facta
1231 677 1329 724 die.

150 752 288 808 Quid
310 771 491 812 moror,
521 763 572 804 et
595 755 743 803 variis
770 772 923 803 onero
950 761 1038 803 tua
1063 761 1273 819 pectora
1297 753 1504 801 causis?

219 831 426 880 Eminet
444 840 562 882 ante
583 834 776 890 oculos,
806 833 946 897 quod
972 833 1120 898 petis,
1150 849 1269 881 ecce
1296 840 1428 880 tuos
1473 835 1574 880 250

150 908 320 959 Mater
357 919 494 960 amat
535 920 750 978 nuptas3
802 912 978 960 matris
1028 929 1109 960 me
1151 913 1301 960 turba
1341 911 1575 976 frequen-

352 996 495 1038 tant:

219 1065 345 1115 Haec
371 1085 463 1116 nos
490 1069 745 1134 praecipue
771 1077 875 1117 tam
903 1070 985 1133 pia
1009 1085 1164 1117 causa
1188 1069 1356 1117 decet.

151 1144 299 1194 Ferte
328 1146 452 1195 Deae
478 1147 658 1196 flores:
700 1148 890 1211 gaudet
915 1147 1211 1195 florentibus
1239 1147 1407 1195 herbis

219 1222 344 1272 Haec
375 1225 514 1274 Dea:
556 1226 620 1274 de
646 1233 821 1275 tenero
848 1226 1036 1290 cingite
1062 1226 1183 1273 flore
1210 1231 1381 1289 caput.

151 1300 338 1359 Dicite,
366 1302 442 1350 Tu
471 1304 639 1352 lucem
666 1304 829 1362 nobis,
861 1303 1069 1360 Lucina,
1099 1303 1309 1361 dedisti3

1476 1305 1574 1350 255

218 1380 407 1438 Dicite,
436 1381 514 1429 Tu
539 1390 654 1430 voto
681 1382 1010 1448 parturientis
1037 1382 1177 1430 adeS.

150 1459 206 1507 Si
225 1476 328 1524 qua
348 1468 518 1509 tamen
539 1461 746 1524 gravida
764 1468 870 1520 est3
915 1461 1137 1509 resoluto
1157 1460 1294 1508 crine
1321 1465 1572 1524 precetur,

219 1537 292 1586 Ut
317 1539 479 1587 solvat
504 1546 681 1604 partus
708 1540 929 1588 molliter
954 1540 1042 1587 illa
1066 1555 1204 1586 suos.

151 1615 292 1672 Qms
321 1618 443 1665 mihi
470 1635 603 1666 nunc
629 1619 781 1676 dicat,
811 1635 968 1683 quare
997 1618 1226 1666 coelestia
1252 1616 1435 1665 Martis

217 1695 375 1745 Arma
398 1695 562 1745 ferant
588 1697 728 1754 Salii,
758 1696 1174 1761 Mamuriumque
1200 1695 1422 1744 canant?
1473 1697 1573 1741 260

194 1818 272 1850 245.
308 1819 433 1856 Quarta
464 1828 572 1856 causa,
603 1829 700 1861 quam
730 1818 828 1850 etiam

150 1868 263 1900 Festus
277 1874 452 1900 memorat:
472 1873 491 1886 “
511 1869 647 1900 Martias
662 1869 830 1900 Kalendas

150 1924 303 1950 matronae
328 1919 503 1955 celebrant,
523 1918 608 1961 quod
631 1929 669 1950 eo
693 1919 744 1950 die
768 1921 827 1951 Ju-

153 1968 244 2011 nonis
271 1969 405 2000 Lucinae
432 1968 518 2000 aedes
541 1969 603 2000 coli
625 1975 733 2011 coepta
755 1969 829 2000 sit.''

151 2018 262 2050 Posita
285 2024 393 2051 autem
418 2019 475 2050 illa
496 2020 583 2051 aedes
605 2019 636 2050 in
661 2030 698 2050 eo
714 2019 828 2062 Esqui-

148 2068 265 2101 liarum
285 2070 403 2101 vertice
428 2070 499 2106 fuit,
526 2069 581 2112 qui
605 2067 734 2112 Cispius
756 2070 826 2101 dic-

151 2125 213 2151 tus.
250 2119 302 2150 De
315 2119 370 2150 illo
382 2126 487 2151 monte
500 2119 597 2151 etiam
608 2120 719 2156 Varro,
732 2119 774 2151 iv.
786 2121 805 2151 8
818 2134 824 2151 ε

149 2174 170 2187 “
190 2169 334 2212 Esquilia
355 2169 433 2200 Salii
456 2169 650 2212 scripserunt
673 2170 712 2200 ab
730 2180 826 2200 excu-

149 2219 211 2250 biis
226 2220 310 2262 regis
326 2220 462 2251 dictas.’'
490 2221 584 2251 Hanc
601 2219 826 2261 etymologiam

149 2271 266 2302 Noster
277 2281 406 2312 quoque
423 2270 534 2302 afferre
548 2269 664 2302 voluit:
682 2270 825 2301 excubiae

149 2321 193 2351 ibi
220 2321 396 2362 agebantur
418 2320 569 2357 Romulo,
595 2331 694 2362 quum
718 2320 825 2350 Titum

148 2370 276 2401 Tatium
310 2370 416 2401 infidae
446 2370 607 2402 societatis
643 2375 826 2412 suspectum

150 2422 295 2452 haberet.

195 2473 271 2503 249.
305 2470 427 2508 Quinta
465 2480 572 2506 causa,
597 2480 699 2511 eaque
728 2469 828 2501 Marti

150 2521 289 2553 maxime
314 2521 451 2552 decora:
486 2525 506 2538 “
522 2519 659 2552 Junonis
682 2530 769 2550 amor
795 2519 828 2551 in

151 2578 279 2615 nuptas,
296 2578 327 2603 et
347 2570 421 2602 inde
441 2571 553 2602 harum
570 2581 655 2601 amor
677 2569 830 2601 adversus

151 2622 329 2654 Martem.’'
377 2622 480 2653 Mater
496 2631 569 2652 mea
582 2621 678 2652 Juno.
714 2620 830 2651 Matris

151 2675 254 2709 turba,
271 2673 364 2704 turba
386 2677 600 2702 matronarum
621 2675 753 2701 matrem
776 2681 828 2701 co-

149 2722 296 2759 lentium,
333 2733 378 2753 me
405 2722 626 2765 frequentant,
663 2720 828 2752 celebran-

151 2772 228 2804 dum
244 2772 304 2803 sibi
320 2778 499 2804 sumserunt
516 2771 651 2814 primum
665 2771 725 2802 mei
741 2781 827 2802 men<

898 1818 940 1850 sis
968 1817 1073 1849 diem:
1114 1827 1178 1858 qua
1214 1815 1334 1858 pietate
1370 1825 1445 1856 crgo
1481 1812 1575 1845 simul

898 1868 994 1900 color.
1040 1868 1208 1898 'saubnero
1238 1866 1363 1897 videtur
1394 1864 1443 1895 his
1472 1864 1575 1896 verbis

899 1926 930 1950 et
956 1919 1024 1949 haec
1047 1917 1206 1949 sententia
1226 1916 1340 1959 subjici
1355 1926 1465 1958 posse:
1491 1913 1575 1952 ideo,

899 1968 985 2011 quod
1000 1974 1101 1998 mater
1117 1966 1271 2008 quaelibet
1284 1965 1367 1996 filias
1386 1975 1460 1997 suas
1479 1971 1576 2001 amat,

898 2029 949 2050 me
973 2024 1108 2049 matrum
1131 2016 1195 2059 (sic
1223 2022 1297 2047 ante
1324 2015 1437 2046 Heius.
1463 2015 1575 2052 edeb.)

899 2069 993 2099 turba
1008 2068 1266 2110 frequentant,ut
1279 2065 1406 2096 cladem
1420 2075 1439 2095 a
1450 2063 1576 2107 generis

898 2125 1049 2150 avertam.

942 2171 1020 2202 253.
1044 2168 1232 2200 Exhortatio
1263 2166 1304 2198 ad
1331 2166 1435 2198 Deam
1459 2165 1518 2196 rite
1543 2171 1575 2197 et

897 2220 948 2262 pie
969 2219 1150 2251 colendam.
1199 2218 1359 2249 Florentes
1384 2217 1478 2247 herbae
1503 2222 1575 2247 sunt

896 2269 956 2311 ipsi
968 2270 1078 2307 flores3
1093 2268 1187 2309 Virg.
1198 2267 1322 2298 Echix.
1337 2267 1390 2297 19.
1406 2270 1428 2283 “
1442 2265 1574 2297 humum

897 2319 1082 2350 florentibus
1097 2317 1203 2349 herbis
1218 2315 1399 2358 spargere.''
1445 2315 1484 2346 In
1500 2315 1576 2346 Ma-

894 2368 1082 2403 tronalibus,
1096 2374 1131 2399 ut
1146 2366 1179 2397 in
1195 2365 1266 2397 aliis
1278 2366 1386 2402 sacris,
1399 2366 1492 2396 flores
1506 2375 1575 2396 esse

895 2418 1056 2449 adhibitos
1072 2417 1169 2449 etiam
1185 2427 1222 2448 ex
1240 2415 1366 2447 Horatii
1385 2415 1418 2447 d.
1433 2415 1457 2446 l.
1474 2419 1575 2457 patet.

897 2468 1064 2505 Quomodo
1091 2466 1265 2499 adhibendi
1291 2465 1369 2502 sint,
1390 2465 1459 2507 jam
1484 2464 1575 2496 addi-

897 2524 960 2554 tur,
977 2520 1014 2549 de
1036 2524 1138 2549 tenero
1160 2518 1275 2558 cingite
1287 2516 1371 2558 flore
1392 2521 1484 2555 caput
1507 2514 1574 2545 effi-

895 2568 980 2610 giem
1005 2570 1025 2601 J
1030 2567 1153 2600 unonis.
1213 2567 1254 2597 Et
1291 2568 1328 2597 de
1361 2572 1464 2596 tenero
1491 2566 1574 2606 flore

898 2618 1033 2655 dictum,
1051 2625 1086 2650 ut
1112 2615 1300 2648 “canitiem
1324 2616 1413 2657 largo
1436 2615 1475 2645 de
1499 2613 1572 2656 pul-

898 2679 971 2699 vere
995 2667 1126 2711 turpat'’
1150 2666 1237 2709 apud
1262 2665 1486 2700 Claudianum,
1507 2662 1573 2708 xix.

898 2719 954 2749 25.

942 2769 1130 2801 259—398.
1162 2768 1314 2798 Saliormn
1342 2766 1426 2806 origo
1455 2770 1482 2794 et
1505 2762 1573 2804 fes-
