1830 3220
579 202 929 245 FASTORUM
964 203 1085 245 LIB.
1110 203 1190 245 Vl.

1504 206 1589 248 :311

166 317 343 366 Prisca
363 319 460 366 dea
479 326 574 375 est,
595 319 847 384 aliturque
867 321 995 368 cibis
1017 321 1203 384 quibus
1226 326 1344 367 ante
1363 320 1584 381 solebat3

234 395 343 443 Nec
371 396 498 460 petit
523 397 745 444 adscitas
771 398 1030 446 luxuriosa
1055 398 1233 462 dapes.

164 471 329 521 Piscis
357 474 523 522 adhuc
551 474 620 521 illi
648 475 838 539 populo
865 476 974 522 sine
997 475 1172 523 fraude
1199 475 1421 532 natabat,

234 551 524 616 Ostreaque
551 552 600 599 in
627 552 834 599 conchis
860 559 972 600 tuta
997 552 1136 600 fuere
1163 553 1295 600 suis:

165 627 276 676 Nec
306 629 504 678 Latium
533 637 692 686 norat,
722 646 876 694 quarn
903 632 1097 695 praebet
1125 630 1267 678 Ionia
1292 631 1448 688 dives,
1495 635 1586 680 175

234 706 362 764 Nec,
392 724 505 771 quae
533 707 779 772 Pygmaeo
806 708 1054 772 sanguine
1081 708 1284 771 gaudet,
1313 725 1483 768 avenn

165 783 232 832 Et
258 793 440 850 praeter
464 802 658 850 pennas
686 786 809 833 nihil
837 786 886 833 in
913 803 1108 851 pavone
1135 786 1396 850 placebat3

234 862 345 911 Nec
371 864 523 911 tellus
549 871 726 928 captas
753 865 959 912 miserat
986 871 1103 912 ante
1129 864 1276 911 feras.

162 1051 285 1087 ficatur,
303 1051 388 1094 quod
405 1051 486 1083 vires
510 1052 648 1082 maxime
673 1051 721 1083 his
746 1053 840 1083 rebus

162 1101 302 1142 corporis
317 1102 511 1133 roborentur.
537 1102 621 1132 Nam
638 1107 669 1132 et
681 1101 838 1132 Kalendae

162 1150 270 1183 Juniae
296 1151 423 1182 sabariae
451 1152 546 1193 vulgo
572 1157 737 1186 vocantur,
765 1151 840 1192 quia

162 1200 222 1231 hoc
245 1211 355 1232 mense
380 1200 498 1232 adultae
524 1201 605 1231 fabae
633 1201 727 1231 rebus
750 1200 840 1231 adhi-

162 1251 310 1282 bentur.''
360 1251 547 1287 Gustentur,
563 1250 782 1282 comedantur.

208 1301 280 1332 172.
315 1302 454 1337 Adscita,
486 1300 615 1331 aliunde
646 1300 757 1342 petita,
783 1311 838 1342 pe-

160 1351 298 1392 regrina.
346 1350 510 1381 Heluones
526 1356 607 1380 terra
622 1355 653 1381 et
669 1349 748 1380 mari
765 1360 838 1380 con-

161 1400 330 1441 quirebant
355 1400 473 1436 edulia,
491 1410 570 1441 quos
592 1400 694 1431 Varro
713 1399 781 1441 jam
807 1399 839 1430 in

160 1450 275 1481 Satura
284 1455 460 1486 notaverat,
470 1449 561 1492 cujus
575 1449 743 1480 notationis
753 1460 838 1480 sum-

159 1510 244 1531 mam
275 1499 413 1536 Gellius,
446 1500 543 1531 Noct.
572 1499 675 1530 Attic.
706 1499 759 1530 vii.
789 1500 839 1530 16.

160 1549 261 1581 dedit.
299 1549 416 1581 Confer
432 1549 583 1586 Plinium,
602 1549 685 1580 Hist.
701 1550 779 1581 Nat.
795 1549 840 1581 ix.

159 1600 203 1631 54
218 1611 298 1642 sqq3
316 1601 483 1636 Senecam,
501 1599 603 1642 Epist.
619 1610 692 1631 xcv.
710 1612 742 1642 p.
756 1600 836 1639 7183

164 1649 348 1680 Petronium
366 1649 406 1680 de
424 1650 543 1680 Mutat.
561 1650 603 1680 R.
618 1650 660 1680 33
677 1660 748 1691 sqq.
774 1689 782 1692 -
798 1650 838 1681 In

160 1698 284 1730 deliciis
307 1699 451 1742 inprimis
475 1705 566 1730 erant
581 1701 675 1739 pisces
695 1700 838 1731 rariores.

161 1749 318 1780 Frondem
361 1748 565 1780 Schiracliius
614 1748 839 1791 interpretatur

159 1799 326 1830 damnum.
373 1799 476 1829 Immo
515 1798 645 1829 insidias
683 1798 837 1840 intellige,

160 1849 277 1891 quibus
292 1849 443 1880 damnum
460 1849 612 1885 insertur,
637 1848 669 1879 ii.
686 1849 748 1879 227
765 1861 773 1887 ;
795 1849 839 1880 iii.

161 1900 245 1938 8533
270 1901 354 1930 Met.
372 1898 418 1930 iii.
437 1899 515 1930 587.
534 1898 586 1929 ubi
614 1900 677 1929 lino
700 1905 728 1928 et
753 1899 840 1930 hamo

161 1950 298 1990 decipere
308 1953 413 1989 pisces,
426 1955 461 1980 ut
474 1948 589 1990 Virgil.
599 1949 718 1990 Georg.
733 1949 754 1979 i.
768 1950 839 1980 139.

151 2000 273 2042 fallere
290 2002 368 2031 visco
384 2011 464 2030 oves.

209 2051 280 2082 175.
311 2051 385 2081 Avis
410 2061 499 2091 quom
527 2050 638 2089 praebet
666 2048 767 2085 Ionia,
792 2056 840 2080 est

161 2106 304 2142 attagen.
366 2099 510 2132 Glossaez
549 2099 681 2129 Gallina
709 2101 837 2135 rustica,

160 2150 331 2193 ἀτταγήν.
370 2147 656 2182 Praestantissimas
673 2148 766 2191 hujus
783 2159 838 2179 no-

162 2201 257 2232 minis
278 2211 353 2232 aves
374 2200 514 2231 habebat
536 2199 649 2236 Ionia5
675 2199 838 2235 Horatius,

162 2252 266 2294 Epod.
290 2252 324 2282 ii.
349 2253 403 2283 54.
427 2257 553 2293 attagen
581 2249 725 2287 Ionicus;
752 2250 839 2280 Mar-

161 2301 258 2338 tialis,
274 2301 340 2332 xiii.
357 2301 395 2332 61
412 2314 418 2331 :
446 2305 466 2317 “
480 2301 568 2331 Inter
590 2310 717 2342 sapores
741 2299 840 2329 fertur

162 2353 274 2384 alitum
289 2351 409 2393 primus
424 2350 605 2381 Ionicarum
626 2355 737 2391 gustus
757 2354 839 2379 atta-

163 2401 352 2445 genarum.'’
377 2401 408 2432 A
421 2401 528 2433 Gellio
542 2401 627 2431 dicto
640 2399 721 2436 Ioco,
733 2399 837 2440 Phry-

159 2455 214 2495 gia
244 2458 390 2493 antigena
420 2455 620 2481 memoratur.
670 2449 734 2479 Nec
762 2459 837 2489 quae,

163 2507 226 2533 etc.
242 2511 336 2543 grus3
366 2510 477 2542 gruum
504 2505 611 2530 autem
635 2498 783 2529 carnibus
806 2503 839 2529 et

162 2551 239 2594 ipsis
250 2549 387 2581 Romani
398 2549 640 2580 delectabantur
650 2559 659 2586 3
675 2547 839 2584 Horatius,

163 2602 198 2633 ii.
216 2601 319 2642 Satyr.
335 2599 400 2631 viii.
417 2599 479 2637 87;
503 2598 640 2634 Plinius,
663 2597 746 2628 Hist.
769 2597 836 2628 Na-

164 2659 225 2682 tur.
253 2661 286 2680 x.
317 2650 370 2681 33.
416 2648 513 2691 Apud
544 2646 687 2679 Gellium
720 2647 839 2678 Melicae

160 2711 253 2743 grues
276 2699 458 2735 laudantur,
475 2709 513 2729 ex
539 2697 628 2728 Melo
652 2697 757 2728 insula
781 2696 837 2728 ad-

164 2756 274 2782 vectae.
322 2749 430 2781 Verba
454 2760 518 2790 quer
545 2749 696 2790 Pygmaeo,
711 2751 774 2778 etc.
790 2757 838 2778 re—

908 1052 1048 1094 spiciunt
1074 1052 1260 1088 Homerum,
1286 1052 1325 1082 Il.
1351 1056 1385 1084 Γ.
1407 1051 1507 1088 initio,
1533 1052 1587 1083 ubi

908 1113 1002 1143 grues
1022 1102 1151 1132 avolant
1166 1101 1334 1132 Australes
1353 1101 1393 1132 ad
1415 1106 1513 1132 terras
1528 1100 1590 1133 ἀν-

909 1151 1002 1194 δράσι
1020 1150 1221 1194 Πυγμάιοισι
1237 1151 1340 1193 φόνον
1354 1152 1410 1182 καὶ
1431 1153 1519 1191 κῆρα
1535 1150 1587 1193 φέ-

908 1212 1040 1245 ρουσαι·
1067 1201 1120 1232 ubi
1137 1201 1211 1232 vide
1231 1201 1394 1242 Heynium
1416 1200 1448 1231 in
1465 1201 1586 1232 Obser-

911 1257 989 1283 vatt.
1037 1251 1172 1282 Pavones
1195 1250 1315 1292 primus
1339 1252 1380 1288 Q.
1397 1250 1588 1281 Hortensius

910 1300 943 1331 in
968 1311 1062 1332 coena
1085 1299 1252 1342 auguralia
1273 1299 1432 1341 adposuit,
1450 1300 1500 1330 M.
1520 1299 1588 1330 Au-

909 1350 1002 1381 fidius
1014 1357 1120 1381 autem
1128 1349 1247 1392 primus
1257 1348 1416 1390 saginavit
1427 1361 1436 1388 ς
1451 1349 1588 1386 Plinius,

909 1412 940 1432 x.
965 1402 1027 1439 20;
1052 1399 1214 1436 AElianus,
1239 1399 1323 1430 Hist.
1347 1398 1455 1429 Anim.
1481 1410 1511 1430 ν.
1530 1400 1586 1431 21.

913 1450 1016 1481 Tellus
1040 1448 1163 1480 scilicet
1192 1449 1268 1479 ulla.
1317 1448 1444 1479 Mittere
1469 1459 1590 1480 merces

909 1506 991 1531 terra
1014 1499 1131 1531 dicitur
1155 1499 1210 1530 ubi
1232 1509 1367 1540 magnus
1386 1508 1494 1529 earum
1516 1509 1588 1541 pro-

910 1556 1034 1581 ventus.
1073 1549 1260 1580 Taubnerus
1276 1556 1391 1579 terram
1411 1547 1590 1579 universam

908 1598 1070 1641 intelligit,
1087 1606 1121 1630 ut
1142 1598 1202 1629 hoc
1224 1598 1385 1634 innuatur,
1402 1598 1545 1639 undique
1570 1609 1589 1629 a

908 1649 1077 1680 luxuriosis
1092 1648 1248 1679 Romanis
1270 1647 1413 1689 conquiri
1433 1647 1586 1678 delicias:

908 1699 964 1730 sed
980 1698 1112 1730 Heinsio
1133 1704 1165 1729 et
1180 1699 1364 1729 Burmanno
1380 1698 1417 1729 τὸ
1434 1698 1524 1729 tellus
1541 1697 1586 1729 sic

909 1749 1053 1780 absolute
1093 1748 1229 1789 positum
1269 1747 1472 1789 displicebat.
1524 1747 1586 1778 Ille

908 1798 1004 1840 igitur
1025 1809 1080 1840 pro
1104 1804 1175 1828 ante
1199 1797 1351 1832 malebat,
1369 1802 1424 1827 aut
1442 1797 1522 1839 Afra
1540 1797 1588 1829 vel

910 1848 1002 1885 Inda,
1019 1856 1072 1879 aut
1089 1858 1161 1879 cum
1178 1847 1277 1878 altero
1298 1847 1442 1878 Puteano
1458 1854 1535 1884 arte,
1553 1853 1589 1879 ut

909 1899 1029 1935 leones,
1060 1897 1236 1940 pantherae.
1270 1896 1433 1939 elephanti
1469 1898 1588 1929 intelli-

909 1955 1024 1991 gantur
1049 1948 1186 1978 Romam
1215 1946 1255 1977 ad
1281 1947 1466 1989 spectacula
1489 1946 1588 1978 missi.

910 1999 1115 2029 Burmannus
1131 2007 1206 2027 vero
1226 2003 1310 2027 recte
1330 2002 1449 2032 monet,
1467 2007 1528 2027 non
1548 1996 1588 2028 de

909 2048 1116 2090 spectaculis,
1142 2047 1198 2077 sed
1225 2046 1264 2077 de
1288 2046 1410 2077 deliciis
1433 2046 1586 2088 gulonum

909 2108 1084 2129 sermonem
1102 2107 1188 2135 esse;
1207 2095 1231 2127 si
1249 2095 1320 2138 quis
1331 2095 1412 2137 Afra
1426 2095 1585 2137 praeferat,

908 2158 999 2189 posse
1019 2147 1058 2179 de
1082 2146 1209 2188 gallinis
1225 2145 1387 2177 Africanis
1402 2146 1494 2188 capi3
1520 2147 1586 2178 Ho-

909 2198 1018 2234 ratius,
1043 2196 1149 2239 Epod.
1173 2196 1205 2227 ii.
1230 2198 1292 2227 53:
1320 2196 1392 2227 Non
1416 2197 1498 2237 Afra
1523 2199 1588 2228 avis

908 2250 1072 2278 descendat
1088 2250 1119 2278 in
1137 2253 1271 2278 ventrem
1286 2258 1404 2277 meum:
1419 2246 1486 2288 ipse
1503 2248 1585 2278 Bur-

908 2309 1045 2329 mannus
1067 2297 1196 2328 suadet:
1227 2297 1292 2328 Nec
1310 2297 1407 2327 Delus
1424 2309 1510 2338 capos
1528 2301 1585 2329 mi-

908 2355 990 2379 serat
1004 2355 1075 2379 ante
1086 2348 1215 2388 feros5)
1240 2350 1325 2378 circa
1341 2347 1481 2378 Deliacos
1500 2360 1586 2389 capos

906 2398 1002 2429 fuisse
1027 2398 1202 2429 maximum
1227 2397 1350 2434 luxum,
1374 2398 1521 2439 cognosci
1544 2409 1585 2430 ex

906 2449 1034 2480 Petron.
1052 2449 1116 2486 23;
1139 2458 1192 2479 eos
1214 2447 1279 2478 dici
1298 2454 1370 2479 ante
1379 2448 1480 2490 jeros.
1496 2448 1584 2490 quia,

907 2504 1079 2540 antequam
1093 2502 1319 2534 castrarentur,
1330 2497 1450 2528 feroces
1460 2503 1493 2528 et
1503 2509 1584 2539 pug-

907 2558 1002 2579 naees
1014 2547 1107 2579 electi
1120 2546 1183 2578 sint
1196 2557 1215 2577 a
1226 2546 1388 2586 Deliacis;
1405 2547 1585 2578 Columella

907 2597 973 2629 viii.
992 2599 1035 2637 2;
1056 2597 1112 2628 sed
1136 2607 1226 2639 posse
1251 2602 1283 2627 et
1306 2597 1370 2638 legi
1393 2604 1460 2628 orte
1472 2597 1582 2638 jeram,

909 2647 995 2689 quia,
1019 2657 1119 2688 quum
1143 2645 1249 2677 insula
1275 2646 1389 2677 sterilis
1414 2651 1446 2677 et
1469 2656 1583 2676 saxosa

907 2697 1003 2728 fuerit
1018 2697 1130 2733 Delos,
1147 2702 1214 2727 arte
1231 2695 1290 2727 liae
1306 2695 1464 2728 castrandi
1480 2695 1582 2736 gallos

907 2746 1043 2778 reditum
1060 2744 1120 2776 sibi
1136 2744 1258 2776 fecerit.
