1830 3220
591 183 940 226 FASTORUM
971 184 1092 226 LIB.
1116 185 1199 228 IV.

1511 188 1596 230 195

192 296 371 344 Omnis
397 315 572 362 eques,
598 299 857 363 mixtaque
883 300 1045 363 gravis
1071 317 1185 348 cum
1210 302 1360 366 plebe
1386 309 1589 350 senatus

256 374 449 423 Obvius
475 377 537 424 ad
563 376 714 424 Tusci
741 377 956 424 fluminis
982 394 1068 425 ora
1093 379 1243 426 venit.

186 451 475 500 Procedunt
499 454 685 517 pariter
709 462 908 511 matres,
937 463 1186 519 nataeque,
1214 472 1499 520 nurusque;

252 529 480 594 Quaeque
505 532 678 579 colunt
703 540 903 579 sanctos
928 533 1212 596 virginitate
1236 534 1392 582 focos,

1489 538 1585 583 296

186 607 376 654 Sedula
399 608 517 656 fune
541 609 630 656 viri
656 617 892 657 contento
918 611 1123 658 brachia
1146 613 1363 660 lassant:

250 684 350 731 Vix
375 686 510 732 subit
535 686 769 734 adversas
795 687 995 751 hospita
1020 688 1157 735 navis
1183 705 1358 752 aquas.

184 760 333 809 Sicca
357 763 440 809 diu
467 764 615 810 tellus
639 763 823 813 fuerat:
864 765 973 812 sitis
1002 775 1198 814 usserat
1222 767 1404 815 herbas
1428 784 1437 814 ε

249 838 392 886 Sedit
416 840 594 888 limoso
619 857 793 904 pressa
818 843 987 890 carina
1010 844 1154 891 vado.

1486 848 1585 891 300

180 914 423 979 Quisquis
447 918 590 965 adest
610 919 765 982 operi,
787 919 900 982 plus
921 936 1073 983 quam
1093 937 1181 984 pro
1198 928 1339 985 parte
1358 922 1578 979 laborat;

245 992 466 1056 Adjuvat
491 1003 541 1042 et
565 994 716 1043 fortes
742 1012 864 1044 voce
890 1005 1100 1045 sonante
1126 1014 1320 1046 manus.

179 1069 272 1117 Illa
295 1071 431 1118 velut
456 1073 620 1119 medio
646 1073 840 1120 stabilis
866 1074 1009 1121 sedet
1033 1074 1197 1122 insula
1222 1084 1402 1139 ponto:

244 1149 457 1196 Attoniti
483 1158 705 1198 monstro
731 1158 969 1214 stantque
995 1161 1280 1216 paventque
1304 1153 1409 1200 viri.

177 1225 391 1274 Claudia
418 1227 607 1281 Quinta
631 1245 788 1290 genus
817 1229 1005 1276 Clauso
1031 1230 1278 1278 referebat
1300 1231 1362 1278 ab
1388 1231 1490 1278 alto
1508 1228 1529 1288 3'

243 1303 291 1349 N
296 1320 353 1351 ec
378 1303 531 1352 facies
556 1305 716 1369 impar
741 1306 1001 1354 nobilitate
1027 1306 1136 1354 fuit.

1481 1310 1579 1354 306

175 1380 331 1428 Casta
356 1381 590 1444 quidem3
621 1383 711 1430 sed
732 1399 830 1430 non
859 1390 910 1430 et
934 1383 1152 1431 credita:
1182 1400 1349 1430 rumor
1374 1384 1577 1448 iniquus

243 1457 477 1516 Laeserat,
505 1467 557 1507 et
581 1459 692 1507 falsi
717 1460 936 1508 criminis
964 1468 1075 1508 acta
1103 1477 1187 1509 rea
1212 1469 1305 1508 est.

170 1665 238 1698 rat;
267 1670 339 1690 nam
362 1661 521 1697 Valerius,
545 1672 626 1692 unus
651 1673 689 1692 ex
716 1662 839 1704 legatis,

170 1720 371 1751 praegressus,
392 1716 533 1742 actutum
555 1711 659 1742 Deam
684 1711 717 1742 in
743 1711 839 1742 Italia

168 1760 232 1790 fore
257 1759 467 1791 nuntiaverat.
515 1761 566 1796 Os,
589 1761 628 1792 de
652 1760 731 1791 ostio
753 1760 839 1792 fluvii

169 1818 232 1839 non
259 1807 373 1844 minus,
401 1819 494 1850 quam
522 1809 561 1840 de
592 1809 676 1840 fonte
706 1809 840 1848 dicitu1·;

172 1858 338 1899 Virgilius,
355 1858 472 1900 Georg.
487 1859 528 1890 iv.
544 1860 620 1890 292.

213 1908 288 1938 298.
312 1908 452 1948 Hospita,
473 1908 649 1951 peregrina.
694 1909 767 1939 Sitis
788 1920 836 1939 us-

168 1964 248 1988 serat
261 1958 388 1994 herbas;
413 1957 569 1988 marcidas
584 1957 708 1993 herbas,
723 1957 838 1999 quibus

170 2007 255 2038 succi
268 2006 397 2044 ademti,
411 2006 570 2038 describit.
586 2007 699 2049 Virgil.
717 2008 836 2049 Georg.

168 2056 189 2088 i.
206 2056 258 2087 77.
275 2058 340 2086 urit
356 2057 413 2087 lini
425 2067 562 2096 campum
577 2067 668 2098 seges,
686 2056 837 2088 exsiccat.

171 2106 278 2137 Pressa
307 2105 435 2147 navigia
464 2105 543 2136 alias
580 2111 653 2136 sunt
680 2106 837 2137 mercibus

169 2160 309 2191 onerata,
325 2159 361 2185 ut
377 2154 465 2196 Virg.
479 2154 597 2196 Georg.
615 2154 636 2184 i.
651 2156 735 2192 3033
751 2165 834 2186 nunc

167 2205 272 2246 potius
309 2204 459 2246 impressa
494 2203 579 2240 limo,
618 2203 769 2234 liaerentia
807 2204 839 2235 in

169 2253 266 2291 limo;
291 2253 335 2284 sic
353 2264 487 2293 pressum
510 2261 650 2285 aratrum
675 2253 765 2291 alibi,
781 2253 838 2284 im-

170 2313 320 2345 pressum>
374 2303 472 2337 Quum
491 2314 546 2343 pro
567 2310 675 2343 μανία
701 2302 767 2334 Liv.
787 2303 839 2334 vii.

171 2354 188 2383 7
204 2365 210 2382 ;
237 2356 256 2369 “
268 2352 339 2394 plus
359 2352 430 2388 sibi,
456 2363 551 2394 quarn
568 2364 623 2394 pro
639 2352 720 2383 virili
740 2359 838 2395 parte,

170 2402 375 2433 adnitendum
391 2402 541 2433 scirent.”
571 2402 651 2433 Vide
665 2403 780 2433 Bauer.
797 2402 837 2433 ad

168 2451 290 2494 praefat.
317 2461 349 2492 p.
377 2451 410 2481 2.
472 2451 653 2487 Monstrum,
684 2450 762 2482 mira
791 2461 837 2482 res

168 2500 301 2542 prodigii
319 2500 380 2530 vim
396 2499 526 2531 habens.

212 2550 288 2580 305.
313 2549 417 2579 Locus
432 2549 507 2580 satis
528 2555 664 2580 moratus
681 2548 832 2590 sequitur,

166 2598 314 2640 idemque
337 2598 461 2640 singula
485 2598 651 2639 diligenter
673 2599 832 2640 persequi-

166 2655 227 2680 tur.
261 2649 337 2678 Λιια
352 2653 406 2679 aut
422 2649 513 2679 Attus
531 2649 671 2684 Clausus,
690 2648 800 2689 quinto
816 2659 833 2679 a

167 2698 292 2739 regibus
306 2698 416 2739 ejectis
437 2708 530 2734 anno,
547 2697 674 2739 Regillo
695 2698 726 2728 in
744 2697 834 2728 Sabi-

169 2746 216 2776 nis
233 2746 366 2777 Romam
388 2746 542 2788 migravit,
560 2747 612 2778 ubi
631 2747 710 2778 inter
731 2753 834 2789 patres

906 1663 1008 1693 lectus
1024 1668 1091 1700 est3
1116 1667 1182 1693 tum
1200 1663 1297 1702 Appio
1319 1661 1450 1692 Claudio
1467 1661 1494 1691 ei
1515 1660 1575 1692 fuit

907 1721 1041 1750 nomen3
1065 1711 1185 1749 Livius,
1200 1711 1233 1742 ii.
1252 1712 1302 1742 16.
1325 1712 1393 1741 Atti
1409 1717 1440 1742 et
1456 1711 1577 1753 antiqui

906 1766 938 1791 et
953 1761 1072 1792 nobiles
1086 1761 1246 1792 dicuntur.
1295 1760 1470 1802 Referebat,
1487 1771 1576 1802 repe-

906 1811 1004 1841 tebat.
1051 1811 1127 1841 Erat
1156 1810 1252 1851 Appii
1283 1809 1369 1840 Caeci
1400 1810 1513 1852 neptis,
1544 1816 1578 1841 ut

907 1859 1000 1891 docet
1009 1859 1141 1890 Abram.
1154 1859 1194 1890 ad
1204 1858 1389 1890 Ciceronem
1402 1869 1455 1901 pro
1466 1858 1576 1896 Caelio,

911 1910 959 1939 14.
1005 1908 1103 1949 Virgo
1126 1919 1143 1939 e
1167 1908 1347 1939 Clausorum
1368 1915 1462 1949 gente
1480 1907 1575 1940 etiam

905 1957 987 1988 infra
1002 1969 1032 1989 v.
1049 1959 1121 1989 155.
1141 1957 1288 1988 occurrit.
1334 1957 1502 1988 Vocabula
1518 1968 1577 1997 par

905 2012 936 2037 et
962 2009 1059 2043 impar
1082 2005 1177 2037 etiam
1200 2006 1339 2037 ablativo
1360 2006 1463 2048 jungi,
1484 2006 1576 2038 docet

906 2057 1117 2087 Burmannus.
1150 2056 1231 2093 Quae
1248 2056 1287 2086 de
1306 2056 1440 2087 Claudia
1456 2056 1575 2090 Quinta

906 2105 957 2136 hic
974 2111 1149 2141 narrantur,
1165 2115 1203 2136 ea
1218 2110 1250 2136 et
1271 2104 1390 2142 Livius,
1406 2104 1492 2136 dicto
1508 2106 1576 2138 loco

906 2154 1052 2195 attingit:
1092 2155 1286 2185 “Matronae
1316 2154 1468 2195 primores
1499 2155 1576 2186 civi-

908 2203 993 2239 tatis,
1011 2203 1091 2234 inter
1107 2213 1186 2244 quas
1201 2202 1294 2234 unius
1311 2202 1456 2234 Claudiae
1472 2204 1574 2240 Quin-

908 2260 947 2285 tae
971 2253 1091 2296 insigne
1115 2259 1163 2285 est
1187 2264 1310 2290 nomen,
1335 2254 1459 2295 signum
1485 2264 1576 2285 acce-

906 2313 1000 2344 pere:
1036 2302 1086 2333 cui
1111 2302 1221 2338 dubia,
1248 2308 1283 2333 ut
1311 2302 1455 2338 traditur,
1481 2308 1576 2334 antea

906 2353 1000 2388 fama,
1026 2351 1189 2383 ciariorem
1214 2351 1252 2382 ad
1275 2357 1414 2394 posteros
1438 2357 1501 2382 tam
1526 2363 1573 2383 re-

906 2401 1015 2442 ligioso
1040 2401 1210 2432 ministerio
1241 2401 1427 2443 pudicitiam
1463 2401 1575 2433 fecit.''

905 2451 1066 2483 Pudicitia
1081 2452 1148 2493 ejus
1169 2451 1264 2482 etiam
1285 2462 1303 2482 a
1320 2451 1422 2483 Cicer.
1437 2452 1574 2494 Harusp.

910 2503 959 2532 13.
978 2508 1179 2538 memoratur,
1195 2508 1226 2533 et
1244 2513 1262 2532 a
1279 2500 1437 2537 Suetonio,
1453 2501 1525 2532 Tib.
1543 2503 1574 2532 2.

905 2551 959 2582 ubi
978 2551 1080 2582 multa
1100 2552 1139 2583 de
1160 2552 1228 2593 ejus
1246 2557 1352 2592 gente.
1398 2550 1479 2581 Cum
1502 2561 1572 2592 sqq.

902 2601 1007 2632 confer
1029 2601 1152 2638 Silium,
1173 2600 1250 2632 xvii.
1270 2602 1323 2631 33.
1370 2600 1499 2631 Laeserat
1525 2600 1570 2630 sa-

903 2661 986 2681 mam
1033 2652 1112 2693 ejus,
1147 2650 1309 2681 infamiam
1355 2655 1572 2687 contraxerat3

904 2698 1062 2735 Horatius,
1081 2699 1108 2730 Ι.
1128 2700 1194 2730 Sat.
1210 2699 1253 2730 iv.
1272 2699 1312 2729 78
1328 2711 1334 2728 :
1366 2700 1470 2729 loedere
1489 2709 1569 2739 gau-

902 2749 963 2779 des.
989 2750 1050 2790 Agi
1067 2760 1157 2786 reum,
1175 2749 1328 2780 accusari.
