1830 3220
239 504 583 559 PUBLII
640 503 963 558 OVIDII
1019 503 1449 558 NASONIS

577 673 1112 736 PASTORUM

487 851 733 894 LIBER
780 851 1213 897 SECUNDUS.

714 1028 981 1062 m*-

138 1170 185 1233 J
190 1185 288 1234 AN
298 1185 385 1234 US
414 1187 570 1235 habet
597 1187 751 1237 finem
773 1205 782 1236 :
813 1204 929 1236 cum
951 1187 1172 1237 carmine
1194 1188 1378 1236 crescit
1396 1195 1448 1236 et
1472 1205 1558 1237 an-

208 1264 352 1313 Alter
377 1272 433 1313 ut
451 1265 568 1313 hinc
589 1267 794 1323 mensis,
824 1267 897 1315 sic
923 1268 1051 1315 liber
1077 1268 1205 1315 alter
1230 1274 1327 1315 eat.

1410 1269 1556 1331 [nus:

141 1343 293 1391 Nunc
319 1344 536 1408 primum
557 1345 699 1403 velis,
731 1345 892 1410 Elegi,
923 1345 1200 1410 majoribus
1224 1346 1336 1393 itis:

211 1421 486 1486 Exiguum,
509 1423 732 1480 memini,
761 1440 921 1489 nuper
947 1423 1099 1472 eratis
1123 1440 1269 1488 opus.

144 1499 298 1548 Certe
323 1516 418 1563 ego
437 1517 525 1548 vos
551 1501 705 1548 habui
731 1501 905 1550 faciles
933 1502 984 1549 in
1010 1518 1180 1550 amore
1206 1502 1478 1559 ministros,
1530 1506 1559 1551 5

211 1577 380 1634 Quum
406 1579 528 1626 lusit
552 1580 775 1628 numeris
800 1581 963 1646 prima
976 1582 1189 1645 juventa
1213 1581 1334 1628 suis.

144 1656 289 1705 Idem
316 1673 458 1705 sacra
483 1674 626 1714 cano,
655 1659 956 1724 signataque
982 1666 1213 1724 tempora
1238 1659 1435 1708 Fastis:

215 1734 407 1800 Ecquis
434 1736 498 1784 ad
523 1736 631 1784 haec
657 1736 794 1784 illinc
820 1738 1051 1786 crederet
1076 1753 1190 1785 esse
1214 1737 1381 1785 viam?

192 1895 309 1925 1-18,
326 1893 486 1935 Prajt'atw,
503 1904 566 1935 qua
578 1894 757 1936 argumenti
769 1896 816 1926 sui

144 1950 176 1975 et
200 1954 303 1986 operae
330 1943 520 1985 gravitatem
546 1945 761 1981 commendat,
786 1950 819 1976 et

146 1994 374 2028 Germanicum
411 1993 580 2036 propitium
610 1993 670 2025 sibi
700 1994 817 2026 reddit.

146 2043 193 2075 Ut
207 2043 262 2074 alii
277 2048 377 2086 poetae
394 2043 506 2084 lyram,
523 2042 568 2074 sic
586 2043 702 2074 Noster
725 2045 820 2086 elegos

145 2105 218 2125 suos
234 2093 416 2136 alloquitur.
454 2093 586 2124 Initium
603 2099 709 2125 autern
725 2093 820 2136 hujus

145 2143 230 2180 libri,
248 2143 274 2175 si
294 2153 366 2174 cum
387 2143 450 2174 fine
470 2143 638 2185 superioris
652 2143 819 2186 conjungi-

147 2200 209 2231 tur,
225 2194 434 2236 ταυτολογεῖ.
468 2194 546 2224 Mox
558 2194 696 2237 Neapoli
712 2193 821 2236 place-

147 2245 214 2281 bat,
240 2243 326 2286 quod
352 2242 497 2274 nonnulli
527 2244 709 2286 praeferunt,
736 2250 772 2274 ut
798 2246 822 2275 it

148 2296 266 2325 mensis.
305 2293 367 2324 Sed
391 2300 425 2324 ut
447 2296 471 2324 it
488 2293 646 2335 ingratum
663 2293 760 2325 efficit
774 2305 822 2325 so-

149 2354 236 2381 num,
263 2350 359 2386 atque
388 2347 410 2375 it
433 2343 527 2375 facile
551 2349 654 2386 potest
676 2343 823 2386 intelligi.

150 2394 182 2426 It
198 2394 325 2431 mensis,
336 2394 412 2425 dum
429 2394 586 2433 decurrit3
602 2397 628 2425 it
642 2394 732 2431 liber,
749 2394 825 2425 dum

151 2444 363 2487 componitur.
414 2444 493 2476 Velis
518 2446 684 2485 majoribus
709 2446 764 2481 ire,
784 2443 826 2475 ad

151 2495 255 2537 majus
270 2494 459 2536 graviusque
479 2504 558 2536 opus
573 2493 826 2536 componendum

154 2544 308 2576 adhiberi.
350 2545 402 2575 De
418 2549 506 2586 tropo
523 2543 582 2575 hoc
599 2543 672 2575 vide
689 2544 730 2575 ad
744 2544 766 2574 i.
783 2545 825 2583 43

153 2595 215 2627 IV.
227 2595 323 2626 Pont.
335 2606 364 2625 v.
384 2595 410 2626 l.
427 2598 446 2611 “
459 2594 509 2625 Ite
520 2594 606 2625 leves
618 2594 700 2636 elegi
716 2594 826 2625 doctas

153 2644 195 2677 ad
216 2644 356 2676 consulis
380 2643 508 2675 aures.’'
546 2644 651 2675 Etiam
676 2644 734 2675 hoc
755 2643 825 2675 loco

155 2695 285 2738 quidam
307 2697 372 2733 ice5
396 2694 452 2726 sed
477 2694 610 2726 alterum
633 2694 747 2726 melius
765 2700 824 2731 est,

156 2745 239 2787 quod
257 2746 423 2777 observare
443 2744 549 2787 elegos
564 2745 669 2787 jubet,
685 2744 763 2786 quid
778 2744 825 2786 ip-

155 2795 198 2827 sis
213 2796 278 2827 fiat.
320 2796 472 2838 Exiguum
494 2807 578 2836 opus,
601 2806 665 2838 quo
686 2795 756 2826 leve
778 2804 825 2825 ar-

886 1900 1085 1937 gumentum,
1101 1904 1151 1924 res
1171 1892 1305 1929 ludicra,
1323 1899 1496 1934 tractatur3
1520 1895 1562 1927 vi.

885 1947 942 1976 22.
959 1946 1037 1975 modi
1053 1945 1167 1986 exigui.
1192 1943 1298 1974 Etiam
1315 1943 1478 1981 Horatius,
1490 1945 1562 1977 Art.

891 1995 984 2026 Poet.
1003 1995 1058 2025 77.
1076 1996 1198 2036 exiguos
1214 1994 1309 2036 elegos
1327 1999 1429 2025 vocat.

933 2047 963 2076 5.
990 2044 1121 2080 Faciles,
1141 2044 1367 2086 obsequentes,
1383 2055 1417 2076 se
1438 2055 1562 2077 accom-

890 2093 1055 2125 modantes
1069 2092 1147 2124 mihi
1162 2092 1195 2124 in
1211 2094 1371 2125 amoribus
1384 2096 1565 2127 cantandis.

891 2144 1013 2176 Ludere
1029 2143 1069 2175 de
1085 2143 1278 2175 carminibus
1291 2155 1353 2174 non
1368 2145 1478 2184 seriis;
1494 2147 1563 2177 Pli-

891 2194 973 2232 nius,
1004 2195 1101 2226 VIII.
1132 2194 1194 2236 Ep.
1223 2194 1288 2225 xxi.
1314 2195 1344 2225 2.
1372 2199 1392 2212 “
1409 2196 1566 2228 Graviora

890 2255 985 2286 opera
1022 2244 1146 2275 lusibus
1186 2243 1331 2286 jocisque
1368 2244 1565 2287 distinguo.''

894 2294 1037 2325 Numer-is
1053 2295 1125 2330 suis,
1139 2304 1213 2324 nam
1226 2293 1402 2325 amantium
1413 2294 1445 2325 in
1458 2295 1566 2337 primis

893 2354 977 2375 curae
993 2351 1025 2375 et
1041 2343 1180 2386 querelae
1194 2342 1439 2375 includebantur
1453 2345 1565 2387 elegis.

892 2393 1034 2436 Signata.
1058 2393 1142 2425 Vide
1158 2393 1180 2424 i.
1202 2394 1254 2424 ll.
1300 2394 1409 2430 Quum
1431 2394 1568 2436 quilibet

893 2443 971 2475 civis
999 2454 1128 2486 operam
1165 2453 1256 2474 suam
1285 2442 1409 2475 civitati
1438 2443 1567 2483 debeat,

893 2493 967 2526 inde
982 2493 1117 2525 effloruit
1134 2494 1302 2530 sententia,
1317 2493 1392 2525 Haec
1407 2506 1472 2526 mea
1484 2497 1566 2527 mili-

895 2546 940 2575 tia
963 2551 1016 2581 est,
1039 2550 1101 2575 etc.
1146 2544 1188 2575 Et
1211 2544 1323 2574 militia
1350 2544 1445 2576 latius
1469 2546 1565 2576 etiam

894 2594 934 2626 de
956 2594 1040 2626 omni
1065 2605 1202 2630 munere,
1224 2594 1258 2626 id
1280 2600 1339 2630 est,
1355 2594 1394 2626 de
1417 2605 1464 2631 eo,
1482 2595 1566 2637 quod

893 2644 964 2686 quis
992 2649 1140 2687 praestare
1168 2644 1275 2681 debet,
1305 2644 1431 2682 dicitur,
1462 2652 1496 2676 ut
1526 2645 1565 2676 de

893 2695 1024 2726 oratoris
1046 2694 1177 2726 forensis
1193 2695 1320 2733 labore;
1345 2694 1414 2726 Cic.
1430 2695 1516 2726 Mur.
1532 2697 1564 2726 9.

895 2745 1054 2776 “urbana
1088 2744 1202 2776 militia
1238 2743 1460 2787 respondendi,
1490 2745 1567 2777 scri-

895 2794 1003 2833 bendi,
1019 2794 1194 2827 cavendi.”
