1830 3220
649 166 812 217 NUX,
848 167 1104 211 ELEGIA.
1498 171 1584 213 471

172 280 226 328 Si
253 281 370 329 licet
394 282 508 338 hoc,
529 282 665 330 oleas
686 282 1000 347 distringite:
1038 284 1220 333 caedite
1246 302 1458 343 messes,
1493 288 1584 334 135

238 358 502 423 Improbe!
540 360 761 408 vicinum
787 377 955 426 carpe,
982 361 1158 419 viator,
1184 363 1312 411 olus.

168 434 332 484 Intret
355 444 407 485 et
431 438 650 485 urbanas
677 438 857 486 eadem
882 440 1165 503 petulantia
1189 447 1389 504 portas;

238 514 420 578 Sitque
446 515 546 562 tuis
572 515 744 572 muris,
774 515 1009 573 Romule,
1033 517 1161 580 juris
1188 518 1339 566 idem.

169 590 399 647 Quilibet
424 600 686 656 argentum
712 592 875 657 prima
899 594 963 641 de
988 593 1150 642 fronte
1176 595 1397 643 tabernae

236 668 431 728 Tollat;
474 677 526 717 et
551 671 615 718 ad
641 687 869 733 gemmas
896 671 1111 734 quilibet
1135 673 1262 721 alter
1287 681 1385 722 eat.
1492 677 1585 722 140

170 745 378 795 Auferat
402 747 483 794 hic
511 763 715 796 aurum:
757 749 1051 812 peregrinos
1077 750 1161 798 ille
1187 750 1415 815 lapillos;

236 823 305 872 Et
329 841 681 889 quascumque
708 833 877 890 potest
900 834 1125 891 tangere,
1153 830 1298 877 tollat
1322 846 1465 894 opes.

171 902 275 950 Sed
294 919 464 967 neque
479 904 753 952 tolluntur:
792 921 903 962 nec,
922 906 1043 953 dum
1064 907 1193 970 regit
1207 906 1377 955 omnia
1393 907 1582 965 Caesar,

240 979 532 1038 Incolumis,
561 989 703 1029 tanto
728 983 961 1046 praeside,
989 991 1158 1048 raptor
1182 986 1292 1033 erit.

169 1056 238 1105 At
263 1075 363 1106 non
388 1059 472 1107 ille
500 1059 642 1107 Deus
668 1075 847 1124 pacem
874 1061 1003 1109 intra
1028 1063 1213 1111 moenia
1235 1063 1373 1111 finit:
1493 1066 1586 1112 145

238 1135 501 1184 Auxilium
526 1143 633 1185 toto
660 1138 850 1202 spargit
872 1138 922 1185 in
947 1140 1066 1188 orbe
1093 1157 1257 1188 suum.

170 1212 306 1268 Quid
332 1221 503 1262 tamen
528 1215 624 1262 hoc
650 1215 873 1279 prodest,
902 1216 1070 1264 media
1095 1217 1135 1265 si
1161 1218 1292 1275 luce,
1315 1219 1586 1284 palamque

236 1290 504 1349 Verberor,
533 1299 585 1340 et
607 1298 731 1339 tutae
758 1309 857 1340 non
883 1293 1004 1341 licet
1029 1311 1143 1342 esse
1168 1295 1317 1343 mihi!

171 1368 305 1433 Ergo
331 1386 426 1418 nec
453 1369 598 1417 nidos
624 1369 755 1416 foliis
780 1369 986 1427 haerere,
1014 1388 1107 1420 nec
1134 1373 1289 1421 ullam

239 1447 461 1495 Sedibus
488 1448 537 1494 in
563 1448 751 1495 nostris
778 1455 911 1496 stare
936 1450 1118 1498 videtis
1145 1467 1304 1500 avem.
1495 1455 1589 1501 150

169 1523 240 1572 At
264 1525 411 1589 lapis,
439 1525 489 1572 in
516 1541 654 1573 ramo
680 1524 813 1573 sedit
839 1527 1153 1592 quicumque
1178 1528 1389 1585 bifurco,

239 1601 443 1660 Haeret;
485 1609 552 1660 et,
581 1610 638 1650 ut
662 1611 814 1667 capta
837 1604 998 1652 victor
1023 1606 1073 1653 in
1101 1623 1232 1662 arce,
1260 1615 1449 1656 manet.

172 1680 359 1729 Cetera
384 1697 520 1745 saepe
545 1688 715 1729 tamen
740 1688 951 1746 potuere
979 1684 1201 1733 admissa
1226 1687 1415 1749 negari,

240 1758 308 1806 Et
332 1759 522 1808 crimen
549 1776 651 1806 nox
678 1766 757 1807 est
781 1760 1003 1809 inficiata
1028 1779 1191 1810 suum.

172 1836 362 1885 Nostra
387 1844 528 1886 notat
550 1837 694 1885 fusco
720 1838 906 1901 digitos
933 1840 1115 1904 injuria
1140 1858 1309 1898 succo,
1497 1845 1589 1891 155

241 1914 447 1964 Cortice
472 1922 734 1964 contactas
761 1916 1015 1966 inficiente
1041 1935 1238 1967 manus.

173 2111 286 2141 Amor.
301 2121 334 2141 v.
352 2113 389 2142 5:
416 2114 436 2127 “
454 2109 535 2147 Quis
556 2110 625 2146 tibi,
651 2121 734 2141 saeve
759 2121 849 2153 puer,
918 2117 938 2129 “
958 2136 965 2143 .
979 2137 987 2144 .
1000 2136 1007 2144 .
1025 2113 1125 2145 Simul
1143 2124 1217 2145 ense
1235 2115 1369 2152 recluso,
1383 2116 1457 2147 Ibat
1477 2116 1510 2147 in
1526 2117 1591 2148 Eu-

173 2159 262 2192 dedit
278 2161 331 2191 hoc
354 2161 387 2191 iu
409 2160 550 2191 carmina
566 2159 646 2202 juris
656 2160 690 2190 T’
737 2160 777 2191 Id
792 2167 850 2198 est,
918 2163 1077 2204 ryalum.''
1126 2164 1274 2204 Lapillos,
1290 2165 1432 2197 uniones.
1462 2165 1556 2197 Cxor.

172 2210 232 2241 hoc
244 2210 309 2252 jus,
323 2209 406 2241 hanc
421 2209 619 2241 facultatem.
965 2207 1037 2237 144·
1067 2207 1219 2249 Raptor]
1260 2209 1383 2240 Recte:
1424 2210 1515 2251 quasi
1544 2210 1594 2241 fur

220 2260 294 2291 138.
317 2259 422 2301 Sitque
438 2261 499 2290 tuis
514 2262 621 2296 muris,
637 2260 717 2301 etc.]
746 2260 850 2298 Nove,
918 2256 1118 2288 manifestus.
1144 2257 1240 2289 C10F.

174 2309 279 2352 inquit
308 2310 471 2346 Erasmus,
501 2312 562 2340 tuis
592 2312 699 2346 orturis,
730 2321 786 2352 pro
818 2312 849 2341 in
965 2307 1038 2337 149.
1064 2307 1217 2349 Ergonec
1232 2308 1424 2348 vidos,etc.]
1451 2309 1502 2339 Ne
1516 2309 1594 2350 quid

175 2366 242 2391 tuos
270 2370 383 2390 muros.
420 2360 548 2391 Moenia
574 2365 648 2391 sunt
676 2359 851 2399 inviolata;
919 2356 1079 2387 omitteret
1094 2362 1361 2398 argumentorum,
1377 2356 1451 2387 hinc
1467 2367 1594 2398 quoque

175 2419 250 2440 nam
285 2408 444 2440 Romulus
481 2409 521 2440 ob
553 2408 682 2445 violata,
712 2409 852 2440 Remum
921 2404 1044 2447 colligit
1067 2406 1302 2448 improbitatem
1320 2406 1487 2442 viatorum,
1508 2406 1593 2448 quod

175 2459 304 2490 fratrem
329 2458 458 2490 occidit.
506 2458 560 2489 Ad
583 2458 616 2489 id
640 2458 759 2489 adlusit
780 2469 853 2501 poe·
921 2457 961 2487 ob
987 2455 1178 2488 densitatem
1206 2467 1363 2493 saxorum,
1396 2456 1492 2487 nullae
1518 2467 1593 2488 aves

175 2515 229 2548 ta3
253 2519 312 2539 nec
327 2508 430 2550 gratia
445 2514 531 2539 caret
547 2508 748 2550 apostrophe.
923 2505 1105 2537 nidulentur
1124 2506 1157 2537 in
1180 2506 1276 2537 ramis
1295 2506 1411 2548 ipsius:
1439 2505 1524 2547 quod
1544 2511 1592 2537 ta-

227 2560 299 2589 140.
332 2558 374 2589 Et
399 2559 439 2588 ad
464 2569 595 2600 gemmas
621 2559 746 2598 quilibet
775 2559 856 2588 alter
924 2566 997 2586 men
1020 2556 1164 2587 accidere
1185 2556 1379 2598 probabilius
1400 2561 1458 2592 est,
1475 2556 1515 2586 ob
1534 2566 1591 2587 na-

176 2608 254 2649 eat.]
282 2607 412 2638 Adnota
427 2607 478 2638 hic
499 2609 563 2638 vim
579 2608 666 2638 verbi
684 2610 740 2639 ire.
786 2608 853 2638 Do-
922 2604 1020 2636 tivam
1043 2605 1285 2636 amaritudinem
1308 2604 1453 2636 foliorum
1474 2611 1506 2635 et
1525 2616 1593 2637 cor-

176 2664 271 2689 natus
294 2658 327 2689 in
346 2658 473 2689 Terent.
494 2658 580 2689 And.
608 2658 684 2689 Aet.
705 2658 727 2689 i.
748 2668 793 2689 sc.
813 2669 850 2688 v:
924 2656 1007 2693 ticis,
1022 2667 1215 2698 gravemque
1231 2656 1383 2687 nidorem.
1407 2657 1541 2688 EnAsM.

180 2708 254 2739 Itur
273 2710 313 2739 ad
336 2719 392 2745 me,
414 2709 499 2749 quasi
520 2711 560 2739 ad
581 2709 701 2739 hostem.
746 2707 855 2740 Plaut.
971 2707 1045 2738 153.
1073 2707 1181 2738 Cetera
1195 2718 1270 2747 δωρεῇ
1283 2713 1384 2737 tamen
1397 2713 1522 2747 potuere
1536 2709 1594 2738 ad-

179 2757 212 2789 in
229 2757 348 2789 Pseud.
390 2757 460 2789 Itur
475 2760 582 2789 adme.
608 2757 696 2799 Virg.
708 2758 752 2789 ix.
768 2758 853 2788 423:
923 2758 1011 2788 missa
1031 2759 1150 2798 negari,
1174 2756 1252 2797 etc.]
1280 2757 1328 2788 Ea
1350 2756 1429 2788 dicit
1449 2756 1593 2793 crimina,
