1830 3220
237 204 265 244 4
626 198 677 240 Ρ.
713 196 930 240 OVIDII
962 197 1248 241 NASONIS

242 317 297 366 Si
322 317 455 372 licet,
483 322 535 364 et
559 314 632 362 fas
659 321 752 371 est,
779 320 921 362 vates
941 330 1060 377 rege
1083 314 1211 362 vatis
1236 314 1492 363 habenas:

307 394 529 458 Auspice
554 400 604 440 te
630 391 751 439 felix
776 398 913 439 totus
939 399 994 439 ut
1019 408 1179 440 annus
1206 399 1305 440 eat.

240 471 520 519 TEMPORA
549 470 800 533 digereret
815 486 972 533 quum
988 471 1217 518 conditor
1231 470 1386 527 urbis,
1404 470 1454 517 in
1480 485 1612 517 anno

312 547 588 596 Constituit
612 563 811 595 menses
838 547 1064 611 quinque
1089 548 1167 595 bis
1193 564 1306 595 esse
1332 564 1442 596 suc.

245 626 453 674 Scilicet
477 642 614 673 arma
638 625 814 688 magis,
833 641 986 689 quam
1011 626 1191 683 sidera,
1211 626 1445 684 Romule,
1468 642 1614 674 noras
1634 642 1645 675 ι

311 703 547 767 Curaque
571 703 807 750 finitimos
831 702 1032 752 vincere
1058 705 1215 768 major
1239 711 1363 751 erat.

1582 706 1648 750 30

244 780 340 829 Est
365 788 535 828 tamen
560 787 611 828 et
635 779 776 837 ratio,
807 779 997 837 Caesar,
1026 797 1141 845 quae
1167 782 1377 829 moverit
1402 781 1541 828 illum
1564 798 1574 829 :

311 858 647 922 Erroremque
674 874 821 906 suum
847 875 948 922 quo
977 865 1188 912 tueatur,
1216 859 1385 908 habet.

239 992 317 1024 lium
340 992 517 1035 implorare.
568 993 654 1024 Vates
671 995 765 1030 vatis5
794 993 854 1024 IV.
870 1003 909 1024 ex

240 1043 352 1079 Ponto,
370 1042 434 1074 viii.
449 1044 502 1074 67.
520 1042 560 1074 ad
579 1042 715 1074 eundem
739 1043 907 1074 Germani-

241 1103 325 1128 cum,
345 1097 364 1109 “
382 1093 455 1123 Non
478 1098 566 1135 potes
585 1092 722 1123 officium
738 1091 819 1123 vatis
834 1102 908 1123 con-

241 1147 380 1173 temnere
408 1142 528 1173 vates.'’
575 1142 659 1173 Fan
691 1149 779 1178 totus,
796 1148 857 1173 etc.
874 1147 910 1173 ut

242 1192 324 1223 bona
349 1192 442 1223 totius
462 1192 535 1223 anni
557 1191 727 1234 descriptio
742 1192 820 1222 mihi
835 1203 908 1223 con-

243 1241 354 1283 tingat.
380 1242 442 1273 Sed
457 1242 496 1273 de
513 1241 648 1272 lectione
663 1244 783 1282 auspice
803 1249 830 1272 te
845 1242 910 1273 dis-

243 1298 382 1333 putatur.
413 1292 577 1323 Bentleius
593 1292 676 1322 enim
693 1292 732 1322 ad
750 1292 827 1322 illud
845 1293 910 1323 Ho-

243 1340 324 1377 ratii,
340 1342 361 1372 i.
377 1341 441 1372 Od.
458 1342 490 1372 7.
506 1347 529 1358 “
547 1343 667 1381 auspice
686 1342 820 1372 Teum-W
837 1352 910 1373 con-

242 1391 356 1427 tendit,
369 1395 518 1432 auspicem
532 1403 592 1422 non
607 1392 666 1422 nisi
682 1393 804 1434 proprio
819 1403 911 1424 sensu

242 1441 282 1472 de
309 1441 434 1473 homine
460 1441 534 1478 dici,
550 1442 765 1484 metaphorico
790 1453 913 1484 semper

245 1491 284 1521 de
309 1492 379 1522 Deo
403 1502 576 1528 occurrere,
600 1498 635 1523 ut
659 1495 780 1532 auspice
806 1493 909 1529 Musa,

244 1544 363 1581 auspice
380 1542 456 1572 Deo.
502 1543 616 1583 Itaque
632 1542 689 1573 hoc
706 1542 774 1573 loco
790 1544 913 1584 praefert

243 1590 417 1622 editionum
426 1596 619 1622 vetustarum
632 1597 664 1623 et
675 1592 818 1623 codicum
833 1604 911 1634 quo-

244 1640 387 1671 rumdam
402 1641 569 1672 lectionem
584 1643 815 1683 auspicinselir.
853 1643 909 1674 Ni-

244 1690 289 1721 hil
322 1690 432 1721 definit
460 1691 672 1723 Burmannus.
726 1692 809 1722 Mihi
842 1703 912 1724 vero

243 1746 407 1782 argutatus
418 1751 485 1772 esse
500 1741 665 1773 Bentleius
676 1741 808 1774 videtur.
850 1743 913 1775 Sed

245 1790 271 1820 si
286 1790 336 1821 vel
357 1790 494 1822 maxime
514 1790 727 1822 observationi
745 1791 812 1833 ejus
833 1792 912 1823 ratio

243 1846 411 1877 constaret,
428 1851 489 1871 non
504 1846 621 1872 temere
645 1848 750 1872 tamen
765 1844 915 1882 auspicem

245 1890 361 1920 Noster
387 1889 588 1932 appellasset,
616 1901 723 1932 quem,
751 1897 913 1933 tamquam

245 1939 363 1974 Deum,
382 1945 524 1978 pacatum
547 1938 606 1969 sibi
632 1950 699 1970 esse
723 1947 754 1971 et
778 1951 915 1971 annuere

245 1987 407 2019 voluisset.
452 1988 548 2029 Regii
573 1988 698 2020 codices
721 1989 816 2020 nostri
837 1989 866 2020 A
883 1995 916 2021 et

248 2038 276 2067 B
291 2036 410 2068 habent
425 2038 655 2079 Auspicio-seht
670 2050 681 2076 ,-
706 2044 737 2069 et
753 2038 786 2069 in
803 2039 914 2071 codice

249 2086 287 2123 C,
301 2086 402 2128 prima
415 2088 568 2128 scriptura
583 2098 684 2124 erasa,
700 2087 816 2129 legitur
832 2099 850 2118 a
865 2100 913 2120 se—

246 2136 353 2167 cunda
367 2146 461 2167 manu
478 2137 606 2176 Auspice
623 2137 736 2178 eefelza
751 2150 762 2174 ,·
787 2149 846 2170 non
867 2138 914 2170 in-

246 2192 367 2227 gratam
401 2186 511 2228 judico
544 2187 808 2219 emendationem.
854 2189 916 2219 Ln-

249 2246 372 2266 smnus.

291 2285 345 2315 27.
370 2283 431 2315 IIic
450 2285 537 2315 locus
555 2286 764 2317 conferendus
779 2292 827 2317 est
843 2298 914 2318 cum

247 2333 426 2370 Macrobio,
449 2335 515 2365 Sat.
544 2335 564 2364 i.
591 2336 642 2366 12.
669 2341 700 2366 et
725 2335 798 2367 inde
824 2335 913 2368 illus-

249 2382 393 2413 trandus.
430 2384 461 2413 Is
478 2383 583 2419 tradit,
597 2384 681 2426 apud
698 2384 780 2415 solos
791 2386 915 2427 AEgyp-

249 2433 307 2463 tios
332 2438 453 2463 certum
479 2444 601 2475 semper
624 2433 720 2465 fuisse
746 2434 820 2465 anni
849 2446 913 2465 mo-

247 2481 334 2517 dum,
359 2482 443 2523 apud
468 2489 597 2513 eaeteras
621 2490 731 2524 gentes
757 2482 913 2525 disparem

247 2530 402 2561 mensium
426 2541 600 2567 numerum,
622 2532 768 2564 Arcadas
790 2533 914 2564 nonnisi

249 2584 312 2611 tres
328 2586 539 2621 computasse,
558 2581 743 2613 Acarnanas
759 2593 825 2614 sex.
862 2583 914 2614 Sic

247 2634 278 2660 et
295 2629 485 2660 Plutarchus
504 2629 536 2661 in
552 2631 670 2667 Numa,
691 2641 760 2673 cap.
780 2633 830 2663 18.
875 2633 914 2664 In

247 2677 308 2709 hac
329 2678 423 2720 igitur
439 2679 589 2711 varietate
611 2691 673 2711 uon
689 2680 800 2712 mirum
817 2681 913 2712 videri

248 2726 354 2763 debet,
381 2728 542 2759 Romanos
567 2740 693 2771 quoque
714 2729 788 2760 olim
812 2741 911 2765 sumn,

247 2774 306 2808 sibi
321 2777 490 2820 propri-um,
508 2788 625 2810 annum
648 2778 809 2816 habuisse,
826 2790 912 2817 eum-

979 1004 1040 1035 que
1056 995 1187 1035 quinque
1206 994 1247 1025 bis
1267 997 1391 1024 tantum
1414 992 1580 1030 mensium,
1597 1003 1648 1024 as-

978 1050 1116 1075 sumtum
1152 1043 1243 1075 illum
1270 1043 1348 1074 forte
1385 1043 1426 1074 ab
1453 1042 1515 1074 alio
1542 1043 1645 1074 Italiae

978 1094 1106 1136 populo,
1126 1093 1213 1124 haud
1239 1093 1334 1125 dubie
1358 1092 1496 1130 Albano,
1519 1093 1559 1124 de
1584 1104 1648 1136 quo

979 1144 1183 1179 Censorinus,
1211 1144 1264 1174 20.
1316 1143 1379 1175 Sed
1405 1143 1482 1185 quia
1507 1142 1574 1174 haec
1600 1143 1648 1174 di-

978 1194 1077 1235 gestio
1106 1201 1225 1225 naturae
1264 1193 1458 1230 adversatur,
1482 1199 1649 1236 propterea

978 1244 1036 1280 illi,
1053 1250 1198 1275 monente
1226 1244 1411 1279 Plutarcho,
1437 1243 1570 1286 ἀλόγως
1592 1244 1647 1286 ἐχ-

978 1297 1084 1336 ρῶντο
1102 1296 1170 1331 τοῖς
1186 1294 1265 1335 μησὶ
1282 1294 1335 1325 καὶ
1349 1292 1515 1331 α’τάκτως.
1563 1294 1648 1325 Hinc

980 1350 1010 1375 et
1025 1344 1151 1380 Noster,
1163 1343 1307 1385 jucunda
1323 1343 1522 1385 apostropha,
1534 1345 1649 1376 scilicet

980 1405 1076 1429 arma,
1092 1399 1155 1425 ete.
1173 1399 1204 1424 et
1220 1393 1414 1430 Macrobius,
1429 1393 1497 1424 Sat.
1510 1393 1531 1424 i.
1550 1395 1602 1425 15.
1620 1393 1649 1425 ei

981 1448 1000 1461 ‘⁴
1018 1443 1178 1485 ingenium
1195 1453 1265 1474 acre
1281 1442 1422 1484 quidem,
1434 1442 1489 1474 sed
1505 1443 1650 1485 agreste‘'

981 1493 1103 1525 tribuit.
1139 1492 1297 1524 Caeterum
1313 1503 1385 1523 curn
1401 1491 1472 1523 loco
1487 1503 1556 1535 seq.
1573 1503 1647 1524 con-

981 1543 1027 1573 fer
1041 1542 1087 1573 iii.
1104 1543 1146 1573 99
1162 1553 1232 1584 sqq.
1247 1541 1302 1572 ubi
1321 1541 1390 1572 haec
1408 1541 1521 1573 eadem
1541 1542 1649 1585 copio-

980 1592 1045 1623 sius
1061 1597 1249 1622 tractantur.
1288 1592 1339 1622 De
1355 1590 1529 1632 digestione
1544 1598 1651 1623 autem

981 1641 1055 1672 anni
1085 1641 1222 1672 Romani
1246 1640 1318 1671 inde
1347 1651 1366 1671 a
1388 1640 1528 1671 Romulo
1556 1641 1650 1673 docte

980 1690 1122 1733 disputat
1150 1690 1256 1721 Ideler
1292 1689 1325 1720 in
1353 1689 1434 1721 libro
1464 1690 1650 1723 Historische

986 1740 1263 1781 Untersuclmngen
1282 1740 1354 1770 aber
1373 1741 1422 1771 die
1442 1746 1558 1772 astron.
1572 1740 1649 1772 Beo-

981 1791 1080 1821 hacht.
1094 1792 1150 1821 der
1164 1791 1267 1826 Alcen,
1283 1801 1314 1832 p.
1324 1791 1388 1821 343
1404 1800 1474 1832 sqq.

1025 1841 1081 1871 32.
1107 1840 1167 1870 Pro
1193 1840 1279 1871 habet
1302 1838 1435 1870 Heinsio
1460 1838 1553 1870 unius
1575 1841 1648 1871 Me-

982 1889 1064 1921 dicei
1079 1889 1174 1920 lectio
1194 1889 1310 1931 placet,
1327 1890 1410 1925 habe,
1427 1888 1538 1930 accipe
1553 1900 1570 1920 a
1587 1899 1650 1926 me,

983 1940 1101 1971 Caesar.
1146 1940 1185 1970 In
1207 1945 1296 1970 utero
1311 1938 1420 1969 matris
1433 1937 1538 1969 infans
1552 1940 1651 1970 decem

982 2000 1106 2020 menses
1124 1995 1242 2025 manet,
1264 1989 1289 2018 si
1312 1988 1438 2019 lunares
1457 1998 1580 2019 menses
1602 1988 1650 2020 in-

983 2038 1119 2080 telligas.
1164 2039 1279 2080 Itaque
1306 2037 1362 2068 ille
1387 2048 1537 2069 numerus
1566 2049 1651 2081 saepe

983 2088 1028 2119 sic
1044 2089 1128 2131 apud
1144 2089 1275 2119 Veteres
1289 2087 1439 2126 occurrit,
1459 2088 1650 2130 Menander,

983 2139 1074 2177 Γυνὴ
1101 2139 1169 2169 κυεῖ
1192 2136 1383 2179 δεκάμηνος.
1420 2138 1521 2168 Erant
1546 2148 1649 2179 gram—

984 2187 1104 2223 matici,
1128 2186 1183 2229 qui
1207 2197 1245 2217 ex
1270 2187 1417 2223 Homero,
1438 2186 1503 2217 Od.
1522 2190 1561 2218 A.
1576 2188 1652 2219 247.

984 2235 1230 2278 περιπλομένου
1254 2234 1278 2266 δ’
1294 2235 1446 2267 ἐνιαυτοῦ
1469 2234 1567 2274 τέξεις
1588 2235 1652 2279 dy·

982 2286 1049 2316 λαιὶ
1085 2285 1184 2318 τέκνα
1221 2285 1334 2317 docere
1365 2286 1523 2323 volebant,
1553 2287 1651 2318 etiam

982 2335 1112 2367 Homeri
1130 2340 1223 2367 aetate
1239 2346 1356 2366 annum
1372 2335 1518 2367 habuisse
1539 2335 1652 2367 decem

983 2395 1119 2416 menses.
1165 2385 1291 2417 Gellius
1319 2385 1416 2416 Noct.
1442 2385 1514 2417 Att.
1535 2385 1582 2417 iii.
1602 2387 1652 2418 16.

984 2433 1046 2464 Per
1072 2437 1194 2465 tolidem
1222 2445 1343 2471 menses,
1373 2439 1437 2466 etc.
1467 2435 1575 2467 confer
1603 2436 1651 2468 iii.

987 2484 1060 2514 133.
1088 2490 1120 2514 et
1148 2484 1220 2515 Cic.
1251 2484 1381 2516 Cluent.
1412 2485 1464 2515 12.
1520 2485 1559 2516 Id
1591 2485 1651 2517 fuit

982 2533 1067 2565 haud
1092 2534 1187 2565 dubie
1212 2545 1250 2566 ex
1280 2534 1424 2565 instituto
1453 2534 1595 2572 Romuli,
1619 2542 1652 2567 et

982 2583 1066 2619 inde,
1083 2583 1167 2625 quod
1191 2595 1292 2615 annus
1313 2583 1422 2614 decem
1447 2594 1570 2614 menses
1593 2584 1649 2615 ha-

981 2632 1088 2668 bebat,
1103 2633 1187 2664 unde
1208 2639 1240 2664 et
1260 2633 1365 2664 luctus
1384 2631 1440 2664 ille
1457 2644 1580 2664 annuus
1595 2644 1649 2664 vo-

981 2688 1071 2715 catur
1090 2693 1108 2713 a
1129 2683 1261 2719 Seneca,
1278 2682 1337 2724 Ep.
1352 2682 1406 2713 63.
1449 2682 1557 2713 Numa
1580 2683 1649 2713 luc-

983 2732 1028 2762 tui
1049 2732 1135 2765 varia
1159 2739 1298 2774 tempora
1322 2731 1502 2769 constituit3
1525 2731 1648 2766 decimo

982 2791 1087 2813 mense
1108 2781 1323 2824 longissimum
1343 2781 1401 2813 fuit
1419 2780 1619 2819 terminatum
1636 2793 1645 2820 3
