1830 3220
530 199 878 243 FASTORUM
914 202 1036 243 LIB.
1070 204 1129 246 ΙΙ.
1477 208 1534 247 75

123 313 311 362 Nullus
335 316 605 364 anhelabat
629 318 722 365 sub
748 317 945 365 adunco
972 334 1169 366 vomere
1195 326 1388 368 taurus:
1429 324 1526 369 295

191 390 348 440 Nulla
373 394 467 441 sub
492 394 701 458 imperio
726 401 860 442 terra
883 395 1098 442 colentis
1125 404 1257 444 erat:

123 466 307 516 Nullus
329 470 493 518 adhuc
520 477 627 518 erat
650 488 771 518 usus
797 472 944 534 equi3
987 488 1040 519 se
1067 473 1286 537 quisque
1303 472 1524 522 ferebat:

192 544 307 593 Ibat
331 547 436 594 ovis
462 548 577 595 lana
600 564 783 611 corpus
809 548 992 595 amicta
1017 565 1134 596 sua:

126 620 233 668 Sub
259 622 383 672 Jove
409 625 675 682 durabant,
703 632 755 673 et
778 642 988 690 corpora
1012 627 1147 674 nuda
1172 629 1430 690 gerebant,

194 700 361 749 Docta
383 719 560 765 graves
585 703 769 751 imbres
796 711 847 751 et
871 704 1083 751 tolerare
1110 704 1289 752 Notos.

1436 708 1535 752 300

126 776 173 823 N
179 794 276 825 unc
296 795 501 843 quoque
526 780 714 828 detecti
740 780 962 828 referunt
986 790 1311 830 monumenta
1334 783 1519 831 vetusti

190 854 365 912 Moris,
394 864 445 904 et
469 857 704 920 antiquas
730 857 1068 905 testificantur
1093 875 1232 922 opes.

123 931 227 979 Sed
252 949 341 981 cur
359 935 612 999 praecipue
635 934 793 998 fugiat
816 935 1065 983 velamina
1090 936 1309 993 Faunus,

190 1010 424 1059 Traditur
448 1013 641 1076 antiqui
665 1012 835 1060 fabula
859 1014 1010 1076 plena
1028 1014 1147 1076 joci.

128 1088 277 1136 Forte
303 1106 473 1139 comes
499 1090 714 1137 dominae
734 1090 936 1153 juvenis
956 1090 1251 1154 Tirynthius
1277 1091 1412 1140 ibat:
1439 1095 1535 1140 305

192 1166 335 1214 Vidit
358 1169 420 1215 ab
447 1169 651 1215 excelso
679 1167 882 1215 Faunus
907 1175 1179 1232 utrumque
1198 1169 1341 1231 jugo.

125 1244 282 1300 Vidit,
310 1252 362 1292 et
384 1245 607 1301 incaluit,
638 1244 987 1308 Montanaque
1014 1246 1237 1301 numina,
1265 1246 1411 1303 dixit,

196 1321 284 1368 Nil
310 1322 431 1369 mihi
455 1322 715 1370 vobiscum
742 1329 847 1371 est:
888 1323 997 1369 haec
1023 1338 1167 1370 meus
1193 1323 1339 1370 ardor
1364 1323 1473 1371 erit.

128 1397 244 1447 Ibat
268 1399 490 1447 odoratis
516 1401 752 1448 humeros
778 1399 981 1464 perfusa
1005 1400 1202 1464 capillis

200 1475 429 1534 Maeonis,
458 1484 630 1525 aurato
656 1477 1017 1542 conspicienda
1041 1478 1168 1526 sinu.

176 1667 252 1698 295.
303 1667 487 1702 Anhelabat‚
528 1665 797 1707 quemadmodum

126 1715 292 1757 Virgilius,
309 1715 426 1756 Georg.
441 1715 462 1746 i.
479 1716 530 1746 45.
577 1714 796 1756 Ingementem,

127 1766 274 1808 depresso
298 1770 401 1796 aratro
424 1771 550 1796 taurum
573 1764 650 1795 facit
663 1776 672 1803 ;
695 1775 799 1806 neque

127 1821 257 1851 temere,
274 1814 299 1845 si
322 1814 435 1845 durum
457 1813 562 1844 Italiae
588 1813 702 1850 solum,
719 1824 800 1844 nono

127 1864 256 1896 demum
293 1864 382 1895 sulco
419 1863 626 1898 domandum,
665 1863 798 1903 cogitas.

130 1914 297 1953 Imperare,
337 1918 372 1944 ut
409 1923 526 1955 cogere,
566 1911 606 1942 de
643 1911 800 1953 agricolis.

129 1964 216 1996 Vide
245 1964 464 1994 Burmannum
491 1961 532 1992 ad
561 1962 643 1992 Met.
673 1960 695 1991 i.
726 1961 801 1991 103.

130 2015 192 2046 Sub
215 2014 289 2044 Jove
312 2013 479 2048 durabant,
494 2011 552 2042 sub
576 2010 628 2041 dio
652 2009 803 2041 molestiis

130 2063 302 2096 tolerandis
330 2062 527 2104 perstabant.
574 2059 626 2091 Cf.
657 2059 700 2090 iv.
729 2060 804 2091 505.

134 2115 244 2150 Docta,
271 2111 465 2144 assuefacta.
516 2111 647 2146 Detecti,
671 2109 805 2140 ministri

131 2164 232 2196 Panis
259 2162 344 2193 nude
369 2167 541 2197 currentes,
563 2160 717 2202 referunt,
743 2165 805 2190 etc.

132 2218 259 2244 servant
274 2221 375 2242 mores
398 2209 557 2252 antiquos.
604 2209 704 2240 Iidem
723 2209 806 2239 testi-

122 2263 268 2304 ficantur
296 2263 439 2301 antiquas
466 2270 542 2298 opes,
574 2268 671 2299 quam
702 2257 807 2288 nullas

133 2322 210 2354 opes
225 2310 372 2342 habuerit
387 2308 575 2350 antiquitas.

178 2361 254 2392 303.
290 2359 398 2390 Tertia
422 2356 575 2388 nuditatis
597 2366 702 2387 causa.
748 2356 807 2386 Fa-

133 2410 225 2442 bulas
252 2411 319 2450 joci
349 2407 525 2450 petulantis
557 2409 664 2447 plenus
693 2406 810 2437 Noster

133 2459 231 2491 etiam
253 2458 287 2489 in
309 2458 367 2488 hoc
382 2467 477 2498 opere
494 2456 648 2487 ambabus
664 2455 809 2486 manibus

133 2509 276 2551 arripuit.
326 2507 476 2538 Hercules
506 2506 554 2537 vel
594 2506 633 2536 ob
664 2505 805 2547 Iphitum

134 2557 285 2594 occisum,
304 2557 354 2588 vel
367 2557 406 2587 ob
422 2555 576 2598 tripodem
593 2554 632 2585 de
648 2553 809 2596 Apollinis

136 2609 210 2639 fano
231 2607 402 2642 sublatum,
420 2616 439 2636 a
460 2605 619 2636 Mercurio
642 2603 808 2646 Omphalae

135 2658 252 2700 reginae
269 2657 301 2687 in
312 2654 500 2687 servitutem
517 2660 564 2685 est
578 2654 682 2684 datus.
728 2653 811 2683 Phe-

138 2707 245 2749 recyd.
270 2705 354 2748 apud
378 2704 484 2735 Schol.
508 2703 600 2733 Hom.
623 2702 663 2733 ad
687 2702 751 2734 Od.
773 2705 811 2733 Φ.

1442 1481 1540 1526 310

867 1668 930 1705 23;
956 1665 1076 1708 Hygin.
1092 1665 1157 1697 sab.
1177 1667 1231 1697 32.
1261 1666 1402 1702 Comites,
1420 1665 1542 1702 famuli,

867 1715 1002 1746 ministri
1017 1721 1052 1746 ut
1063 1727 1126 1747 ver.
1139 1716 1214 1746 333.
1226 1715 1280 1747 ubi
1298 1721 1405 1747 tamen
1421 1716 1544 1747 Hercu-

868 1766 914 1796 les
935 1765 975 1795 ab
997 1765 1035 1796 iis
1059 1764 1274 1806 distinguitur,
1292 1770 1324 1796 et
1339 1767 1467 1796 dominis
1488 1775 1543 1796 an-

868 1820 1065 1845 numeratur.
1112 1815 1215 1844 Ardor
1244 1814 1284 1845 de
1314 1824 1447 1856 persona
1473 1824 1543 1855 quae

870 1863 1013 1894 ardorem
1034 1863 1165 1899 excitat,
1190 1862 1255 1894 sive
1282 1868 1406 1894 amatur
1433 1863 1472 1893 ab
1497 1862 1544 1893 al-

870 1919 945 1943 tero.

915 1962 991 1992 310.
1032 1960 1171 1997 Maeom's,
1211 1960 1325 2003 Lydia.
1384 1960 1543 2003 Omphale

871 2011 954 2042 enim
992 2009 1104 2051 Lydiae
1147 2009 1271 2051 regina,
1309 2009 1412 2040 Tmoli
1451 2020 1542 2041 uxor.

873 2060 908 2091 H
911 2070 1023 2091 umeros
1041 2059 1181 2101 perfusa,
1197 2070 1293 2101 quum
1315 2070 1414 2090 comae
1437 2058 1545 2090 annuli

872 2111 905 2141 in
922 2109 1059 2141 humeris
1074 2109 1278 2140 fluctuarent.
1320 2108 1450 2151 Apulei.
1465 2108 1548 2140 Met.

874 2158 906 2190 ii.
923 2163 944 2176 “
958 2159 1071 2190 Crines
1085 2158 1209 2189 cervice
1231 2158 1416 2200 dependuli,
1432 2168 1469 2189 ac
1490 2157 1546 2188 de-

876 2208 950 2240 inde
979 2219 1034 2250 per
1064 2208 1147 2239 colla
1170 2207 1355 2249 dispositi.''
1404 2207 1548 2238 odorati.

877 2258 995 2300 Capilli
1014 2257 1173 2288 interdum
1194 2263 1293 2288 totam
1308 2256 1462 2287 Arabiam
1484 2257 1548 2298 spi-

876 2308 1001 2338 rabant.
1046 2305 1216 2342 Lucianus,
1233 2306 1310 2336 Am.
1328 2316 1353 2336 s.
1370 2306 1423 2337 40.
1462 2305 1550 2336 Culti

878 2356 986 2399 capilli
1011 2361 1042 2386 et
1064 2358 1148 2386 sinus
1167 2355 1264 2386 vestis
1284 2356 1333 2386 vel
1357 2354 1485 2391 effusus,
1500 2354 1551 2385 vel

878 2415 1063 2448 purpureus,
1079 2404 1130 2435 vel
1154 2410 1296 2441 auratus,
1312 2403 1344 2434 in
1367 2403 1475 2446 primis
1494 2413 1546 2434 no-

879 2461 997 2491 tantur,
1014 2465 1112 2496 quum
1133 2453 1262 2485 habitus
1280 2452 1474 2495 elegantium
1494 2452 1552 2483 ho-

877 2504 1009 2541 minum,
1034 2513 1172 2534 amorem
1197 2508 1252 2534 aut
1276 2501 1473 2544 captantium
1497 2507 1552 2532 aut

878 2553 1098 2589 excitantium,
1115 2552 1315 2583 describitur.
1330 2563 1362 2583 v.
1379 2552 1435 2582 28.
1483 2552 1548 2581 Αυ-

878 2609 978 2639 ratus,
1009 2602 1061 2633 cui
1096 2612 1192 2633 aurea
1225 2602 1279 2632 fila
1316 2601 1362 2632 vel
1398 2610 1469 2637 acu,
1499 2601 1549 2630 vel

879 2652 1016 2683 texendo
1054 2650 1174 2682 addita.
1227 2651 1310 2682 Vide
1349 2649 1389 2681 ad
1427 2659 1550 2680 versum

881 2703 958 2732 319.
