1830 3220
522 186 874 230 FASTORUM
908 187 1029 228 LIB.
1054 186 1116 228 ΙΙ.
1470 186 1527 227 79

115 305 356 368 Dumque
383 304 673 352 sacerdotes
697 305 917 352 verubus
943 309 1171 351 transuta
1197 302 1403 365 salignis

182 382 317 430 Exta
341 388 535 446 parant,
564 381 755 428 medias
783 381 887 428 sole
913 387 1117 428 tenente
1142 380 1264 436 vias,

115 459 367 506 Romulus
394 466 445 507 et
469 459 635 515 frater,
663 458 1035 522 pastoralisque
1056 459 1298 520 juventus

1431 461 1529 505 365

183 537 390 584 Solibus
417 544 468 584 et
493 552 674 600 campo
701 552 913 600 corpora
938 536 1074 583 nuda
1099 536 1306 584 dabant.

114 614 413 677 [Caestibus,
442 621 493 662 et
511 614 714 677 jaculis,
743 620 794 661 et
820 613 958 660 missi
985 613 1208 677 pondere
1236 615 1344 661 saxi

184 692 404 740 Brachia
427 709 518 757 per
542 693 683 739 lusus
711 691 1022 756 experienda
1046 691 1281 752 dabant.]

116 769 298 818 Pastor
324 771 387 818 ab
415 771 637 827 excelso,
667 770 767 818 Per
792 771 939 818 devia
962 787 1078 818 rura
1095 771 1360 834 juvencos,

185 847 421 905 Romule,
450 848 731 912 praedones,
760 848 916 913 eripe,
944 849 1090 904 dixit,
1118 858 1288 912 agunt.

1433 855 1532 899 370

118 924 348 988 Longum
376 933 484 974 erat
509 926 719 974 armari:
759 926 970 974 diversis
997 926 1104 974 exit
1129 933 1345 991 uterque

186 1003 453 1053 Partibus:
495 1021 706 1053 accursu
732 1005 904 1069 praeda
928 1011 1136 1069 recepta
1161 1005 1329 1053 Remi.

121 1081 193 1129 Ut
216 1082 380 1139 rediit,
408 1084 626 1131 verubus
653 1083 919 1132 stridentia
944 1083 1166 1131 detrahit
1191 1091 1325 1140 exta,

187 1159 358 1223 Atque
385 1162 481 1210 ait:
523 1160 649 1209 Haec
677 1168 814 1209 certe
840 1178 939 1208 non
968 1161 1063 1208 nisi
1088 1160 1247 1208 victor
1272 1161 1406 1209 edet.

119 1236 273 1286 Dicta
296 1238 431 1295 facit,
457 1238 704 1302 Fabiique
730 1239 908 1287 simul:
937 1239 1073 1286 venit
1098 1238 1265 1286 irritus
1292 1239 1412 1287 illuc
1433 1244 1531 1290 375

189 1315 456 1373 Romulus,
485 1324 537 1365 et
561 1334 763 1366 mensas
789 1333 1009 1381 ossaque
1035 1316 1173 1365 nuda
1197 1317 1350 1365 videt.

119 1483 236 1509 tremus
256 1477 353 1509 Panis
369 1489 424 1520 pes
438 1480 531 1509 imum
545 1490 642 1509 cornu
654 1484 793 1510 vocatur.

120 1527 269 1570 Exiguos,
281 1539 397 1571 nempe
411 1529 503 1559 unius
520 1528 665 1570 capellae.
690 1528 793 1559 Victi-

119 1588 172 1608 ma
187 1588 280 1614 caesa,
298 1577 415 1608 femora
431 1577 537 1609 excisa
552 1584 584 1608 et
599 1589 671 1609 cum
687 1578 794 1609 frustis

118 1626 267 1669 imposita
279 1627 374 1669 lignis
390 1628 534 1665 cremari,
546 1633 578 1659 et
589 1627 708 1659 interea
719 1635 794 1659 exta

118 1677 256 1708 verubus
271 1677 368 1708 infixa
384 1677 659 1719 torreri,tostaque
672 1677 795 1708 comedi

118 1727 275 1759 solebant.
321 1728 439 1759 Postea
461 1726 558 1758 etiam
582 1727 713 1769 reliquae
731 1728 794 1759 vic·

119 1776 204 1807 timae
221 1782 326 1819 partes
340 1776 373 1808 in
389 1777 488 1808 frusta
508 1777 642 1808 concisae
659 1778 796 1808 verubus

120 1825 304 1868 infiguntur,
326 1831 471 1858 assantur
495 1832 526 1857 et
547 1827 674 1866 dapibus
697 1837 795 1868 appo-

121 1881 252 1907 nuntur.
287 1875 350 1907 Sed
366 1875 399 1907 h.
417 1876 441 1906 l.
457 1875 521 1906 illae
538 1881 644 1917 partes
660 1882 796 1907 extorum

121 1925 247 1956 nomine
258 1924 585 1967 comprehenduntur.
604 1924 798 1956 Distinctius

122 1973 192 2005 Liv.
206 1974 228 2006 i.
245 1976 277 2007 7.
296 1979 316 1993 “
334 1974 443 2005 Potitii
468 1974 509 2005 ad
534 1980 660 2017 tempus
683 1980 798 2017 praesto

122 2030 238 2061 essent,
251 2024 357 2067 iisque
377 2030 452 2056 exta
470 2030 719 2067 apponerentur3
744 2024 797 2055 Pi—

122 2075 215 2112 narii,
233 2076 314 2108 extis
337 2074 454 2112 adesis,
472 2075 512 2106 ad
537 2080 686 2106 caeteram
712 2075 798 2106 veni-

123 2131 194 2157 rent
209 2125 361 2169 dapem.’'

169 2176 245 2207 366.
274 2176 386 2216 Campo
410 2186 533 2215 corpora
560 2176 646 2206 nuda
671 2176 799 2212 dabant,

123 2225 201 2257 nudi
226 2231 316 2257 erant
340 2225 372 2256 in
398 2235 522 2266 campo.
568 2225 660 2260 Mox,
685 2226 800 2264 esperi-

124 2278 204 2307 en‘ia
219 2277 347 2311 dabant,
361 2274 614 2317 experiebantur.
632 2274 681 2305 Ibi
694 2274 799 2305 'saub-

125 2336 191 2356 ner.
215 2324 350 2367 primam
373 2325 462 2355 verbi
489 2323 648 2354 notionem
674 2334 800 2364 urgens,

126 2375 278 2417 explicat,
295 2375 375 2405 alter
399 2373 489 2405 alteri
514 2373 638 2415 copiam
661 2372 802 2403 faciebat

127 2424 311 2468 experiendi
325 2423 467 2455 brachia.
515 2424 661 2455 Coestibus
671 2422 802 2453 Heinsio

127 2485 190 2506 non
211 2474 330 2516 placet,
347 2473 424 2515 quia
444 2480 548 2504 caestus
565 2471 719 2503 Romanis
740 2482 802 2503 non

127 2523 160 2554 in
175 2533 245 2554 usu.
291 2523 406 2564 Itaque
423 2532 440 2553 e
457 2522 550 2552 MSS.
567 2521 692 2564 praefert
711 2523 803 2552 vecti-

129 2574 203 2610 bus‚·
229 2578 324 2604 vectes
347 2571 443 2607 enim,
462 2571 585 2602 seilicet
607 2572 704 2607 sudes,
721 2569 804 2600 mili-

129 2628 195 2655 tare
208 2627 298 2654 erant
309 2621 507 2657 exercitium,
521 2621 605 2663 quod
619 2621 698 2652 adeo
711 2626 803 2663 poeta

129 2672 224 2704 facile
241 2673 281 2704 ad
297 2677 437 2715 pastores
452 2671 522 2702 illos
543 2671 690 2713 antiquos
703 2676 802 2701 trans-

128 2723 210 2754 ferre
225 2723 339 2765 potuit.
372 2722 532 2753 Caeterum
548 2721 607 2752 hoc
624 2726 724 2751 totum
740 2720 803 2752 dis-

134 2772 252 2809 tichon,
267 2772 350 2814 quod
370 2777 432 2803 tres
447 2771 520 2803 cod.
534 2782 596 2802 non
616 2776 803 2812 agnoscunt,

862 1478 1004 1520 spurium
1029 1478 1114 1509 haud
1139 1478 1236 1510 dubie
1256 1484 1316 1516 est,
1334 1485 1366 1510 et
1383 1491 1421 1512 ex
1446 1493 1539 1524 supe-

862 1527 934 1558 riori
951 1528 1122 1559 conflatum
1136 1540 1143 1566 ;
1160 1528 1246 1569 quod
1262 1535 1293 1559 et
1308 1530 1457 1562 Heinsius
1472 1543 1540 1563 sus-

863 1577 988 1620 picatus
1002 1583 1060 1609 est.
1083 1578 1198 1618 Itaque
1211 1578 1302 1609 uncis
1316 1578 1442 1617 inclusi,
1455 1582 1539 1623 quod

862 1632 894 1659 et
910 1627 1090 1658 Mitscherl.
1107 1627 1219 1658 fecisse
1235 1627 1340 1659 video.
1386 1631 1461 1661 Jam
1477 1631 1541 1662 dis-

865 1683 992 1720 putant,
1011 1682 1117 1707 utrum
1141 1678 1232 1718 eripe,
1255 1688 1295 1708 an
1320 1684 1359 1715 et,
1377 1679 1470 1711 Reme
1494 1680 1540 1712 le-

864 1726 1004 1768 gendum
1025 1726 1077 1757 sit.
1124 1727 1210 1758 Illud
1231 1726 1386 1759 debemus
1407 1729 1540 1763 Heinsio

865 1775 919 1817 qui
944 1787 981 1807 ex
1007 1775 1159 1807 Arondel.
1179 1777 1268 1808 Voss.
1285 1777 1406 1809 Mazar.
1423 1784 1455 1809 et
1479 1791 1541 1812 uno

865 1825 976 1856 Vatic.
992 1825 1124 1868 recepit,
1142 1825 1214 1856 ideo
1229 1825 1339 1863 etiam,
1358 1828 1434 1869 quia
1450 1831 1542 1870 eripe,

866 1875 911 1907 sic
928 1876 1161 1917 interpositum,
1178 1875 1319 1907 animum
1336 1880 1540 1917 consternati,

867 1936 903 1956 ac
912 1924 1189 1967 praesentissimam
1199 1936 1292 1967 opem
1302 1928 1444 1968 urgentis
1453 1939 1542 1971 egre-

866 1975 917 2017 gie
944 1974 1070 2016 prodat.
1118 1974 1191 2005 Non
1217 1974 1310 2006 male.
1355 1976 1543 2010 'saubnerus

867 2034 941 2055 vero
959 2028 1066 2054 tuetur
1081 2023 1168 2065 vulg.
1186 2025 1262 2065 quia
1277 2030 1309 2055 et
1326 2025 1450 2056 Remus
1468 2037 1545 2059 avo-

867 2073 956 2111 lavit,
972 2073 1105 2116 ejusque
1128 2083 1261 2105 accursu
1284 2075 1394 2116 praeda
1416 2084 1545 2120 recepta

866 2130 926 2156 est.
966 2123 1061 2161 Quod
1077 2129 1298 2165 argumentum
1315 2125 1391 2155 mihi
1408 2137 1470 2157 non
1486 2128 1542 2159 ad-

868 2174 996 2205 modum
1023 2184 1119 2216 grave
1143 2173 1279 2205 videtur.
1326 2174 1409 2206 Satis
1434 2184 1501 2208 erat
1525 2190 1544 2211 a

867 2229 992 2266 pastore
1030 2229 1229 2255 consternato
1267 2235 1364 2255 unum
1402 2228 1542 2260 evocari.

869 2274 980 2304 Pastor
995 2279 1102 2304 autem
1119 2272 1172 2303 ille
1189 2273 1220 2304 in
1236 2275 1357 2310 excelso,
1374 2280 1409 2306 ut
1423 2275 1456 2307 in
1471 2288 1543 2320 spe-

870 2325 954 2360 cula,
971 2323 1145 2354 collocatus
1169 2328 1247 2354 erat.
1294 2325 1394 2366 Agere
1417 2337 1544 2368 pecora,

871 2372 993 2416 proprie
1019 2372 1057 2403 de
1082 2372 1284 2414 praedonibus
1305 2373 1362 2405 illa
1386 2375 1544 2418 abigenti-

869 2423 941 2454 bus.
987 2422 1067 2453 Inde
1084 2423 1219 2454 formula
1233 2435 1323 2465 agere
1342 2426 1546 2468 atqueferre,

872 2474 966 2514 ἄγειν
990 2473 1044 2504 καὶ
1067 2471 1184 2515 φέρειν.
1235 2473 1391 2510 Partibus,
1410 2475 1544 2518 regioni-

870 2523 939 2554 bus.
986 2523 1136 2558 Accursu,
1153 2521 1286 2564 impetu.

917 2573 991 2603 375.
1019 2571 1131 2602 Fabius
1146 2577 1177 2602 et
1196 2571 1388 2606 Quinctilius
1404 2575 1546 2615 praefecti

872 2621 1041 2653 comitibus
1065 2620 1159 2652 Remi
1179 2626 1210 2652 et
1234 2621 1364 2652 Romuli
1391 2622 1464 2654 inde
1488 2624 1548 2666 ipsi

872 2671 1004 2702 comites
1018 2671 1105 2701 Fabii
1121 2676 1152 2702 et
1169 2671 1336 2705 Quinctilii
1351 2671 1437 2702 dicti.
1463 2674 1546 2706 vide

873 2721 1016 2752 Perizon.
1065 2719 1239 2751 Animadv.
1257 2720 1342 2752 Hist.
1361 2733 1392 2763 p.
1409 2722 1486 2754 201.
