1830 3220
235 192 292 233 18
636 189 686 231 P.
721 186 938 229 OVIDII
972 185 1258 229 NASONIS

242 308 521 356 Creverunt
545 313 595 354 et
619 311 839 370 opeS,‹et
862 320 1015 368 opum
1041 303 1229 350 furiosa
1253 301 1465 366 cupido;

309 385 390 441 Et,
417 402 575 449 quum
600 383 897 449 possideant
920 383 1153 447 plurima,
1182 383 1328 446 plura
1351 381 1540 429 volunt.

242 462 478 518 Quaerere
499 471 556 510 ut
580 464 868 518 absumant,
889 462 1123 509 absumta
1148 460 1402 524 requirere
1428 464 1651 511 certant;

311 541 482 606 Atque
507 542 630 606 ipsae
655 541 786 588 vitiis
814 547 931 588 sunt
954 540 1192 588 alimenta
1216 539 1369 586 vices.

246 620 348 677 Sic,
377 620 563 683 quibus
590 619 830 668 intumuit
855 619 1047 667 suffusa
1070 624 1244 666 venter
1269 617 1332 664 ab
1359 615 1511 670 unda,
1558 615 1657 660 215

315 697 428 754 Quo
454 699 568 762 plus
595 705 713 746 sunt
738 705 887 762 potae,
915 698 1028 762 plus
1056 697 1292 744 sitiuntur
1317 710 1481 758 aquae.

245 776 306 824 In
333 776 494 841 pretio
520 776 737 841 pretium
764 792 897 823 nunc
922 783 1001 824 est
1024 793 1033 824 :
1074 775 1162 823 dat
1186 791 1371 822 census
1403 773 1621 820 honores
1646 788 1658 827 ;

315 854 514 902 Census
540 854 811 903 amicitias:
852 871 1046 919 pauper
1070 854 1259 917 ubique
1279 855 1434 917 *jacet

247 932 324 979 Tu
350 940 537 989 tamen,
565 931 850 996 auspicium
875 933 917 979 si
943 932 1009 980 sit
1030 931 1174 996 stipis
1199 930 1340 987 utile,
1368 929 1569 994 quaeris,

320 1009 528 1073 Curque
547 1005 726 1073 juvent
751 1018 946 1057 nostras
973 1026 1074 1057 aera
1091 1017 1292 1057 vetusta
1317 1024 1524 1057 manus:
1563 1009 1664 1054 220

251 1087 371 1135 AEra
394 1088 583 1136 dabant
607 1088 753 1145 olim;
794 1089 975 1136 melius
1001 1104 1133 1135 nunc
1153 1104 1302 1136 omen
1328 1087 1378 1134 in
1404 1102 1524 1135 auro
1550 1092 1628 1134 est
1650 1102 1660 1134 :

316 1165 568 1228 Victaque
593 1165 829 1214 concedit
852 1165 1019 1230 prisca
1043 1174 1248 1214 moneta
1271 1183 1428 1214 novae.

250 1242 359 1291 Nos
386 1259 592 1306 quoque
617 1243 811 1307 templa
830 1244 1025 1306 juvant,
1054 1244 1283 1308 quamvis
1317 1244 1528 1307 antiqua
1551 1259 1664 1308 pro-

318 1319 515 1378 Aurea3
557 1321 796 1384 majestas
823 1321 1058 1369 convenit
1083 1322 1180 1370 ista
1206 1321 1333 1370 Deo.

1444 1322 1664 1385 [bemus,

254 1397 541 1446 Laudamus
566 1405 779 1454 veteres,
809 1399 898 1446 sed
925 1399 1108 1447 nostris
1136 1400 1324 1448 utimur
1349 1399 1516 1449 annis:
1567 1402 1666 1447 225

321 1475 438 1524 Mos
463 1484 632 1525 tamen
658 1484 737 1525 est
763 1493 908 1542 aeque
933 1478 1115 1542 dignus
1140 1486 1354 1542 uterque
1379 1478 1492 1527 coli.

255 1554 477 1603 Finierat
501 1555 721 1603 monitus
747 1573 757 1604 z
798 1556 1012 1620 placidis
1039 1557 1109 1605 ita
1133 1573 1321 1613 rursus,
1348 1564 1405 1604 ut
1429 1562 1563 1613 ante,

323 1632 646 1695 Clavigerum
670 1633 834 1681 verbis
862 1634 1090 1698 alloquor
1114 1634 1224 1699 ipse
1251 1631 1447 1683 Deum:

297 1778 372 1808 215.
397 1777 545 1820 Suffundi
563 1784 594 1810 et
612 1784 721 1810 venter
740 1779 803 1811 dici
824 1785 927 1822 potest

256 1827 357 1869 aquis,
373 1832 408 1857 ut
430 1826 506 1858 alibi
526 1839 556 1859 os
577 1828 727 1870 suffusum
749 1831 876 1869 pudore,
897 1836 929 1861 et

257 1887 348 1919 aquae
364 1878 422 1908 sub
441 1883 514 1908 cute
531 1877 687 1909 collectae.
732 1879 854 1910 Eadem
872 1890 928 1911 au-

257 1932 319 1957 tem
357 1925 564 1958 similitudine
604 1927 743 1958 avaritiae
783 1934 929 1960 naturam

256 1975 452 2007 illustrarunt
473 1976 638 2018 Polybius,
663 1977 730 2009 xiii.
760 1979 794 2015 1;
827 1979 928 2010 Hora-

257 2024 332 2061 tius,
349 2024 397 2055 ΙΙ.
414 2024 480 2056 Od.
502 2024 535 2055 ii.
558 2026 608 2056 13.
626 2025 681 2057 ubi
706 2026 860 2058 “Crescit
878 2027 927 2058 in-

260 2073 395 2115 dulgens
409 2073 467 2104 sibi
486 2073 572 2105 dirus
588 2074 759 2117 hydrops,''
773 2082 835 2107 etc.
854 2077 929 2108 Pre-

262 2124 338 2153 tium
354 2125 385 2153 in
401 2124 499 2162 pretio
514 2129 568 2159 est,
587 2123 724 2166 pecunia
745 2125 930 2157 aestimatur.

263 2172 328 2202 Dat
343 2183 446 2202 census
461 2173 594 2203 honores.
618 2172 735 2204 Confer
746 2174 810 2204 ΙΙΙ.
822 2174 930 2206 Amor.

260 2221 326 2252 viii.
341 2223 394 2252 55.
428 2221 561 2258 Plinius,
578 2222 641 2253 xiv.
658 2233 790 2264 prooem.
815 2228 835 2241 ‘¹
853 2225 930 2256 Pos-

262 2270 336 2301 teris
357 2270 473 2302 laxitas
494 2271 615 2308 mundi,
637 2278 668 2303 et
692 2283 794 2304 rerum
818 2273 930 2316 ampli-

260 2320 339 2350 tudo
365 2319 480 2351 damno
505 2320 575 2357 fuit,
600 2327 769 2363 postquam
799 2323 932 2355 Senator

262 2381 352 2401 censu
374 2370 438 2412 legi
461 2376 598 2411 coeptus,
623 2371 723 2413 judex
750 2372 816 2403 fieri
842 2384 933 2404 censu

263 2419 482 2462 magistratum
512 2420 692 2462 ducemque
721 2422 800 2453 nihil
832 2423 933 2465 magis

263 2480 426 2506 exornare,
443 2480 538 2512 quam
558 2471 696 2502 census.”
743 2472 842 2508 Jacet,
858 2484 932 2504 con-

263 2519 425 2555 temnitur,
456 2529 514 2550 nec
550 2519 683 2551 honores
717 2522 931 2564 consequitur,

264 2579 323 2600 nec
340 2574 509 2599 amicitias.

309 2619 384 2650 219.
415 2618 480 2649 Cur
517 2619 622 2650 ahenei
659 2623 775 2652 nummi
811 2621 935 2654 dentur.

268 2667 397 2704 Quaerz's,
411 2666 542 2699 fortasse
555 2669 690 2710 quaeris3
706 2670 841 2702 Ovidius
851 2672 934 2703 enim

265 2727 328 2748 non
339 2720 517 2759 quaesierat.
562 2719 607 2754 Si,
623 2729 676 2750 an.
690 2720 826 2752 Lenzius
841 2722 936 2753 verba

265 2766 309 2797 sic
326 2766 502 2808 conjungit,
522 2768 555 2798 Si
573 2774 605 2798 tn
622 2774 721 2799 tamen
736 2771 843 2810 quaeris
857 2773 935 2801 sitne

995 1783 1090 1822 stipis,
1109 1786 1170 1812 etc.
1218 1780 1369 1812 Heinsius
1388 1790 1461 1811 vero
1476 1779 1629 1816 malebat,
1643 1782 1668 1810 si

996 1843 1053 1862 cur
1067 1832 1154 1871 stipis
1168 1832 1246 1861 utile
1261 1832 1381 1871 qua'rt's.
1416 1831 1508 1861 Tunc
1524 1829 1670 1873 apodosis

996 1882 1076 1912 soret
1085 1881 1201 1912 omissa
1215 1892 1222 1910 :
1239 1890 1336 1912 causa
1349 1885 1397 1911 est
1407 1879 1476 1912 haec
1490 1893 1497 1911 z
1515 1879 1670 1912 editiones

997 1930 1135 1973 antiquae
1157 1936 1189 1961 et
1211 1929 1303 1961 multi
1322 1930 1417 1961 MSS.
1434 1941 1492 1962 cur
1511 1931 1561 1961 sit.
1606 1929 1670 1961 Sed

998 1979 1162 2011 commode
1179 1979 1249 2010 duae
1263 1978 1394 2010 diversae
1410 1978 1670 2021 interrogationes

997 2029 1102 2061 locum
1113 2029 1244 2061 habent.
1269 2029 1335 2059 Cur
1334 2031 1462 2069 juvent,
1474 2039 1530 2061 cui·
1544 2036 1670 2072 gratum

998 2079 1088 2110 nobis
1112 2078 1153 2111 sit
1179 2088 1282 2110 aeneos
1305 2078 1486 2110 nummulos
1511 2079 1670 2122 accipere.

1002 2129 1165 2165 concedat,
1185 2128 1288 2164 cedat,
1305 2134 1338 2159 et
1353 2130 1438 2159 victu
1455 2139 1473 2160 e
1488 2129 1581 2172 copia
1596 2140 1671 2172 poe-

999 2179 1065 2209 tica
1087 2178 1242 2209 additum.
1288 2178 1426 2218 Antiqua
1450 2178 1497 2210 ita
1517 2179 1671 2222 probabat

999 2227 1056 2258 illa
1077 2234 1167 2264 aetas,
1191 2233 1226 2258 ut
1247 2233 1279 2258 et
1298 2226 1442 2259 homines
1461 2233 1494 2259 et
1512 2239 1572 2265 res,
1592 2239 1672 2271 quas

1000 2276 1151 2308 extollere
1160 2276 1267 2313 vellet,
1280 2279 1423 2317 antiquas
1433 2283 1570 2309 vocaret.
1586 2279 1672 2311 Vide

999 2337 1056 2357 nos
1074 2326 1115 2357 ad
1134 2325 1284 2362 Plinium,
1300 2335 1375 2368 pan.
1391 2327 1445 2357 95.
1490 2329 1586 2363 Anni,
1602 2339 1670 2359 mo-

1000 2387 1049 2407 res
1066 2375 1224 2418 temporis.
1250 2375 1355 2406 Colore
1369 2387 1489 2413 morem,
1505 2377 1672 2410 observare

1000 2436 1131 2457 morem.

1044 2475 1231 2506 227—254.
1256 2474 1303 2505 De
1313 2476 1449 2506 aduentu
1463 2476 1605 2513 Saturni,
1616 2477 1672 2520 qui

1001 2535 1018 2555 e
1035 2523 1117 2555 coelo
1132 2523 1222 2556 Jovis
1241 2534 1330 2555 arma
1350 2524 1474 2566 fugiens
1493 2525 1534 2556 ad
1552 2526 1670 2558 Janum

1002 2573 1099 2610 venit,
1129 2574 1168 2605 ab
1197 2584 1299 2616 eoque
1333 2574 1469 2616 hospitio
1504 2581 1671 2618 exceptus,

1002 2623 1095 2654 Latio
1115 2633 1229 2655 nomen
1253 2623 1354 2660 dedit,
1379 2630 1412 2655 et
1432 2624 1672 2666 Aboriginibus,

1002 2672 1165 2703 hominum
1197 2673 1305 2714 generi
1344 2673 1472 2714 agresti,
1510 2674 1672 2706 meliorem

1001 2723 1122 2753 cultum
1141 2721 1270 2760 intulit3
1296 2722 1409 2764 virgil.
1427 2724 1505 2754 AEn.
1523 2723 1590 2755 viii.
1606 2725 1672 2756 315

1002 2781 1070 2813 sqq.
1118 2770 1201 2802 Vide
1222 2771 1338 2812 Heynii
1359 2772 1528 2809 Excursus,
1544 2772 1577 2804 ii.
1593 2777 1626 2804 et
1640 2784 1672 2804 v.
