1830 3220
255 204 312 246 78
650 205 701 245 P.
737 203 953 247 OVIDII
987 203 1269 246 NASONIS

252 320 616 384 Attonitusque
642 327 780 367 metu
807 320 982 368 rediit:
1024 326 1080 367 ut
1105 335 1240 383 saepe
1264 320 1422 367 viator

321 397 599 446 Turbatum
624 398 730 444 viso
756 397 950 445 rettulit
974 413 1138 459 angue
1165 397 1366 460 pedem.

255 473 381 522 Inde
407 475 517 531 tori,
546 475 633 538 qui
653 476 862 538 junctus
889 480 1010 529 erat,
1036 474 1287 522 velamina
1310 474 1474 536 tangit

323 553 514 608 Mollia,
544 552 775 599 mendaci
801 552 1154 616 decipiturque
1181 560 1315 599 nota.

251 630 551 685 Adscendst,
574 630 873 693 spondaque
894 629 988 676 sibi
1010 629 1241 693 propiore
1264 629 1540 685 recumbit;
1563 630 1661 675 345

324 709 390 757 Et
414 707 574 769 rigido
600 723 756 754 cornu
783 707 955 753 durius
982 706 1168 769 inguen
1196 714 1319 754 erat.

255 788 457 835 Interea
482 784 680 832 tunicas
707 801 792 832 ora
818 784 1057 831 subducit
1083 785 1145 831 ab
1172 784 1300 832 ima:

324 863 612 911 Horrebant
636 863 807 910 densis
833 878 1013 926 aspera
1037 879 1182 909 crura
1206 862 1336 926 pilis.

257 943 457 990 Caetera
482 947 765 988 tentantem
791 940 961 987 cubito
987 940 1283 1004 Tirynthius
1309 940 1455 987 heros

318 1019 592 1082 Reppulit:
634 1034 660 1064 e
687 1035 883 1065 summo
908 1018 1100 1065 decidit
1124 1017 1208 1065 ille
1234 1024 1359 1064 toro.
1557 1019 1656 1063 300

1595 1019 1619 1042 ρ’

257 1095 337 1142 Fit
362 1112 543 1142 sonus:
585 1095 825 1142 inclamat
849 1095 1077 1150 comiteS,
1106 1102 1157 1142 et
1182 1094 1373 1141 lumina
1397 1094 1563 1158 poscit

324 1171 567 1219 Maeonis:
609 1171 757 1218 illatis
784 1172 985 1234 ignibus
1012 1179 1125 1219 acta
1150 1178 1342 1236 patent.

255 1249 349 1297 Ille
376 1249 532 1312 gemit
553 1249 687 1296 lecto
713 1250 927 1312 graviter
951 1251 1182 1313 dejectus
1210 1250 1416 1311 abalto,

325 1326 662 1389 Membraque
688 1327 752 1374 de
778 1327 904 1375 dura
927 1328 1011 1374 vix
1039 1343 1130 1375 sua
1153 1327 1285 1375 tollit
1309 1327 1479 1374 humo.

259 1404 414 1451 Ridet
438 1411 490 1451 et
517 1403 739 1460 Alcides,
768 1412 818 1452 et
844 1405 930 1468 qui
955 1405 1125 1453 videre
1146 1406 1431 1468 jacentem:

1566 1406 1664 1451 355

327 1481 483 1529 Ridet
508 1489 782 1529 amatorem
811 1481 954 1546 Lyda
979 1483 1149 1547 puella
1174 1499 1338 1529 suum.

257 1558 412 1607 Veste
440 1558 598 1615 Deus,
627 1560 784 1615 lusus,
812 1559 1044 1608 fallentes
1069 1560 1260 1607 lumina
1283 1565 1452 1606 vestes

325 1636 441 1684 Non
467 1643 631 1693 amat;
674 1643 725 1684 et
749 1637 911 1684 nudos
938 1638 1001 1685 ad
1027 1653 1119 1684 sua
1144 1653 1286 1685 sacra
1308 1643 1470 1684 vocat.

256 1715 403 1761 Adde
429 1714 704 1778 peregrinae
730 1731 951 1770 causam,
980 1731 1092 1762 mea
1118 1714 1286 1772 Musa,
1317 1713 1575 1773 Latinam3

325 1791 488 1855 Inque
514 1807 603 1838 suo
630 1798 799 1839 noster
824 1793 1028 1856 pulvere
1054 1800 1223 1840 currat
1247 1808 1425 1855 equus.

1566 1795 1666 1840 360

258 1868 532 1933 Cornipedi
560 1868 733 1916 Fauno
759 1885 892 1916 caesa
915 1870 978 1917 de
1004 1885 1141 1917 more
1167 1870 1380 1934 capella,

324 1946 478 1994 Venit
503 1946 567 1993 ad
593 1946 803 2008 exiguas
829 1948 977 1994 turba
1001 1954 1179 1994 vocata
1203 1947 1391 2011 dapes3

300 2086 375 2117 342.
403 2084 533 2127 Referre
556 2087 660 2125 pedem
685 2085 725 2116 de
750 2086 926 2127 refugiente

254 2135 299 2166 sic
315 2140 347 2165 et
362 2134 489 2165 Phaedr.
505 2134 571 2165 fab.
587 2135 618 2166 ii.
638 2136 666 2166 1.

300 2185 375 2215 345.
404 2184 525 2224 Sponda
538 2186 673 2224 propior,
691 2195 730 2215 ea
746 2194 818 2226 pars
834 2195 925 2226 spon-

255 2233 316 2269 dae,
342 2244 412 2275 quae
440 2233 469 2264 ei
500 2232 643 2275 propior;
674 2233 786 2264 Horat.
824 2234 927 2276 Epod.

254 2282 298 2313 iii.
322 2284 376 2314 22.
403 2284 549 2313 Extrema
578 2289 606 2313 et
634 2285 666 2313 ιή
692 2285 804 2322 sponda
829 2285 926 2314 cubet.

256 2333 337 2363 Pars
357 2333 397 2363 ad
420 2332 573 2374 parietem
599 2343 687 2363 versa
708 2335 820 2372 sponda
846 2334 924 2363 inte-

256 2383 331 2418 rior,
348 2382 447 2412 altera
468 2383 596 2412 επεν-ίαν
615 2382 680 2412 sive
695 2384 781 2422 prior
797 2382 926 2413 diceba-

257 2437 319 2462 tur.
372 2431 411 2462 In
440 2431 499 2462 hac
530 2431 587 2461 viri
617 2431 788 2462 cubabant.
844 2431 927 2462 Vide

256 2481 392 2523 Neapol.
440 2481 514 2516 Ora,
544 2486 686 2511 extrema
714 2491 786 2522 pars
816 2481 924 2516 vestis,

255 2537 323 2562 erat
334 2530 384 2561 vel
399 2541 513 2561 summa
530 2537 585 2560 aut
597 2541 735 2569 suprema
751 2530 783 2560 in
800 2536 925 2572 pectore

257 2581 410 2622 (Metam.
426 2579 470 2610 iii.
489 2580 581 2619 480.)
602 2579 653 2610 vel
677 2582 737 2610 ima
761 2579 801 2610 ad
825 2590 926 2610 crura.

257 2631 287 2661 A
304 2640 427 2661 summa
441 2640 494 2660 ora
509 2631 674 2660 deducitur
691 2631 796 2665 vestis,
808 2630 847 2660 ab
863 2629 926 2659 ima

257 2681 450 2710 subducitur.
507 2678 643 2710 Horrere
671 2679 711 2710 de
740 2679 835 2709 rebus
864 2689 925 2709 non

257 2729 400 2760 laevibus.
446 2728 498 2760 Sic
522 2729 642 2759 horrere
664 2731 803 2769 squamis,
819 2729 924 2768 glebis,

257 2779 406 2808 cautibus.
454 2777 595 2812 Tentare,
614 2777 767 2817 attingere
785 2776 878 2806 velle.

1041 2088 1117 2118 351.
1143 2086 1244 2122 Servi,
1273 2085 1313 2116 ad
1343 2085 1424 2116 fores
1453 2085 1591 2117 cubiculi
1616 2086 1669 2118 vel

996 2136 1201 2172 excubantes,
1233 2135 1282 2166 vel
1319 2134 1522 2171 dormientes,
1559 2135 1667 2167 lumen

997 2185 1136 2221 alebant,
1154 2185 1239 2226 quod
1255 2184 1386 2215 excitati
1400 2183 1561 2216 inferrent.
1611 2185 1667 2217 Vix

996 2246 1062 2270 sua,
1079 2234 1194 2275 quibus
1210 2234 1260 2265 vix
1277 2233 1324 2264 uti
1340 2233 1454 2276 potuit.

1039 2285 1116 2314 359.
1148 2283 1270 2320 Quarta
1297 2293 1395 2313 causa
1425 2293 1444 2313 a
1467 2282 1605 2314 Romulo
1634 2290 1666 2315 et

995 2332 1090 2363 fratre
1114 2332 1259 2374 repetita,
1277 2342 1373 2373 quam
1397 2342 1459 2362 non
1482 2331 1542 2362 nisi
1562 2343 1665 2364 rerum

997 2381 1213 2411 Romanarum
1234 2380 1338 2411 studio
1358 2379 1540 2411 admiscuit.
1585 2381 1667 2413 Are-

997 2440 1058 2464 am,
1075 2430 1106 2461 in
1125 2440 1188 2471 qua
1206 2429 1392 2466 decurritur,
1409 2440 1493 2460 nunc
1510 2431 1667 2470 pulverem

998 2486 1100 2511 vocat.

1038 2531 1112 2561 361.
1136 2531 1212 2572 Ipsa
1227 2529 1417 2571 Lupercalia
1430 2529 1519 2560 intel.
1534 2528 1574 2560 de
1594 2530 1664 2571 qui-

993 2579 1052 2609 bus
1076 2578 1116 2609 ad
1133 2589 1196 2610 ver.
1211 2579 1288 2609 267.
1337 2579 1405 2608 Mos
1427 2582 1475 2609 est
1492 2577 1588 2619 igitur
1611 2578 1665 2610 ille

994 2627 1184 2664 Arcadicus,
1213 2628 1254 2659 ab
1285 2627 1432 2658 Evandro
1468 2627 1500 2657 in
1532 2627 1663 2658 Italiam

994 2677 1174 2709 translatus.
1222 2678 1385 2717 Cornipedi
1401 2676 1614 2713 retinendum,
1632 2683 1664 2708 et

995 2725 1032 2757 de
1057 2727 1177 2758 corneis
1201 2736 1365 2768 caprorum
1389 2726 1524 2768 pedibus
1545 2726 1663 2756 intelli-

993 2775 1143 2816 gendum.
1188 2776 1291 2807 Etiam
1309 2785 1327 2805 a
1343 2775 1419 2805 Silio
1433 2774 1499 2805 xiii.
1515 2775 1590 2806 327.
1607 2785 1660 2805 ex-
