1809 3220
232 180 319 223 408
778 179 1127 223 EXCURSUS

234 300 314 342 hoc
357 298 613 355 cognomine
656 298 926 354 designatam
969 298 1207 339 Fortunam
1250 297 1420 347 bonam,
1462 298 1663 346 faustam,

232 371 419 418 felicem,
461 384 593 424 quum
636 374 682 409 et
722 369 877 410 malam
916 369 1153 410 Fortunam
1196 383 1221 409 a
1257 368 1467 410 Romanis
1503 368 1662 410 cultam

234 441 435 488 sciamus,
472 444 516 479 et
558 452 785 494 perperam
822 439 955 495 igitur
990 439 1164 494 quidam
1206 437 1385 479 Fortem
1424 438 1663 480 Fortunam

230 525 372 552 casum
408 524 563 551 coecum
600 523 694 550 esse
733 509 900 550 dixere.
965 509 1087 550 Idem
1122 514 1189 550 est
1223 514 1423 550 constans
1458 508 1665 564 loquendi

232 595 333 622 usus
366 581 408 621 in
443 580 604 620 “forte
631 579 840 620 fortuna''
873 580 989 634 quod
1021 580 1075 620 de
1107 593 1154 620 re
1187 578 1329 634 aliqua
1362 578 1533 628 dicitur,
1563 593 1662 634 quae

233 665 336 692 casu
366 649 557 705 quidem,
589 649 665 689 sed
698 649 885 690 feliciter
917 649 1038 690 nobis
1065 648 1244 703 obtigit;
1276 649 1376 689 Ter.
1409 648 1524 690 Eun.
1552 647 1590 689 I.
1617 647 1662 689 ii.

231 721 315 768 54;
356 719 521 774 Hecyr.
560 717 653 759 III.
690 718 748 759 iii.
783 718 864 765 2(st
907 724 951 759 et
985 718 1018 759 si
1057 725 1211 773 postea
1244 718 1381 773 primo
1415 732 1519 759 casu
1552 717 1662 759 Fors

233 789 430 831 Fortuna
462 788 648 829 occurrit
680 786 918 840 (Phormio,
948 787 992 829 V
1020 788 1089 829 .vi.
1118 788 1178 839 1.)
1212 793 1259 828 ut
1287 788 1371 843 ipsi
1395 787 1663 842 grammatici

233 860 456 907 adnotant,
485 858 645 912 ubique
677 858 846 906 eodem,
871 873 956 913 quo
993 858 1096 905 dixi,
1126 872 1256 898 sensu
1285 857 1346 898 fit.
1413 857 1574 899 Donat.
1605 857 1660 898 ad

229 929 258 972 1.
288 944 324 970 c.
358 929 559 969 Fortuna
590 927 708 968 dicta
739 933 800 967 est
831 927 997 968 incerta
1028 942 1109 976 res,
1141 927 1253 968 Fors
1268 927 1463 983 fortuna
1490 932 1662 968 eventus

216 998 423 1055 sortunce
455 997 599 1038 bonus.
664 997 867 1038 Fortasse
902 997 1063 1052 primus
1101 1011 1225 1038 casus
1258 997 1386 1045 Fors,
1426 996 1505 1038 hoc
1541 1011 1660 1037 nexu

231 1069 404 1110 demum
443 1082 468 1109 a
504 1081 607 1108 casu
647 1072 772 1108 sexto
798 1066 924 1123 forte
947 1066 1155 1123 fortuna,
1192 1067 1267 1122 qui
1303 1067 1474 1122 proprie
1509 1071 1603 1108 erat
1635 1080 1660 1108 a

216 1137 574 1196 fortisforlnna,
599 1137 817 1192 petendus
840 1142 920 1178 est.

288 1208 348 1250 2⁰.
369 1206 455 1249 VI.
476 1207 578 1248 793.
611 1207 803 1261 Tempus
830 1206 944 1247 idem
975 1210 1100 1247 stator
1125 1207 1228 1248 aedis
1259 1206 1403 1256 habet,
1429 1212 1514 1248 etc.
1579 1205 1654 1248 Li-

229 1278 405 1326 brarios,
432 1277 505 1333 qui
539 1277 587 1318 T.
617 1277 646 1319 z'.
673 1277 855 1319 statoris
885 1282 981 1318 erat
1013 1282 1309 1332 reposuerant,
1332 1276 1423 1331 jam
1451 1277 1563 1317 bene
1591 1289 1659 1317 re-

229 1348 388 1390 futavit
412 1346 637 1395 Heinsius,
665 1346 771 1387 hanc
795 1346 1026 1387 lectionem
1049 1361 1106 1388 ex
1127 1353 1217 1402 opt.
1241 1346 1367 1388 codd.
1392 1346 1652 1401 adprobans.

231 1418 368 1461 Haud
397 1416 484 1458 scio
512 1431 563 1457 an
591 1416 693 1456 satis
713 1415 803 1470 jam
835 1430 858 1456 a
889 1416 1178 1471 grammaticis
1207 1422 1460 1457 annotatum
1487 1415 1541 1457 sit
1568 1430 1657 1457 mo-

231 1494 423 1529 mentum
449 1485 569 1534 illud,
596 1486 710 1540 quod
735 1485 845 1526 bene
870 1485 922 1525 ad
955 1485 1060 1526 hanc
1093 1485 1324 1527 lectionem
1355 1485 1655 1527 stabiliendam

229 1557 348 1606 facit,
370 1556 566 1611 plurima,
590 1555 681 1596 scil.
707 1555 838 1596 verba
862 1554 1019 1595 Latina
1042 1560 1087 1596 et
1109 1554 1282 1604 Graeca,
1307 1555 1444 1596 vocali
1471 1555 1591 1596 brevi
1614 1555 1656 1596 in

230 1627 399 1682 longam
436 1626 661 1681 producta,
689 1624 1047 1679 significationem
1077 1640 1198 1666 suam
1230 1626 1414 1666 activam
1446 1625 1490 1666 in
1522 1625 1657 1681 passi-

231 1711 326 1738 vam
344 1702 389 1737 et
410 1695 598 1737 mediam
622 1701 787 1735 mutare
812 1693 966 1735 solere.
1012 1694 1226 1750 Exempla
1249 1695 1290 1736 in
1309 1700 1509 1750 promptu
1533 1699 1655 1735 sunt:

228 1768 330 1809 Act.
354 1772 421 1807 est
442 1773 567 1813 stru-e,
588 1779 683 1806 cum
708 1764 964 1819 reduplicat.
989 1765 1142 1806 sistere
1164 1765 1348 1816 (stellen)
1370 1765 1484 1806 unde
1508 1768 1653 1812 stator,

227 1837 303 1892 qui
325 1837 460 1884 sistit;
488 1841 658 1882 statum,
682 1834 710 1876 i.
730 1849 769 1875 e.
795 1834 1099 1885 constitutum
1131 1835 1287 1882 statim,
1311 1834 1339 1875 i.
1363 1849 1402 1875 e.
1426 1849 1526 1876 mox
1548 1834 1656 1888 (vid.

232 1908 392 1948 Donat.
421 1906 474 1947 ad
503 1905 603 1946 Ter.
635 1904 807 1946 Pliorm.
834 1904 891 1946 V.
919 1905 977 1946 iii.
1003 1906 1046 1946 7.
1078 1906 1194 1960 quod
1227 1919 1329 1946 vere
1359 1904 1650 1953 observatum,

227 1977 311 2018 etsi
337 1975 552 2017 interdum
580 1974 827 2029 neglectum
854 1978 962 2026 est3)
993 1974 1110 2017 Med.
1137 1981 1263 2024 stare,
1292 1989 1338 2016 se
1369 1974 1522 2016 sistere
1552 1978 1653 2028 (ste-

226 2045 351 2098 Jcen‚·)
379 2051 578 2093 staturus,
609 2044 774 2092 statim,
808 2044 835 2084 i.
867 2043 1143 2098 e.firmz'ter:
1176 2044 1262 2085 vid.
1296 2045 1459 2086 Donat.
1490 2044 1515 2086 l.
1544 2059 1581 2086 c.
1609 2051 1654 2085 et

229 2115 399 2170 proprie
423 2120 567 2162 stator,
592 2114 624 2154 si
654 2119 720 2155 est
745 2114 772 2154 i.
796 2128 838 2169 q.
864 2120 995 2163 stans,
1021 2114 1095 2169 qui
1121 2115 1276 2163 adstat,
1302 2129 1344 2155 v.
1368 2129 1407 2155 c.
1430 2115 1485 2155 de
1510 2129 1649 2164 servo,

228 2191 277 2226 ut
298 2199 430 2240 saepe.
481 2184 652 2225 Falsam
677 2184 809 2239 igitur
829 2185 1074 2239 prosodiam
1097 2184 1278 2225 arbitror
1293 2184 1335 2224 in
1361 2184 1505 2238 Priap.
1528 2184 1587 2225 lii.
1608 2185 1650 2227 3.

224 2255 327 2297 Jam
350 2255 535 2310 primum
558 2255 684 2297 stfitbr
706 2253 772 2295 hic
799 2253 1064 2303 libidinosus,
1089 2254 1161 2294 ubi
1187 2259 1321 2295 stator
1347 2267 1442 2295 esse
1473 2253 1654 2295 deberet

230 2325 414 2380 Priapus
435 2325 626 2373 adstans,
650 2339 748 2373 non,
773 2325 847 2380 qui
873 2325 1006 2366 sistit.
1070 2323 1298 2379 Analogiae
1326 2338 1457 2365 causa
1482 2323 1538 2365 cf.
1568 2329 1651 2365 act.

228 2396 414 2450 pendere
437 2394 633 2447 (heuheu)
651 2395 691 2435 in
711 2395 857 2450 specie
881 2395 1030 2436 libram
1053 2394 1335 2449 suspendere,
1355 2393 1456 2435 inde
1477 2393 1651 2435 solvere.

226 2464 331 2507 med.
358 2465 561 2519 pendere,
585 2479 841 2519 suspensum
867 2480 962 2506 esse
985 2464 1202 2522 (Iziivzqezz.)
1254 2463 1506 2517 Act.jacio‚
1535 2463 1649 2504 med.

210 2536 354 2587 jaceo,
372 2533 516 2588 jactus
539 2548 630 2574 sum
653 2534 821 2591 (Iieyen)
845 2540 927 2576 act.
948 2540 1112 2590 parere,
1131 2534 1373 2589 producere
1393 2536 1650 2590 (erzeuqen,)

225 2608 389 2658 parere,
425 2603 617 2657 produci,
652 2603 945 2655 (ersclaeeinen.)
1015 2603 1183 2645 Eodem
1219 2603 1348 2644 modo
1381 2602 1542 2651 Graeci,
1576 2602 1651 2643 ubi

226 2673 389 2728 duplex
425 2672 561 2713 forma
595 2678 673 2719 est,
709 2672 844 2714 altera
876 2673 1110 2722 transitiva,
1140 2673 1276 2714 altera
1308 2672 1519 2714 intransit.
1553 2686 1648 2726 pro-

225 2742 347 2782 sodia
373 2741 446 2782 has
476 2742 742 2796 distinguere
772 2742 934 2782 solent:
967 2758 1006 2784 V.
1032 2758 1070 2783 c.
1094 2746 1230 2794 περάσω
1253 2742 1419 2783 transit.
1446 2747 1489 2794 (a
1511 2741 1649 2790 breV.)

227 2818 352 2852 trans
383 2826 497 2852 mare
530 2811 649 2859 duco,
681 2811 811 2852 vendo
845 2812 976 2863 (uncle
1013 2813 1212 2863 πιπράσκω)
1245 2817 1396 2864 περάσω,
1432 2811 1645 2852 intransit.
