1830 3220
234 217 291 258 30
627 214 678 255 P.
713 211 930 255 OVIDII
964 210 1248 254 NASONIS

233 330 408 378 Poscit
432 345 575 377 ovem
599 327 786 376 fatum:
826 328 1069 376 verbenas
1095 326 1324 390 improba
1349 326 1551 391 carpsit,

303 407 441 461 Quas
468 407 551 471 pia
578 406 671 453 Dis
698 405 824 452 ruris
849 404 978 452 ferre
1004 404 1199 452 solebat
1224 419 1366 451 anus.

232 484 364 539 Quid
389 484 485 532 tuti
510 489 758 547 superest,
786 482 1005 530 animam
1031 496 1187 545 quum
1212 487 1371 545 ponat
1395 480 1446 528 in
1472 481 1570 528 aris

299 562 703 624 Lanigerumque
727 576 901 624 pecus,
929 559 1261 622 ruricolaeque
1286 558 1474 606 boves?

231 640 411 686 Plaeat
431 655 563 701 equo
584 637 756 685 Persis
776 637 928 684 radiis
950 635 1245 700 Hyperiona
1260 635 1498 692 cinctum,
1541 638 1640 683 385

299 716 379 764 Ne
405 717 552 763 detur
577 715 728 762 celeri
753 714 958 761 victima
982 713 1128 760 tarda
1153 713 1282 760 Deo.

229 794 380 849 Quod
405 793 561 840 semel
587 799 667 840 est
690 790 873 855 triplici
901 807 991 854 pro
1015 791 1206 852 virgine
1232 806 1364 838 caesa
1390 790 1585 848 Dianae,

298 871 446 918 Nunc
466 876 676 933 'quoque
701 884 790 932 pro
818 868 955 915 nulla
978 867 1168 930 virgine
1195 883 1342 915 cerva
1365 868 1518 916 eadit.

231 947 367 994 Exta
390 963 572 995 canum
598 945 697 992 vidi
725 945 904 992 Triviae
930 945 1085 992 libare
1114 945 1337 1009 Sapaeos,

298 1024 364 1072 Et
389 1025 699 1087 quicumque
724 1030 837 1070 tuas
864 1023 1062 1078 accolit,
1092 1022 1286 1079 Haeme,
1308 1023 1464 1071 nives.

1537 1026 1638 1070 390

232 1101 455 1149 Caeditur
481 1108 531 1149 et
555 1101 716 1163 rigido
745 1099 959 1147 Custodi
985 1100 1111 1146 ruris
1137 1099 1341 1147 asellus.

299 1179 467 1227 Causa
481 1177 932 1244 pudendaquidem
948 1183 1042 1234 est,
1057 1176 1173 1225 huic
1185 1184 1354 1225 tamen
1370 1183 1488 1241 apta
1505 1176 1633 1224 Deo.

272 1344 346 1375 381.
370 1344 457 1375 Casu
480 1343 569 1375 fatali
593 1343 724 1380 accidit,
743 1349 777 1374 ut
800 1342 896 1374 etiam

226 1395 286 1423 ovis
306 1393 432 1435 culpam
455 1393 667 1429 contraheret,
685 1398 718 1423 et
741 1397 896 1423 mactare·

229 1448 290 1473 tur.
331 1443 455 1473 Poscere
470 1443 599 1473 verbum
614 1442 772 1485 proprium
788 1441 827 1473 de
841 1441 896 1472 fati

226 1496 395 1533 potestate.
446 1492 591 1528 Verbena,
620 1492 718 1523 herba
753 1503 770 1523 e
808 1501 897 1522 sacro

227 1542 295 1572 loco
324 1541 444 1583 petita3
483 1541 640 1572 interdum
674 1541 754 1572 illud
791 1542 895 1573 herbae

226 1601 337 1632 genus,
360 1591 444 1632 quod
467 1592 654 1622 hierabotane
676 1591 812 1630 dicitur3
844 1593 894 1623 Li—

229 1639 310 1676 vius,
326 1639 349 1670 i.
361 1641 422 1679 243
442 1640 524 1671 Plin.
541 1640 619 1671 xxii.
637 1643 668 1672 2.
694 1642 733 1671 In
749 1641 897 1683 epithetis

228 1691 399 1732 lanigerum
415 1696 446 1721 et
461 1692 600 1721 ruricolae
621 1701 717 1722 causa
736 1691 825 1728 latet,
842 1702 897 1722 cur

228 1739 313 1770 triste
331 1739 370 1769 sit
387 1745 417 1770 et
432 1739 602 1781 ingratum,
616 1740 689 1771 illas
704 1747 853 1772 mactare.

270 1789 345 1819 385.
369 1789 484 1825 Solem,
501 1789 556 1830 qui
578 1790 680 1820 Persis
699 1790 835 1821 Mithres
850 1790 897 1821 di-

226 1837 366 1873 cebatur,
387 1848 505 1868 numen
524 1839 696 1869 maximum
718 1845 749 1870 et
765 1840 895 1870 sanctis-

225 1886 350 1922 simum,
362 1897 378 1917 e
388 1887 583 1929 mythologia
594 1888 708 1919 Graeca
718 1889 897 1929 Hyperiona

227 1935 412 1976 appellavit.
444 1937 568 1973 Strabo,
584 1948 636 1969 xv.
653 1949 687 1979 p.
704 1939 777 1968 732.
795 1942 895 1981 Τιμῶ-

226 1996 257 2015 σι
272 1983 304 2016 δὲ
319 1986 372 2016 καὶ
386 1984 520 2022 ”Ηλιον,
539 1988 580 2018 ὃν
596 1988 733 2018 καλοῦσι
750 1988 895 2030 Μίθραν.

227 2034 419 2075 Hesychius,
434 2035 573 2077 Μίθρης·
592 2036 609 2067 ὁ
623 2040 754 2078 πρῶτος
764 2037 798 2069 ἐν
812 2038 894 2080 Πέρ-

226 2094 298 2120 σαις
311 2083 393 2120 θεός.
433 2084 527 2115 Hunc
543 2087 624 2125 equis
639 2096 705 2116 esse
721 2086 893 2128 placatum,

225 2131 340 2163 docent
358 2133 527 2164 Hutchins.
550 2134 590 2165 ad
609 2135 755 2177 Xenoph.
777 2136 892 2179 Cyrop.

226 2180 360 2212 Dissert.
376 2181 408 2212 ii.
430 2183 458 2212 1.
476 2188 507 2213 et
526 2183 667 2214 Brisson.
688 2185 727 2215 de
749 2185 790 2216 R.
806 2187 893 2217 Pers.

226 2230 248 2260 i.
263 2231 294 2261 8.
321 2231 440 2271 Triplex
457 2232 562 2263 Diana
574 2233 668 2264 etiam
687 2234 815 2266 Heroid.
828 2236 890 2274 xii3

226 2279 372 2321 triformis
391 2280 486 2312 Silius
510 2282 583 2313 Ital.
610 2283 630 2314 i.
664 2284 746 2322 1203
777 2285 891 2326 Virgil.

226 2329 304 2358 jEn.
322 2329 363 2359 iv.
380 2331 455 2361 511.
475 2334 535 2362 tria
556 2334 685 2374 virginis
701 2345 753 2364 ora
772 2333 892 2372 Dianae,

226 2377 279 2407 ubi
297 2378 360 2408 vid.
378 2379 501 2411 Cerda:
526 2382 757 2422 τριπρόσωπος
772 2389 804 2414 et
824 2385 888 2425 τρί-

223 2433 357 2468 μορφος.
402 2429 486 2459 Huic
511 2440 567 2471 pro
586 2433 705 2472 virgine
724 2432 890 2475 Iphigenia

225 2477 311 2506 semel
340 2476 372 2506 in
399 2477 517 2509 Aulide
543 2479 661 2509 occidit
689 2492 789 2517 cerva,
821 2493 890 2524 quae

224 2525 386 2567 supposita
400 2532 466 2557 erat
484 2537 502 2558 a
518 2528 625 2559 Diana
646 2529 758 2570 virgini
774 2532 891 2563 Tauros

225 2575 396 2606 translatae.
425 2575 476 2606 Sic
492 2577 658 2618 Euripides
676 2577 707 2608 in
724 2579 797 2620 Iph.
814 2581 891 2612 Aul.

225 2629 258 2655 et
272 2624 368 2656 Taur.
392 2625 510 2656 Verum
525 2625 670 2663 Ovidius,
687 2629 822 2660 Metam.
838 2631 891 2662 xii.

224 2674 266 2704 24
281 2684 353 2715 sqq.
369 2674 499 2706 alteram
520 2674 720 2707 traditionem
737 2678 890 2719 sequitur,

224 2731 288 2763 qua
303 2722 371 2764 ipsa
388 2722 556 2765 Iphigenia
572 2730 709 2756 mactata
724 2730 782 2757 est.
830 2728 892 2759 Pro

965 1343 1054 1373 nulla
1066 1344 1196 1384 virgine,
1208 1354 1401 1385 quamquam
1415 1353 1487 1381 non,
1501 1348 1539 1375 ut
1548 1343 1636 1381 olim,

967 1402 1025 1434 pro
1042 1392 1174 1433 virgine.

1008 1443 1082 1473 389.
1107 1442 1214 1482 Superi,
1226 1452 1305 1484 quos
1319 1441 1456 1484 imperiti
1471 1442 1588 1474 librarii
1601 1442 1634 1474 in

965 1491 1101 1522 notiores
1126 1491 1239 1522 Sahaeos
1263 1496 1473 1528 mutaverant,
1499 1492 1636 1534 populus

966 1546 1055 1571 erant
1082 1540 1239 1571 Thraciae.
1286 1540 1442 1572 Herodot.
1477 1541 1531 1573 vii.
1563 1543 1636 1574 110.

964 1591 1086 1626 Strabo,
1104 1601 1135 1621 x.
1150 1601 1182 1632 p.
1197 1591 1272 1621 463.
1284 1596 1315 1621 et
1329 1590 1483 1633 Stephan.
1500 1591 1539 1622 de
1557 1592 1637 1623 Urb.

967 1639 1034 1670 Hos
1059 1639 1194 1670 Ovidius
1212 1640 1278 1682 ipse
1302 1641 1391 1671 vidit.
1437 1641 1533 1672 Anno
1553 1641 1636 1672 enim

966 1689 1007 1720 U.
1024 1688 1062 1719 C.
1082 1689 1156 1720 763.
1171 1689 1286 1720 Tomos
1303 1689 1452 1731 migrans,
1468 1691 1591 1732 appulit
1606 1691 1639 1722 in

965 1738 1108 1769 Thraciae
1125 1738 1216 1769 litora
1231 1751 1240 1777 3
1271 1739 1345 1770 inde
1361 1739 1496 1781 pedibus
1510 1740 1570 1771 iter
1583 1751 1638 1783 per

967 1786 1125 1818 Bistonios
1140 1788 1225 1818 fecit.
1254 1788 1316 1820 IV.
1332 1799 1382 1819 ex.
1396 1789 1437 1819 P.
1451 1800 1480 1820 v.
1495 1791 1525 1821 5.
1560 1789 1638 1822 Vid.

966 1836 1093 1867 omnino
1118 1838 1260 1868 Masson.
1283 1837 1350 1868 Vit.
1370 1837 1467 1870 Ovid.
1485 1838 1526 1869 ad
1544 1839 1636 1870 illum

964 1895 1095 1916 annum.
1142 1886 1210 1917 Hoc
1226 1886 1309 1917 enim
1325 1897 1403 1929 opus
1417 1887 1530 1919 Romae
1545 1898 1634 1931 coep-

961 1942 1029 1966 tum
1042 1935 1178 1967 absolvit
1190 1936 1222 1967 in
1235 1936 1358 1968 exsilio.
1385 1937 1498 1968 Libare
1508 1938 1635 1970 omnino

962 1984 1084 2015 offerre.
1135 1986 1189 2016 Ab
1205 1985 1264 2016 hoc
1278 1992 1383 2017 autem
1400 1987 1551 2018 sacrificio
1566 1989 1633 2019 He—

961 2039 1031 2064 cate
1052 2044 1070 2064 a
1086 2034 1244 2076 Lycophr.
1261 2046 1324 2066 ver.
1339 2036 1392 2066 77.
1408 2038 1634 2079 Κυνοσφαγής

962 2083 1019 2114 θεὰ
1036 2089 1184 2114 vocatur:
1209 2083 1316 2126 ibique
1332 2085 1461 2116 Tzetzes
1475 2087 1633 2123 observat,

961 2132 1075 2164 Θύουσι
1099 2132 1126 2164 δ’
1149 2133 1239 2175 ἀυτῇ
1258 2134 1373 2172 κύνας,
1400 2135 1443 2172 ὡς
1464 2141 1542 2177 φησι
1564 2136 1631 2167 Σώ-

961 2188 1053 2223 φρων
1073 2182 1107 2214 ἐν
1121 2182 1238 2225 μίμοις·
1267 2183 1284 2214 ὁ
1299 2185 1364 2226 γὰρ
1384 2183 1486 2216 Κύων
1506 2184 1575 2216 λύει
1590 2186 1632 2217 τὰ

962 2230 1130 2273 φάσματα.
1146 2232 1228 2264 Vide
1243 2233 1286 2263 ibi
1299 2234 1416 2264 Potter.
1434 2234 1524 2265 Idem
1534 2234 1632 2266 etiam

961 2280 1079 2311 factum
1109 2281 1142 2312 in
1168 2282 1336 2324 Zerynthio
1359 2282 1500 2314 Thraciae
1528 2289 1630 2316 antro.

962 2329 1046 2361 Vide
1058 2330 1187 2361 Suidam
1204 2333 1235 2361 in
1254 2331 1453 2373 Ζηρύνθιον.
1482 2332 1579 2364 Plura
1590 2333 1632 2365 de

961 2389 1077 2409 canum
1093 2379 1305 2411 immolatione
1325 2380 1421 2411 habet
1440 2381 1631 2414 Plutarchus

962 2428 1082 2465 Quaest.
1100 2429 1195 2459 Rom.
1211 2435 1285 2460 tom.
1298 2429 1352 2461 vii.
1371 2440 1445 2472 pag.
1464 2431 1537 2467 131,
1549 2431 1629 2463 edit.

961 2477 1072 2508 Reisk.
1100 2478 1203 2509 Etiam
1229 2479 1341 2510 Romae
1366 2479 1518 2521 Robigini
1542 2482 1631 2512 canis

960 2531 1035 2556 exta
1050 2526 1228 2566 dabantur3
1251 2528 1295 2559 iv.
1311 2529 1386 2559 908.
1411 2528 1541 2560 Nivibns
1554 2529 1629 2561 olim

960 2580 1052 2605 notus
1070 2576 1214 2613 Haemus,
1228 2577 1397 2609 Thraciam
1413 2588 1431 2609 a
1452 2585 1542 2620 parte
1558 2589 1631 2622 sep-

959 2624 1150 2656 temtrionali
1167 2626 1332 2658 claudens.

1003 2674 1077 2704 391.
1102 2675 1232 2707 Fabulis
1247 2676 1509 2718 petulantioribus
1530 2688 1627 2719 quum

961 2722 1098 2754 Ovidius
1118 2723 1340 2763 delectaretur,
1356 2736 1418 2757 non
1437 2726 1539 2768 potuit
1560 2737 1579 2758 a
1594 2738 1628 2759 se
