1830 3220
582 195 933 238 FASTORUM
966 196 1088 238 LIB.
1122 196 1160 237 I.
1533 199 1589 240 11

170 309 392 360 Lucidus
418 312 500 359 hic
526 329 627 368 aer,
657 320 723 369 et,
753 328 867 376 quae
893 313 990 361 tria
1014 328 1226 377 corpora
1252 320 1459 371 restant,
1493 317 1585 363 105

236 387 393 451 Ignis,
422 405 586 453 aquae,
616 390 782 446 tellus,
810 406 940 438 unus
968 407 1176 438 acervus
1203 398 1363 438 erant.

170 465 241 513 Ut
265 467 423 514 semel
448 467 556 514 haec
582 483 747 514 rerum
774 468 988 515 secessit
1013 468 1100 515 lite
1128 483 1349 524 suarum,

236 542 401 607 Inque
427 561 582 592 novas
609 545 733 592 abiit
758 561 928 592 massa
954 545 1121 593 soluta
1145 546 1322 592 domos
1342 563 1353 603 3

168 620 396 669 Flamma
420 624 549 686 petit
573 623 759 680 altum3
803 622 1004 686 propior
1028 623 1171 670 locus
1197 639 1314 670 aera
1340 622 1477 687 cepit
1498 640 1508 671 :

237 699 491 747 Sederunt
514 699 683 747 medio
709 706 843 748 terra
867 699 1156 764 fretumque
1183 700 1308 748 solo.

1492 703 1586 747 110

165 775 308 824 Tunc
326 793 436 839 ego,
450 777 538 840 qui
553 777 745 825 fueram
762 778 960 840 globus,
975 785 1026 826 et
1041 778 1150 825 sine
1166 777 1384 841 imagine
1402 778 1582 835 moles,

235 854 295 901 In
321 854 501 902 faciem
527 855 669 911 redii,
698 856 955 920 dignaque
980 857 1209 905 membra
1233 857 1346 904 deo.

166 931 316 980 Nunc
333 949 555 997 quoque,
569 933 791 981 confusae
807 934 1065 997 quondam
1086 941 1208 982 nota
1222 950 1377 998 parva
1391 933 1580 997 figurae,

234 1010 367 1059 Ante
394 1012 532 1075 quod
558 1018 636 1060 est
660 1011 710 1058 in
736 1028 833 1068 me,
862 1018 1084 1076 postque
1109 1012 1308 1060 videtur
1333 1011 1485 1058 idem.

166 1087 376 1153 Accipe,
399 1090 628 1153 quaesitae
655 1106 768 1154 quae
796 1106 951 1138 causa
981 1090 1048 1138 sit
1073 1090 1232 1139 altera
1255 1089 1455 1147 formae3
1491 1091 1584 1137 115

234 1166 383 1216 Hanc
408 1169 558 1216 simul
583 1175 640 1216 ut
662 1169 814 1226 noris,
844 1168 1169 1233 officiumque
1195 1184 1382 1217 meum.

166 1244 429 1310 Quidquid
445 1247 636 1311 ubique
645 1247 804 1303 vides,
817 1248 1019 1305 coelum,
1034 1264 1188 1303 mare,
1202 1247 1391 1302 nubila,
1406 1251 1582 1304 terras3

235 1324 422 1374 Omnia
446 1333 563 1374 sunt
587 1333 759 1374 nostra
783 1327 956 1374 clausa
981 1333 1262 1391 patentque
1288 1340 1459 1372 manu.

165 1402 254 1452 Me
280 1420 439 1469 penes
465 1411 545 1453 est
569 1422 724 1454 unuin
750 1406 880 1454 vasti
906 1406 1140 1453 custodia
1170 1403 1374 1451 mundi:

234 1481 302 1529 Et
320 1483 406 1546 jus
431 1483 661 1531 vertendi
688 1482 908 1530 cardinis
934 1500 1083 1532 omne
1110 1499 1280 1530 meum
1305 1488 1400 1530 est.

1490 1484 1583 1528 120

164 1559 334 1616 Quum
359 1561 510 1609 libuit
537 1562 726 1610 Pacem
753 1562 967 1626 placidis
994 1562 1230 1610 emittere
1256 1559 1434 1617 tectis3

232 1638 416 1688 Libera
440 1647 715 1705 perpetuas
743 1640 970 1688 ambulat
993 1639 1080 1688 illa
1102 1639 1226 1686 vias.

165 1716 424 1780 Sanguine
448 1718 643 1767 letifero
669 1725 806 1766 totus
831 1717 1127 1766 miscebitur
1152 1716 1306 1771 orbis,

231 1794 299 1842 Ni
323 1802 532 1844 teneant
556 1795 730 1859 rigidae
756 1795 962 1844 condita
986 1795 1122 1844 bella
1147 1810 1288 1843 serae.

207 1896 280 1927 115.
297 1895 349 1926 Ab
365 1895 461 1937 officio
475 1894 601 1927 initium
617 1895 704 1932 facit,
717 1901 748 1926 et
760 1895 835 1926 inde

162 1956 182 1976 a
209 1956 272 1977 ver.
299 1946 352 1977 34.
385 1947 516 1977 alteram
545 1957 667 1977 causam·
697 1945 835 1988 subjicit.

160 1995 262 2027 ,Ianus
282 1996 422 2026 omnium
435 1995 616 2038 januarum,
632 2001 697 2026 tam
713 2006 770 2038 per
786 2006 834 2025 or-

160 2045 234 2077 bern
257 2050 423 2082 terrarum,
440 2055 535 2087 quam
555 2045 588 2075 in
611 2044 704 2080 coelo,
721 2054 836 2086 praeses

161 2095 305 2137 claviger
323 2101 355 2127 et
375 2102 493 2127 custos,
538 2095 653 2127 Januae
672 2105 767 2137 opera
784 2095 833 2137 ja-

161 2144 271 2176 nitoris
290 2145 341 2177 vel
365 2151 490 2188 patent,
509 2145 559 2176 vel
583 2145 700 2175 clausae
725 2150 835 2175 tenen-

161 2203 223 2228 tur.
247 2195 332 2227 Hinc
346 2196 448 2227 omnis
458 2196 549 2227 loeus
560 2205 696 2236 sequens
706 2194 836 2236 pendet.

162 2245 193 2276 A
209 2245 401 2288 quibusdam
417 2247 436 2278 J
441 2256 519 2277 anus
534 2245 586 2275 Sol
601 2244 789 2280 habebatur,
805 2250 837 2275 et

161 2295 234 2327 ideo
257 2295 413 2337 geminus,
429 2295 519 2337 quasi
543 2294 707 2336 utriusque
727 2294 835 2336 januae

162 2345 303 2377 coelestis
324 2350 447 2387 potens,
465 2344 520 2386 qui
547 2344 691 2375 exoriens
716 2343 837 2385 aperiat

163 2395 260 2431 diem,
274 2394 421 2426 occidens
433 2395 574 2426 claudat.
610 2393 737 2430 Nubila,
750 2403 836 2425 aera.

167 2445 290 2476 Vertere
305 2446 473 2482 cardinem,
489 2443 610 2487 aperire
635 2448 667 2474 et
687 2442 836 2474 claudere

157 2496 304 2538 januam.
339 2494 370 2526 A
385 2495 480 2532 Jan0,
498 2493 717 2536 antiquissimo
732 2493 835 2524 Italiae

163 2557 250 2588 rege,
266 2545 430 2577 domorum
445 2545 558 2582 valvae,
576 2555 652 2576 serae
677 2549 709 2574 et
730 2543 837 2575 claves

163 2596 363 2638 excogitatae,
375 2595 549 2638 januaeque
570 2594 664 2625 dictae
684 2604 751 2625 esse
768 2604 834 2624 cre-

164 2646 332 2677 debantur.
373 2645 520 2686 Exempli
536 2654 633 2675 causa
649 2654 666 2674 e
682 2642 835 2674 terrestri-

163 2696 223 2727 bus
249 2695 349 2726 Poeta.
376 2700 541 2730 memorat,
566 2704 637 2736 quae
666 2692 779 2723 Romae
804 2692 838 2723 in

165 2744 274 2787 primis
312 2743 542 2780 memorabiles,
576 2744 693 2786 januas
731 2743 834 2778 Pacis,

167 2794 317 2827 videlicet
352 2793 462 2836 templi
494 2795 512 2826 J
517 2804 578 2826 ano
612 2791 722 2830 dicati,
753 2791 838 2835 quod

906 1895 1015 1925 Numa
1030 1893 1168 1925 indicem
1183 1891 1260 1923 belli
1279 1898 1310 1922 et
1331 1890 1421 1933 pacis
1438 1900 1507 1921 esse
1522 1900 1579 1920 vo-

906 1945 1019 1976 luerat.
1065 1943 1104 1974 Id
1134 1948 1235 1985 poetae
1262 1941 1348 1973 varie
1376 1944 1580 1971 exornarunt.

907 1994 976 2025 Hoc
994 1994 1063 2025 loco
1078 1994 1181 2025 Jauus
1198 1991 1316 2034 templo
1340 2001 1397 2021 suo
1411 1990 1530 2020 Pacem
1549 1994 1581 2019 et

905 2043 1047 2080 Bellum,
1087 2048 1251 2084 tamquam
1295 2050 1456 2082 personas,
1493 2044 1583 2070 tenet

904 2095 1026 2130 clausa,
1042 2098 1074 2124 et
1088 2104 1145 2136 pro
1166 2090 1297 2123 arbitrio
1315 2101 1400 2122 nunc
1416 2090 1476 2121 hoc
1493 2092 1581 2122 emit-

905 2147 955 2181 tit,
971 2155 1055 2175 nunc
1072 2144 1174 2174 illam.
1220 2140 1318 2184 Apud
1333 2140 1513 2177 Horatium,
1530 2141 1579 2172 ΙΙ.

905 2196 965 2237 Ep.
981 2195 1002 2226 i.
1012 2196 1088 2226 255.
1100 2194 1166 2236 ipse
1183 2192 1299 2224 clausis
1310 2190 1428 2233 januiS,
1441 2196 1477 2221 ut
1491 2190 1580 2233 pacis

905 2250 1015 2276 auctor
1031 2249 1062 2275 et
1073 2248 1191 2278 custos,
1205 2241 1382 2273 cohibetur.
1398 2239 1496 2282 Apud
1508 2239 1581 2270 Vir-

904 2295 1028 2337 gilium,
1050 2295 1125 2324 AEn.
1149 2291 1204 2323 vii.
1222 2292 1284 2323 607
1309 2301 1377 2332 seq.
1396 2290 1524 2321 Bellum
1548 2295 1581 2320 et

905 2345 994 2375 Mors
1010 2343 1116 2374 vincta
1136 2346 1293 2377 tenentur,
1310 2339 1442 2371 custode
1458 2339 1490 2370 in
1506 2338 1578 2370 fori-

905 2394 964 2425 bus
1001 2394 1021 2425 J
1025 2404 1095 2424 ano.
1150 2392 1331 2432 Perpetuus.
1380 2390 1409 2420 V
1412 2388 1579 2421 etustiores

905 2443 1049 2486 plerique
1066 2454 1122 2483 per
1146 2448 1239 2477 tutas,
1257 2439 1342 2482 quod
1366 2439 1444 2470 mihi
1463 2439 1582 2481 placet.

905 2494 968 2525 Sed
995 2492 1146 2524 Heinsius
1174 2496 1279 2522 tuetur
1302 2495 1476 2531 perpetuas,
1501 2487 1579 2530 quia

905 2544 1062 2574 ambulare
1079 2552 1153 2573 cum
1173 2539 1355 2572 accusativo
1373 2538 1578 2570 construitur.

906 2593 1079 2636 Lerg'ferum
1119 2592 1300 2633 sanguinem
1339 2589 1458 2620 Noster
1497 2587 1579 2618 dixit

904 2644 1000 2675 etiam
1031 2643 1126 2673 Rem.
1151 2641 1226 2672 Am.
1249 2640 1303 2671 26.
1333 2638 1409 2681 quia
1437 2636 1576 2680 profusio

905 2692 1068 2734 sanguinis
1088 2696 1219 2722 mortem
1237 2688 1352 2721 adfert.
1385 2688 1575 2723 Miscebitur‚

906 2748 941 2774 ut
977 2741 1063 2785 apud
1097 2740 1262 2772 historicos
1280 2739 1372 2781 ferro
1391 2739 1578 2779 flammaque

908 2795 1023 2824 misceri
1038 2794 1139 2824 omnia
1153 2791 1314 2822 (licuntur.
