1830 3220
536 187 608 230 IN
646 186 863 230 OVIDII
898 187 1153 232 FASTOS.
1470 192 1556 233 407

136 304 289 348 vavit0.
341 304 516 347 Annum
540 311 685 347 autem
706 305 873 347 initium
898 305 1064 361 cepisse
1089 306 1141 347 ab
1164 320 1216 346 eo
1238 310 1447 361 tempore,
1472 322 1557 363 quo

135 389 248 417 nunc
280 374 464 417 Martius
498 381 578 424 est,
602 381 647 417 et
675 381 875 417 constans
901 376 1087 418 omnium
1119 376 1236 417 fama
1260 382 1339 425 est,
1363 382 1409 418 et
1437 377 1559 432 plura

135 450 390 499 argumenta
412 445 690 500 probabiliter
711 445 947 486 declarant.
979 446 1091 486 Tum
1115 446 1227 486 enim
1252 452 1416 488 naturae
1438 462 1558 488 max-

135 514 221 556 ime
253 521 588 556 consentaneum
623 520 704 563 est,
738 529 764 556 a
795 529 895 555 vere
928 515 1028 556 anni
1059 515 1228 556 initium
1262 522 1429 571 petere,
1469 524 1560 558 tum

137 583 281 625 Annae
307 584 522 626 Perennae
548 585 725 633 festum,
749 584 847 625 anni
870 584 992 626 initia
1018 585 1160 626 fausta
1189 585 1299 626 haud
1329 587 1459 628 dubie
1486 587 1561 628 de-

136 653 323 709 signans,
359 661 449 695 tum
491 654 681 709 denique
718 655 975 696 ceremonia}
1018 655 1102 696 illae
1142 655 1330 710 antiquae
1366 656 1420 697 ad
1461 657 1561 697 anni

138 722 305 764 initium
335 729 597 778 spectantes,
626 738 731 778 quas
762 723 892 764 Ovid.
925 724 983 766 iii.
1012 724 1113 766 1:37.
1139 730 1183 765 et
1214 724 1406 766 Mam-ob.
1436 726 1462 766 i.
1489 726 1559 767 12.

139 791 360 841 exhibent,
385 807 470 834 non
487 793 667 834 obscure
691 793 890 834 innuunt.

560 1039 1007 1089 EXCURSUS
1057 1040 1156 1088 VI.

237 1181 532 1213 QUAESTXONES
565 1182 624 1209 AD
657 1180 1075 1208 INTERPRETANDOS
1106 1181 1317 1211 QUOSDAM
1352 1182 1486 1209 LOCO&

704 1239 999 1266 SPECTANTES.

145 1350 203 1392 1⁰.
218 1349 301 1391 VI,
318 1349 418 1392 773.
443 1339 648 1409 QUAM
671 1350 755 1391 cito
774 1356 979 1391 venerunt
999 1349 1362 1405 Fortunoefortis
1378 1350 1567 1393 honores.

148 1420 297 1472 Quaeri
334 1426 492 1476 potest,
524 1435 577 1462 an
605 1420 812 1468 Fortuna,
842 1419 911 1462 cui
942 1419 1120 1461 Servius
1152 1419 1232 1461 hoc
1266 1420 1335 1461 die
1363 1423 1568 1477 templum

146 1489 380 1538 dedicavit,
408 1490 543 1544 primo
576 1505 678 1531 casu
698 1489 840 1546 fortis
871 1489 1086 1538 Fortuna,
1120 1489 1187 1530 vel
1222 1489 1335 1531 Fors
1369 1491 1569 1533 Fortuna

147 1558 264 1600 dicta
284 1559 428 1601 fuerit.
492 1559 619 1601 Prius
643 1574 793 1600 verum
819 1574 930 1608 esse,
954 1559 1192 1600 certissime
1218 1574 1328 1601 nunc
1353 1561 1452 1602 mihi
1476 1577 1570 1616 pro-

147 1628 287 1671 batur.
352 1629 503 1670 Fortis
533 1629 619 1684 (vel
638 1629 817 1686 sorotis,
849 1629 1026 1677 forctus,
1057 1629 1255 1677 horctus;
1288 1630 1400 1672 conf.
1430 1632 1482 1672 ad
1514 1632 1569 1672 iv,

146 1697 269 1748 620.)
288 1698 439 1753 priscis
463 1698 670 1740 Romanis
693 1699 825 1740 fuisse
848 1699 874 1740 i.
898 1714 939 1754 q.
965 1699 1116 1743 bouus,
1143 1706 1186 1739 et
1211 1699 1331 1740 Fest.
1361 1700 1465 1752 (vid.
1490 1702 1569 1743 Sa-

149 1774 271 1809 nates
292 1774 336 1809 et
351 1769 586 1819 Horetum)
603 1768 820 1824 expressis
838 1769 980 1810 verbis
1004 1768 1148 1817 tradit,
1168 1776 1211 1810 et
1233 1770 1435 1825 exempla
1457 1772 1571 1825 apud

150 1838 370 1888 Plautum,
393 1839 467 1880 ubi
495 1839 574 1880 hoc
600 1854 681 1881 usu
708 1839 907 1888 occurrit,
932 1839 1140 1894 probant;
1176 1839 1269 1881 Mil.
1301 1840 1381 1881 lV.
1405 1841 1462 1882 iii.
1489 1841 1571 1892 133

151 1908 313 1951 Bacch.
338 1908 404 1950 II.
428 1909 471 1950 ii.
494 1908 565 1950 38.

209 1977 381 2035 Ecquid
412 1978 534 2020 fortis
567 1977 658 2021 visa
692 1978 785 2019 est?
827 1978 882 2019 de
920 1977 1078 2033 puella,
1112 1978 1185 2019 ubi
1217 1987 1285 2020 est
1315 1979 1341 2020 i.
1375 1993 1416 2034 q.
1450 1980 1572 2031 bona,

142 2049 346 2105 pulchra.
383 2049 549 2091 Eodem
574 2064 703 2091 sensu
718 2050 782 2091 vir
803 2049 939 2097 fortis,
957 2049 1057 2090 alibi
1081 2049 1216 2091 bonus
1237 2051 1476 2105 (Patriot.)
1507 2053 1573 2094 Eo

151 2124 298 2161 autem
339 2119 479 2161 minus
522 2120 686 2168 dubito,
730 2120 873 2174 ipsum
916 2119 1025 2161 forte
1069 2119 1278 2175 templum
1320 2120 1571 2177 inscriptum

151 2188 307 2230 fuisse:
340 2190 541 2231 Fortuna
554 2189 732 2246 sorotis,
755 2204 887 2244 quum
917 2203 973 2230 ex
1002 2188 1080 2230 hac
1108 2190 1242 2231 solum
1270 2190 1407 2232 forma
1432 2191 1573 2233 lucem

150 2259 426 2301 nanciscatur
452 2258 674 2301 Plutarchi
701 2258 820 2301 locus
850 2274 1060 2315 perquam
1092 2259 1344 2315 singularis:
1375 2261 1448 2313 (de
1475 2261 1573 2304 fort.

154 2327 283 2370 Rom.
306 2344 347 2384 p.
373 2329 474 2371 319.
500 2329 576 2381 A.)
608 2337 734 2383 Τύχην,
756 2334 793 2381 ἢν
813 2336 974 2386 φορτικὴν
997 2341 1174 2380 καλοῦσιν,
1195 2335 1271 2385 ’ὅπερ
1295 2338 1392 2373 ἐστὶν
1416 2340 1573 2387 ἰσχυρὰν,

153 2403 407 2450 ἀριστευτικὴν,
446 2400 465 2447 ἢ
502 2403 670 2452 ἀνδρείαν,
711 2405 750 2445 ὡς
787 2404 825 2438 τὸ
862 2403 1027 2447 νικητικὸν
1065 2403 1227 2438 ἁπάντων
1260 2403 1383 2452 κράτος
1415 2400 1575 2449 ἔχουσαν.

154 2468 353 2510 Formam
367 2468 532 2525 sorotis
559 2469 599 2509 in
625 2468 795 2511 Graecae
820 2469 935 2510 vocis
965 2469 1286 2510 similitudinem
1318 2475 1573 2519 mutaverat,

153 2543 201 2578 ut
222 2538 294 2579 ille
316 2538 475 2593 linguae
499 2538 666 2579 Latinae
691 2538 906 2579 interdurn
931 2553 1088 2594 gnarus
1113 2544 1205 2586 est;
1235 2553 1408 2580 sensum
1433 2546 1575 2580 tamen

154 2607 372 2662 exprimit,
396 2622 444 2648 ac
468 2608 501 2649 si
522 2611 665 2661 φορτικὴ
686 2607 711 2648 i.
737 2622 777 2662 q.
802 2608 925 2649 fortis
949 2616 1078 2649 esset.
1144 2608 1421 2649 Haberemus
1448 2609 1577 2663 igitur

198 2739 212 2753 ‘¹
240 2733 313 2766 Pari
344 2735 465 2767 ratione
498 2745 624 2767 menses
654 2735 740 2778 apud
769 2736 828 2768 Ju-
900 2735 1122 2779 accipiebant;
1162 2736 1231 2768 vid.
1275 2737 1458 2768 Warnekros
1496 2735 1578 2769 hebr.

157 2785 242 2816 daeos
268 2785 406 2828 primum
433 2797 562 2818 numero
591 2786 829 2828 distingueban-
903 2787 1036 2818 Altereh.
1056 2798 1090 2829 p.
1111 2787 1188 2819 539.

156 2841 227 2875 tur3
255 2840 363 2878 postea
382 2836 521 2877 *demum
552 2837 677 2879 propria
708 2836 834 2868 nomina
