1830 3220
837 189 982 232 IBIS.

1529 195 1557 235 C}

1564 195 1580 235 μα

1589 195 1616 235 U«

187 302 440 351 AEthalion
467 304 571 352 vita
596 305 830 369 spoliavit
857 313 909 353 ut
935 305 1086 354 Isidis
1112 306 1315 371 hospes,

252 380 417 436 Quem
445 399 638 430 memor
663 399 692 431 a
717 383 871 431 sacris
898 401 1031 432 nunc
1058 401 1265 449 quoque
1291 386 1437 451 pellit
1463 386 1585 445 Ion;

187 457 362 522 thue
389 459 688 509 Melanthea
711 462 935 510 tenebris
962 478 991 510 a
1016 463 1157 512 caede
1182 464 1427 512 latentem
1505 467 1603 513 625

253 536 484 585 Prodidit
509 539 672 586 officio
698 539 903 586 luminis
930 540 1054 587 orba
1078 557 1289 604 parens3

185 613 270 662 Sic
297 622 383 662 tua
407 616 654 680 conjectis
679 616 931 665 fodiantur
956 625 1165 681 pectora
1190 619 1303 666 telis
1323 613 1354 676 ;“

253 692 355 749 Sic,
384 710 578 758 precor,
606 694 806 742 auxiliis
833 694 1110 759 impediare
1137 697 1253 745 tuis.

183 770 361 826 Qualis
387 789 546 837 equos
573 780 740 837 pacto,
769 789 897 837 quos
924 772 1064 821 fortis
1091 775 1276 837 agebat
1301 774 1544 833 Achilles,

250 850 382 899 Acta
405 850 601 915 Phrygi
629 852 809 899 timido
837 859 943 910 est3
974 869 1075 900 nox
1102 853 1193 901 tibi
1220 854 1335 901 talis
1358 861 1458 903 eat.
1503 858 1603 903 630

185 927 294 976 Nec
319 935 392 986 tu,
421 946 574 994 quam
599 929 822 985 Rhesus,
853 947 1031 978 somno
1054 931 1260 980 meliore
1286 933 1481 990 fruaris,

251 1004 418 1060 Quam
444 1007 657 1055 comites
685 1007 845 1056 Rhesi
872 1015 979 1055 tum
1007 1009 1164 1066 necis,
1193 1018 1309 1059 ante
1334 1010 1454 1058 viae:

185 1082 258 1132 Ut
283 1100 412 1148 quos
438 1101 556 1133 cum
583 1085 774 1133 Rutulo
801 1086 950 1132 morti
978 1085 1268 1136 Rhamnete
1295 1088 1548 1138 dederunt

253 1161 477 1227 Impiger
505 1162 832 1227 Hyrtacides,
863 1162 1264 1228 Hyrtacidaeque
1291 1183 1490 1224 comes;

183 1239 493 1288 Cliniadaeve
520 1241 686 1298 modo,
716 1241 1060 1289 circumdatus
1088 1243 1287 1306 ignibus
1316 1245 1453 1300 atris,
1505 1248 1602 1292 635

250 1317 486 1367 Membra
511 1318 641 1368 feras
672 1319 866 1383 Stygiae
892 1319 1247 1368 semicremata
1273 1322 1382 1369 rati.

184 1396 315 1445 Utve
342 1397 508 1445 Remo
535 1413 704 1445 muros
730 1414 853 1445 auso
880 1398 1093 1446 transire
1119 1408 1367 1456 recenteS,

251 1474 423 1523 Noxia
448 1476 548 1524 sint
573 1476 727 1540 capiti
756 1475 944 1523 rustica
970 1477 1072 1524 tela
1098 1484 1202 1524 tuo.

223 1584 300 1616 625.
345 1584 444 1626 thue
475 1586 688 1626 Melanthea]
729 1586 856 1616 Melan-

180 1633 284 1671 theus,
306 1634 478 1666 homicidio
500 1635 666 1671 obnoxius,
688 1646 785 1677 quum
811 1637 856 1666 la-

180 1688 272 1721 teret,
292 1695 311 1715 a
329 1690 429 1716 matre
450 1685 492 1716 rei
518 1685 619 1716 inscia
641 1684 858 1726 quaerentibus

180 1739 229 1764 est
251 1733 484 1772 manifestatus,
499 1740 595 1776 utque
614 1734 727 1765 nielius
741 1745 857 1776 cogno-

179 1791 315 1820 scerent,
332 1784 441 1816 lumen
454 1784 570 1816 adtulit
583 1797 592 1824 ;
607 1784 662 1827 qui
677 1791 790 1826 captus
805 1795 856 1816 ea-

178 1834 243 1877 pite
258 1835 413 1866 multatus
425 1841 483 1866 est.
518 1835 567 1865 Ita
583 1841 674 1866 vetus
690 1834 857 1877 interpreS,

179 1884 266 1927 quod
281 1884 358 1915 mihi
374 1885 521 1927 nuspiam
538 1885 671 1916 lectum.

225 1936 301 1967 627.
324 1935 375 1967 Sic
401 1942 455 1966 tua
482 1934 656 1976 conjectis]
687 1934 738 1965 Ad
765 1935 858 1976 liujus

179 1984 242 2016 loci
270 1984 564 2027 interpretationem
601 1991 663 2015 tres
697 1984 858 2015 inferiores

182 2044 290 2066 versus
318 2034 498 2077 pertinent:
536 2041 567 2066 et
598 2034 726 2065 Dolona
756 2034 858 2076 Phry-

179 2083 268 2126 gium
284 2090 384 2116 taxat.
430 2084 493 2115 Hic
515 2084 556 2115 ad
577 2084 762 2115 Graeeorum
791 2094 858 2114 cas-

181 2140 229 2166 tra
254 2134 450 2177 exploranda
468 2134 582 2165 missus
600 2140 649 2165 est
669 2144 688 2165 a
702 2133 858 2176 'l'rojanis‚

182 2185 300 2227 quibus
315 2184 454 2216 Achillis
477 2195 576 2226 equos
597 2183 758 2215 abducere
783 2194 860 2225 pac-

182 2242 234 2266 tus
254 2241 323 2266 est:
348 2235 404 2266 sed
429 2235 469 2266 ab
497 2235 614 2276 Ulysse
641 2241 671 2265 et
701 2234 858 2265 Diomede

181 2296 237 2328 per
267 2291 393 2317 noctem
423 2291 535 2327 captus
564 2284 740 2323 occiditur-3
772 2284 860 2326 prius

182 2342 291 2366 tamen
313 2335 521 2377 Trojanorum
549 2334 684 2367 detectis
705 2334 858 2366 consiliis.

184 2384 280 2417 Dom-

227 2435 305 2465 629.
346 2434 455 2469 Qualis
484 2445 570 2476 equos
594 2434 711 2475 pacta]
742 2434 860 2471 Dolon,

183 2483 338 2516 Eumedis
366 2484 462 2521 filius,
484 2484 517 2515 in
544 2489 648 2516 castra
674 2485 860 2516 Graecorum

182 2544 202 2565 a
230 2533 378 2576 Trojanis
405 2534 585 2577 explorator
614 2533 739 2570 missus,
769 2533 862 2575 equis

182 2583 324 2616 Achillis
338 2594 393 2627 pro
407 2584 555 2616 mercede
571 2584 631 2615 sibi
651 2583 825 2627 promissis,
841 2594 861 2616 a

182 2633 344 2665 Diomede
356 2640 389 2664 et
397 2633 513 2676 Ulysse
524 2634 732 2676 interceptus,
743 2639 774 2665 et
785 2643 860 2665 con-

186 2688 237 2715 tra
257 2681 355 2714 fldem
376 2682 485 2714 datam
500 2683 685 2715 interfectus
701 2688 760 2720 est,
775 2689 859 2725 post-

185 2743 283 2775 quam
313 2731 398 2775 ipsos
432 2732 623 2770 edocuisset,
652 2732 730 2775 quid
758 2744 862 2765 rerum

185 2781 316 2824 Trojani
328 2781 523 2814 molirentur.
546 2783 595 2813 Ex
614 2783 753 2814 Homero
768 2783 863 2815 Iliad.

191 2835 243 2871 X3
280 2831 381 2873 Dicty
408 2831 567 2870 Cretensi,
596 2832 652 2865 lib.
679 2832 713 2865 ii.
763 2832 864 2874 Cujus

928 1585 1003 1617 facti
1027 1587 1170 1618 meminit
1197 1587 1344 1623 Ovidius,
1369 1588 1462 1618 Trist.
1486 1589 1542 1620 lib.
1562 1590 1605 1621 iii.

927 1636 978 1666 El.
1003 1637 1033 1666 4.
1059 1643 1091 1667 et
1116 1638 1187 1667 Art.
1207 1637 1282 1668 Am.
1299 1637 1343 1668 lib
1357 1637 1399 1675 ii;
1422 1638 1497 1669 item
1525 1641 1606 1671 Met.

928 1685 985 1716 lib.
1000 1686 1068 1717 xiii.
1086 1698 1093 1723 ;
1120 1698 1183 1728 quo
1200 1687 1268 1718 loco
1283 1687 1443 1718 Dolonem
1460 1691 1605 1721 imbellem

929 1741 1030 1771 vocat,
1049 1741 1083 1766 ut
1104 1735 1155 1767 hic
1180 1738 1332 1773 timidum,
1348 1748 1386 1768 ex
1405 1738 1532 1770 Homeri
1558 1741 1604 1770 ni-

927 1784 1041 1815 mirum
1056 1786 1160 1816 verbis
1235 1785 1289 1818 ,Ὀ
1306 1786 1331 1818 δ’
1354 1788 1396 1829 ἄρ
1415 1788 1508 1826 ἔστη,
1527 1790 1605 1832 τάρ-

926 1833 1032 1874 βησέν
1052 1848 1085 1867 τε
1108 1836 1325 1877 Βαμβαὶνων·
1347 1835 1476 1879 ἄραβος
1496 1837 1527 1870 δὲ
1553 1838 1606 1870 διὰ

927 1886 1034 1928 στόμα
1051 1886 1174 1929 γίγνετ’
1188 1886 1346 1924 ὀδόντων,
1365 1889 1502 1931 Χλωρὸς
1521 1888 1606 1922 ὑπαὶ

927 1935 1044 1974 δείους.

972 1987 1048 2018 633,
1075 1987 1177 2022 Quam
1198 1999 1268 2028 quos
1287 1999 1356 2019 cum
1374 1987 1528 2029 Rutula]
1546 1988 1606 2020 Ni-

929 2047 994 2073 sus,
1018 2037 1149 2079 Hyrtaci
1167 2037 1262 2073 filius,
1278 2043 1310 2068 et
1324 2047 1430 2068 comes
1450 2039 1607 2081 Euryalus

928 2087 960 2117 in
1013 2085 1203 2117 Rutulorum
1245 2092 1350 2117 castra
1388 2097 1514 2124 venere,
1552 2088 1606 2119 ubi

930 2135 1159 2173 Rhamnetem,
1186 2136 1367 2177 multosque
1399 2135 1477 2167 alios
1514 2137 1608 2168 morti

929 2184 1056 2217 dedere.
1100 2186 1245 2216 Tandem
1277 2192 1309 2216 et
1340 2185 1400 2228 ipsi
1427 2186 1538 2226 agniti,
1553 2198 1607 2218 oc·

929 2236 985 2267 cisi
1001 2242 1085 2273 sunt,
1102 2241 1136 2267 ut
1157 2236 1190 2267 in
1205 2236 1266 2267 IX.
1284 2236 1414 2267 AEneid.
1431 2236 1608 2277 Virgil.est

929 2292 1048 2317 auctor.
1072 2286 1156 2317 ΖΑΒ.

973 2336 1048 2366 635.
1075 2336 1284 2376 Cliniadoeque
1311 2337 1407 2371 modo,
1431 2336 1512 2377 etc-J
1541 2336 1609 2368 Cli-

930 2384 1043 2415 niades
1069 2384 1258 2416 Alcibiades
1286 2384 1485 2426 intelligitur,
1518 2387 1609 2428 cujus

929 2440 1020 2476 pater
1040 2434 1164 2466 Clinias
1182 2434 1288 2466 dictus
1311 2434 1383 2465 fuit.
1428 2435 1529 2466 Periit
1551 2446 1609 2467 au-

929 2490 994 2516 tem
1016 2485 1049 2515 in
1073 2484 1190 2526 oppido
1215 2483 1353 2526 quodam
1372 2484 1532 2526 Phrygiae,
1548 2485 1610 2516 cir-

931 2533 1085 2565 cumdata
1105 2533 1210 2570 domo,
1231 2534 1264 2564 in
1283 2544 1347 2575 qua
1371 2538 1450 2570 erat,
1468 2533 1609 2575 ignibuS,

930 2595 1030 2626 quum
1055 2584 1077 2616 ii
1099 2585 1154 2626 qui
1180 2595 1199 2616 a
1219 2585 1427 2615 Pharnabazo
1446 2584 1486 2615 ad
1511 2585 1608 2616 inter-

929 2634 1102 2666 ficiendum
1117 2634 1209 2666 illum
1231 2634 1318 2665 missi
1339 2641 1439 2670 erant,
1456 2634 1536 2666 ferro
1553 2646 1607 2677 ag-

930 2684 1021 2727 gredi
1037 2695 1100 2716 non
1116 2683 1271 2715 auderent
1284 2696 1293 2723 ;
1317 2690 1462 2715 auctores
1475 2684 1560 2715 Plut.
1576 2690 1608 2716 et

933 2734 1095 2766 AEmilius.
1119 2735 1249 2765 Mrem.

977 2786 1054 2816 638.
1073 2785 1203 2815 Rustica
1225 2784 1314 2825 tela]
1331 2784 1482 2820 Rutrum,
1498 2785 1544 2816 vel
1558 2795 1608 2815 ra-

934 2840 1033 2866 strum
1050 2833 1203 2875 intelligo.
1220 2834 1302 2865 ZAn.
