1809 3220
228 188 314 232 488

625 188 674 228 P.
711 184 927 228 OVIDII
962 184 1248 227 NASONIS

218 305 424 369 Quique
451 304 513 351 ab
541 318 675 366 equo
703 319 931 367 praeceps
954 303 1004 350 in
1029 302 1176 351 Alei'a
1200 302 1391 351 decidit
1415 318 1546 360 arva,

285 383 455 431 Exitio
480 381 635 430 facies
661 381 742 429 cui
769 398 861 430 sua
885 398 1031 447 paene
1055 381 1165 430 fuit.

1540 383 1639 429 260

216 462 293 520 Id,
317 461 452 526 quod
476 460 855 526 Amyntorides,
873 461 1061 517 videas,
1081 461 1441 526 trepidumque
1465 459 1637 508 minis-

282 537 562 588 Praetentes
590 539 789 596 baculo,
819 539 1021 587 luminis
1048 540 1219 596 orbus,
1236 539 1359 587 iter:

1538 540 1636 602 [tro

213 617 322 666 Nec
350 618 462 682 plus
488 617 758 682 adspicias,
788 634 941 681 quam
965 634 1118 682 quem
1146 634 1237 666 sua
1255 618 1358 665 filia
1381 617 1529 674 rexit,

279 695 536 761 Expertus
562 696 729 743 scelus
755 704 835 743 est
860 697 1005 760 cujus
1031 703 1246 760 uterque
1274 711 1487 760 parens:

209 773 388 830 Qualis
415 781 536 830 erat,
555 781 825 838 postquam
845 782 924 822 est
942 775 1104 838 judex
1131 775 1195 822 de
1222 774 1309 822 lite
1330 775 1510 838 jocosa
1532 775 1630 820 265

280 853 506 910 Sumtus,
534 852 808 917 Apollinea
835 853 1001 901 clarus
1027 853 1077 900 in
1104 860 1211 901 arte
1239 869 1426 901 senex:

210 931 387 988 Qualis
412 938 464 979 et
488 932 572 980 ille
598 931 708 988 fuit,
737 948 839 995 quo
865 932 1194 997 praecipiente
1221 932 1459 980 columba

277 1008 373 1058 Est
397 1009 517 1057 data
542 1008 783 1058 Palladiae
809 1010 995 1075 praevia
1020 1010 1231 1075 duxque
1256 1010 1379 1059 rati:

205 1183 357 1216 emissam
389 1194 407 1215 a
437 1192 527 1227 patre
556 1185 596 1216 ob
637 1190 779 1226 stuprum
814 1195 885 1216 cum

208 1234 359 1272 Hercule,
374 1235 556 1278 pervenisse
582 1235 615 1267 in
632 1235 784 1277 Mysiam,
800 1246 837 1267 eo
852 1246 885 1266 se

208 1285 364 1317 contulit:
402 1285 456 1317 ubi
481 1296 500 1317 a
527 1285 722 1318 Teuthrante
753 1296 825 1327 rege
854 1292 886 1316 et

209 1335 303 1377 Auge
333 1336 427 1367 ducta
467 1343 516 1367 est
549 1347 638 1373 uxor,
667 1343 698 1367 et
726 1335 885 1378 Telephus

208 1385 312 1417 factus
327 1385 420 1423 filius,
440 1397 602 1417 successor
618 1386 719 1428 regni,
738 1386 882 1417 vulnera-

207 1441 258 1466 tus
273 1442 320 1467 est
336 1436 376 1467 ab
392 1435 531 1467 Achille.
556 1436 652 1467 Dmr.

250 1486 327 1517 258.
352 1488 532 1527 Armatique
560 1487 633 1517 tulit
656 1487 779 1523 vulnus,
801 1488 882 1517 iner-

207 1538 264 1567 mis
279 1536 389 1578 opem]
409 1537 453 1568 Ut
475 1536 515 1567 sit
533 1546 661 1567 sensus:
687 1537 751 1573 Qui
770 1536 884 1567 vulnus

207 1586 248 1617 ab
275 1592 410 1623 armato,
430 1586 461 1617 id
486 1592 545 1623 est,
565 1586 655 1617 hoste
680 1586 807 1617 Achille
829 1597 881 1617 ac-

205 1635 302 1678 cepit,
318 1635 403 1678 quod
425 1641 536 1678 postea
559 1635 701 1678 ejusdem
726 1635 812 1667 illius
834 1646 883 1667 re-

204 1686 366 1718 conciliati
383 1686 502 1717 auxilio
520 1691 551 1717 et
573 1697 632 1729 ope
649 1692 795 1717 curatum
812 1685 882 1718 fuit.

248 1738 322 1769 259.
347 1736 468 1777 Ale'ia.]
495 1736 616 1768 Graecis
639 1735 761 1775 Ἀλὴἵα
785 1735 880 1769 πεδία

202 1793 292 1824 sunt,
319 1795 352 1818 et
376 1785 491 1818 πεδίον
512 1786 663 1826 Ἀλήϊον.
695 1787 809 1824 Plinio,
825 1787 881 1819 lib.

204 1848 234 1869 v.
261 1848 332 1880 cap.
358 1838 412 1869 27.
440 1839 538 1878 compi
568 1838 671 1874 Aleiz';
711 1838 878 1875 Homerus,

203 1886 301 1918 Iliad.
329 1891 364 1919 Z.
384 1886 425 1918 de
451 1887 718 1929 Bellerophonte:
738 1885 835 1919 Ἤτοι
861 1887 878 1919 ὁ

203 1937 393 1970 καππεδὶον
424 1938 462 1969 τὸ
492 1937 631 1976 ’Λλὴἵον
668 1937 735 1976 οἷος
773 1937 878 1970 ἀλᾶτο

194 1986 262 2020 ’Ὁν
276 1988 381 2031 θυμὸν
394 1986 550 2024 κατέδων,
563 1987 674 2020 πάτον
687 1987 878 2031 ἀνθρώπων

201 2038 372 2071 ἀλεείνων.
421 2039 502 2076 Quae
534 2038 647 2070 Cicero
685 2039 730 2070 sic
763 2039 875 2070 vertit:

202 2092 222 2106 “
241 2088 305 2127 Qui
331 2088 425 2120 miser
448 2088 479 2119 in
502 2088 624 2132 campis
640 2099 778 2121 moerens
792 2099 875 2121 erra-

201 2139 258 2169 bat
277 2137 380 2175 Aleis,
400 2137 473 2180 Ipse
499 2149 589 2169 suum
611 2149 664 2169 cor
686 2138 795 2176 edens,
821 2139 876 2170 ho—

206 2188 328 2220 minum
347 2188 479 2230 vestigia
495 2188 637 2220 vitans.”

246 2239 323 2269 261.
350 2238 400 2275 Id,
421 2240 499 2280 quod
521 2239 747 2280 Amyntorides,
763 2241 875 2276 videas,

204 2289 412 2329 trepidumque
441 2289 590 2326 ministro,
620 2288 701 2330 etc.]
739 2289 878 2322 Phoenix

203 2336 287 2369 filius
315 2338 496 2380 Amyntoris
526 2338 598 2376 fuit,
626 2338 683 2369 filii
709 2338 878 2382 Cercaphi,

203 2398 297 2429 quem
319 2387 488 2419 Ormenius
513 2389 633 2430 genuit.
680 2389 754 2425 llic,
777 2401 875 2432 quum

203 2436 333 2470 haberet
362 2448 426 2469 rem
456 2448 528 2469 cum
560 2438 675 2481 pellice
705 2439 816 2481 patris,
841 2447 876 2471 ut

203 2493 312 2519 auctor
341 2493 389 2519 est
415 2487 512 2518 Hom.
539 2487 697 2519 delatione
729 2500 873 2521 novercae

204 2543 372 2568 accusatus
403 2536 538 2578 aufugit,
566 2537 715 2580 venitque
746 2538 785 2570 ad
816 2539 875 2570 Pe-

202 2585 300 2623 leum,
316 2586 455 2617 Achillis
471 2593 605 2629 patrem.

246 2636 321 2667 263.
333 2636 396 2667 Nec
404 2636 578 2678 plus,etc.]
593 2636 741 2679 OEdipus,
754 2637 876 2670 incesta

203 2692 316 2723 matre,
338 2692 370 2717 et
385 2686 483 2729 patris
503 2696 579 2718 nece
595 2687 734 2724 infamis,
753 2688 792 2718 ob
806 2698 875 2719 sce-

204 2735 277 2767 leris
297 2735 522 2768 conscientiam
549 2742 688 2768 caecatus
713 2744 771 2774 est.
788 2748 874 2780 rege-

203 2786 357 2828 baturque
374 2796 477 2818 caecus
490 2787 530 2818 ab
548 2786 673 2818 Ismena
690 2787 764 2819 filia.

1000 1186 1074 1216 265.
1101 1184 1237 1226 Qualis]
1261 1183 1410 1222 Tiresias,
1433 1190 1555 1216 sumtus
1576 1185 1628 1227 ju-

955 1235 1016 1266 dex
1040 1247 1058 1267 a
1079 1236 1206 1268 Junone
1224 1242 1256 1267 et
1278 1236 1370 1272 Jove,
1387 1234 1485 1266 virine
1506 1245 1546 1266 an
1561 1246 1630 1267 mu-

954 1285 1040 1317 lieris
1069 1285 1169 1317 libido
1199 1286 1297 1328 major
1322 1291 1415 1322 esset,
1440 1285 1628 1317 sententiam

954 1335 1028 1367 tulit
1053 1336 1086 1366 in
1115 1336 1289 1372 Junonem,
1316 1346 1335 1366 a
1361 1346 1426 1378 qua
1455 1335 1556 1367 oculis
1581 1341 1629 1366 est

953 1385 1113 1427 privatus:
1140 1385 1194 1417 scd
1224 1384 1352 1428 Jupiter
1374 1385 1556 1417 consolatus
1581 1391 1629 1416 est

952 1435 1020 1477 ejus
1040 1435 1253 1466 calamitatem
1280 1435 1418 1474 honore3
1442 1446 1515 1466 nam
1539 1434 1628 1466 dedit

952 1485 1116 1517 divinandi
1147 1491 1265 1517 artem:
1292 1485 1344 1517 hic
1373 1485 1521 1528 praedixit
1542 1485 1626 1516 The-

952 1537 1062 1568 barum
1084 1536 1257 1567 interitum.
1294 1536 1444 1579 Daphne,
1463 1536 1531 1579 ejus
1546 1535 1624 1572 filia,

951 1598 1022 1628 quae
1047 1593 1156 1629 postea
1180 1586 1267 1617 dicta
1290 1593 1338 1618 est
1361 1586 1495 1629 Sibylla,
1515 1585 1627 1618 vatici-

951 1636 1048 1668 nandi
1073 1642 1139 1668 arte
1163 1636 1284 1674 edocta,
1308 1637 1410 1668 multa
1432 1636 1557 1680 scripsit
1579 1647 1626 1668 re-

950 1697 1066 1728 sponsa
1081 1698 1090 1726 ;
1113 1685 1198 1718 unde
1221 1686 1351 1718 Homer.
1365 1697 1477 1730 poema
1493 1687 1626 1718 ornavit.

952 1735 1046 1767 Dom-
1095 1736 1204 1771 Qualis
1218 1742 1284 1767 erat
1294 1743 1461 1778 postquam,
1471 1741 1535 1767 etc.
1545 1736 1623 1767 Tra-

950 1785 1035 1817 ditur
1059 1792 1090 1817 et
1114 1785 1179 1818 alia
1202 1796 1308 1823 causa,
1322 1797 1378 1818 cur
1392 1785 1462 1818 visu
1482 1785 1626 1828 privatus

949 1836 1044 1868 suerit
1071 1836 1227 1868 Tiresias:
1253 1836 1404 1868 videlicet
1433 1835 1518 1878 quod
1547 1836 1623 1867 Pal-

947 1886 1053 1918 ladem
1084 1887 1243 1918 lavantem
1270 1886 1389 1918 nudam
1416 1885 1624 1929 adspexisset.

948 1937 1078 1968 Mrem..

991 1988 1065 2018 267.
1085 1987 1194 2022 Qualis
1207 1994 1235 2019 et
1251 1987 1340 2029 ipsa]
1360 1987 1513 2025 Phineus,
1525 1988 1622 2019 Arco-

946 2038 1003 2068 diae
1021 2049 1095 2068 rea:
1128 2041 1179 2079 qui
1206 2040 1301 2069 ducta
1330 2037 1491 2078 Cleopatra
1516 2049 1622 2074 uxore,

949 2088 1101 2129 Orythum
1126 2095 1155 2119 et
1183 2088 1326 2119 Crambin
1349 2099 1383 2119 ea·
1409 2099 1442 2119 eo
1455 2089 1543 2130 filios
1567 2089 1621 2119 ha-

946 2140 1030 2169 buit.-
1047 2140 1265 2180 superinducta
1282 2149 1420 2176 noverca,
1435 2150 1526 2170 suasu
1541 2141 1621 2180 ejus-

945 2190 1011 2220 dcm
1032 2191 1138 2221 liberos
1162 2192 1340 2221 excavavit.-
1364 2191 1447 2220 unde
1467 2196 1496 2221 et
1520 2191 1578 2230 ipsi
1603 2202 1621 2221 a

949 2239 1020 2270 Diis
1042 2242 1131 2271 iratis
1148 2241 1231 2271 eruti
1252 2240 1346 2276 oculi,
1362 2246 1394 2271 et
1409 2239 1545 2283 dapibus
1559 2250 1620 2271 non

947 2294 1070 2331 poterat
1090 2289 1188 2326 vesci,
1204 2299 1302 2332 quum
1319 2289 1459 2332 Harpyae
1484 2289 1620 2321 admotae

947 2339 1064 2371 mensis
1085 2349 1143 2371 'eas
1166 2339 1337 2372 foedarent.
1382 2341 1476 2372 Zetus
1498 2346 1530 2372 et
1557 2339 1621 2372 Ca·

946 2388 1016 2426 lais,
1032 2390 1144 2421 Boreae
1161 2389 1229 2426 filii,
1245 2389 1379 2421 insecuti
1394 2395 1468 2421 sunt
1489 2400 1564 2422 aves
1580 2390 1620 2422 ad

944 2439 1054 2471 Plotas
1092 2451 1192 2482 usque
1230 2440 1361 2478 insulas,
1400 2450 1471 2482 quae
1507 2446 1619 2483 postea

944 2488 1038 2521 dictae
1063 2496 1136 2521 sunt
1155 2491 1353 2531 Strophades:
1379 2500 1516 2532 eumque
1533 2496 1620 2522 tanto

945 2539 1101 2582 supplicio
1128 2540 1313 2572 liberarunt.
1367 2542 1440 2578 Quo
1465 2540 1620 2572 beneficio

945 2588 1125 2626 devinctus,
1165 2590 1252 2621 canit
1288 2589 1372 2633 apud
1410 2589 1618 2632 Apollonium

946 2639 1119 2676 Rhodium,
1135 2650 1264 2672 monens
1284 2640 1498 2682 Argonautas,
1515 2646 1550 2672 ut
1565 2639 1615 2672 in-

945 2696 992 2721 ter
1002 2690 1150 2732 Cyaneas
1165 2696 1269 2733 petras
1283 2690 1463 2722 columbam
1477 2700 1615 2732 sequan—

944 2744 1004 2776 tur,
1021 2749 1115 2781 quam
1128 2739 1184 2771 Dii
1199 2740 1373 2772 mitterent.

987 2789 1062 2820 268.
1083 2789 1263 2831 Palladim]
1290 2789 1378 2831 Argo
1399 2787 1488 2821 navis
1504 2788 1614 2820 Paua-
