1830 3220
594 184 946 228 FASTORUM
979 185 1100 228 LIB.
1136 186 1175 227 I.
1537 186 1595 228 53

177 299 463 349 Frondibus
490 302 716 350 Actiacis
735 309 930 350 comtos
956 302 1190 350 redimita
1214 302 1443 367 capillos,

246 377 358 426 Pax
385 379 523 437 ades,
552 387 604 428 et
629 387 735 428 toto
760 380 896 427 mitis
921 380 972 427 in
998 381 1118 428 orbe
1140 396 1304 428 mane.

179 455 314 504 Dum
341 458 527 506 desunt
550 458 742 514 hostes,
761 457 894 506 desit
920 474 1126 521 quoque
1152 474 1307 506 causa
1324 458 1593 523 triumphi:

245 535 322 583 Tu
349 536 565 584 ducibus
586 537 722 584 bello
749 536 907 600 gloria
931 538 1090 600 major
1115 537 1232 585 eris.

180 613 300 661 Sola
326 623 468 678 gerat
492 615 654 672 mile&
680 616 864 679 quibus
885 631 1023 663 arma
1048 623 1298 671 coerceat,
1325 631 1492 673 arma3

247 692 599 757 Canteturque
625 693 730 741 fera
756 693 843 750 nil,
867 694 962 741 nisi
991 710 1193 758 pompa,
1219 694 1359 741 tuba.

1502 696 1598 740 716

178 768 396 818 Horreat
421 770 674 819 AEneadas
701 778 753 819 et
779 771 972 836 primus
999 780 1050 820 et
1075 772 1284 819 ultimus
1311 771 1471 820 orbis:

248 848 303 895 Si
330 865 432 913 qua
457 866 635 913 parum
663 849 881 898 Romam
906 858 1040 898 terra
1063 850 1280 906 timebit,
1309 857 1460 898 amet.

177 925 328 984 Tura,
356 928 664 985 sacerdotes,
693 929 956 992 pacalibus
984 928 1157 976 addite
1183 928 1429 986 flammis3

245 1006 480 1070 Albaque
508 1023 750 1071 percussa
769 1006 977 1055 victima
1002 1007 1165 1055 fronte
1191 1007 1358 1054 cadat.

1502 1009 1600 1053 720

179 1082 354 1148 thue
379 1084 577 1141 domus,
597 1101 711 1148 quae
738 1092 944 1149 praestat
970 1101 1098 1142 eam,
1117 1101 1234 1132 cum
1256 1084 1393 1132 Pace
1419 1101 1600 1149 peren-

246 1162 329 1209 Ad
354 1163 440 1228 pia
464 1179 744 1228 propensos
768 1171 884 1211 vota
905 1171 1078 1228 rogate
1106 1163 1261 1212 Deos,

1475 1163 1599 1225 [net,

181 1240 283 1289 Sed
303 1242 411 1305 jam
438 1242 601 1306 prima
626 1241 726 1289 mei
752 1258 869 1306 pars
896 1250 974 1290 est
1000 1249 1182 1290 exacta
1206 1241 1410 1298 laboris,

247 1320 484 1384 Cumque
511 1338 602 1369 suo
623 1321 775 1369 finem
800 1338 974 1370 mense
1000 1321 1204 1369 libellus
1230 1320 1404 1368 habet.

177 1466 230 1499 vii.
244 1467 320 1499 751.
339 1472 359 1485 “
376 1466 524 1499 sacerdos
540 1467 663 1499 Fronde
679 1478 775 1509 super
797 1478 853 1509 ga-

177 1518 262 1549 leam
290 1523 321 1549 et
351 1517 436 1550 felici
468 1522 593 1548 comtus
623 1517 709 1548 oliva
721 1517 752 1557 ;’'
777 1518 855 1548 AEn.

177 1567 234 1599 lib.
256 1568 355 1600 VIII.
377 1579 407 1599 v.
431 1569 502 1599 128.
524 1567 605 1599 vitta
629 1573 750 1598 comtos
774 1578 854 1610 prae-

178 1618 310 1650 tendere
325 1618 463 1650 ramos.''

222 1669 297 1700 716.
325 1668 414 1700 Tuboe
443 1679 519 1700 usus
546 1674 578 1699 et
602 1667 635 1699 in
656 1668 741 1699 bello
764 1673 797 1699 et
820 1666 854 1698 in

176 1718 273 1750 sacris
300 1718 583 1761 spectaculisque;
606 1719 762 1760 Calpurn.
785 1717 854 1748 Ecl.

176 1769 198 1801 i.
215 1770 268 1800 67.
295 1773 315 1786 “
333 1769 423 1800 Inter
447 1779 539 1800 sacra
565 1769 669 1804 tubas,
691 1779 753 1798 non
772 1768 856 1798 inter

176 1819 265 1851 bella
288 1819 437 1850 sonare.'’
483 1820 565 1856 Quae
590 1818 630 1849 ad
652 1817 738 1848 bella
760 1815 856 1859 perti-

177 1874 266 1906 nent,
291 1879 330 1900 ea
341 1868 420 1911 fera
439 1873 603 1899 vocantur.
647 1868 783 1898 Ultimus
807 1878 855 1897 or-

178 1922 231 1957 bis,
270 1925 360 1950 terrae
400 1918 639 1957 remotissimae3
671 1917 785 1949 Bentl.
816 1916 857 1948 ad

177 1969 357 2006 Horatium,
383 1969 413 2000 I.
438 1969 504 2000 Od.
522 1980 619 2000 xxxv.
635 1969 691 2000 29.
730 1968 858 1999 Primus

176 2025 361 2062 ergorsunt
396 2019 596 2061 propinquae.
644 2018 769 2049 Pacalis
799 2027 857 2048 vox

176 2070 282 2102 forsan
313 2071 352 2101 ab
381 2069 500 2101 Ovidio
521 2069 629 2108 facta3
653 2069 789 2100 Metam.
816 2066 858 2098 vi.

180 2122 256 2152 Ill.
291 2121 361 2152 oleae
393 2121 528 2161 pactiles.
591 2119 752 2150 Percussa.
790 2117 858 2149 Alii

176 2171 315 2213 perfusa,
332 2170 418 2213 quod
432 2169 593 2202 Taubner.
609 2169 649 2201 ad
668 2179 787 2200 morem
809 2178 857 2199 re-

926 1468 997 1504 fert,
1009 1478 1072 1510 quo
1084 1478 1207 1499 merum
1223 1477 1261 1498 ex
1273 1472 1384 1509 patera
1395 1465 1476 1497 inter
1487 1475 1605 1497 cornua

926 1518 1036 1549 hostiae
1067 1517 1303 1548 effundebatur.
1350 1515 1453 1547 Alteri
1476 1515 1605 1546 lectioni

924 1567 1037 1599 similis
1050 1575 1109 1604 est,
1122 1567 1177 1599 sed
1193 1567 1327 1610 plenior,
1340 1567 1429 1598 locus
1438 1566 1499 1597 IV.
1509 1565 1604 1597 Trist.

924 1619 958 1650 ii.
972 1621 1014 1650 5:
1043 1623 1066 1636 ‘⁶
1088 1617 1299 1659 Candidaque
1325 1617 1465 1649 adducta
1485 1616 1603 1648 collum

924 1678 1076 1710 percussa
1091 1667 1195 1699 securi
1208 1667 1352 1699 Victima
1362 1677 1522 1710 purpureo
1533 1676 1605 1697 san-

924 1717 1019 1760 guine
1044 1717 1171 1760 tinguat
1193 1717 1361 1749 humum.”
1409 1717 1527 1748 Confer
1552 1727 1604 1746 su-

924 1779 982 1811 pra
997 1769 1050 1799 83.
1067 1769 1142 1799 320.
1182 1768 1246 1799 Pro
1268 1774 1391 1808 proestat
1407 1765 1606 1798 Francofurt.

923 1824 956 1849 et
980 1817 1129 1849 undecim
1156 1817 1210 1848 alii
1232 1822 1366 1857 praestet,
1383 1821 1419 1847 ut
1442 1813 1535 1846 simul
1551 1825 1607 1846 vo-

924 1873 992 1898 tum
1016 1867 1171 1898 includat.
1218 1866 1397 1907 Hamburg.
1416 1876 1521 1905 pacem
1541 1875 1605 1905 quae

921 1924 1058 1959 praestat,
1073 1929 1147 1957 pace
1167 1922 1326 1956 perennet,
1343 1915 1472 1957 qualem
1496 1914 1605 1945 lusum

926 1968 1062 1999 Ovidius
1089 1978 1165 1999 sane
1189 1972 1287 2003 amat,
1312 1971 1349 1997 ut
1363 1976 1444 1998 vers.
1466 1966 1520 1996 25.
1537 1965 1600 2003 723

926 2018 959 2050 ii.
975 2020 1030 2050 52.
1045 2024 1078 2050 et
1090 2028 1187 2060 saepe.
1234 2016 1357 2048 Passim
1374 2022 1480 2048 autem
1494 2015 1526 2046 in
1542 2014 1602 2045 hoc

926 2079 1021 2111 opere
1042 2079 1156 2111 pacem
1177 2066 1392 2103 commendat,
1409 2065 1600 2097 detestatur-

928 2129 990 2161 que
1003 2118 1101 2150 bella.
