1830 3220
190 208 247 249 32

573 203 623 243 Ρ.
658 200 874 244 0V1D11
908 198 1193 241 NASONIS

191 322 286 371 Illa
311 337 463 386 super
488 334 627 367 suras
652 317 877 365 tunicam
902 315 1117 363 collecta
1140 314 1420 363 ministrat:

258 400 432 447 Altera
456 398 651 445 dissuto
675 402 854 460 pectus
882 401 1058 458 aperta
1083 393 1211 442 sinu,

1460 393 1575 456 [bas
1596 411 1606 450 ;

190 477 395 526 Exserit
418 477 525 523 haec
546 475 839 522 humerum:
868 478 1061 520 vestem
1086 471 1242 519 trahit
1266 470 1353 520 illa
1377 487 1468 536 per
1486 471 1600 519 her-

261 553 555 619 Impediunt
580 558 780 600 teneros
804 550 1008 598 vincula
1032 550 1170 598 nulla
1194 550 1353 614 pedes
1373 567 1383 598 ε

1503 552 1604 596 410

191 632 324 680 Hinc
350 632 459 679 aliae
488 629 683 694 Satyris
708 628 942 676 incendia
966 627 1110 675 mitia
1133 628 1390 692 praebent;

258 710 385 757 Pars
411 708 519 764 tibi,
548 707 635 771 qui
662 707 782 771 pinu
799 713 1039 771 tempora
1062 722 1196 753 nexa
1220 705 1383 769 geris:

191 787 265 835 Te
291 802 512 850 quoque,
538 783 858 832 inexstinctae
889 783 1059 831 Silene
1084 783 1325 840 libidinis,
1351 788 1532 839 urunt;

261 863 505 927 Nequitia
530 869 609 911 est
634 877 747 925 quae
772 868 824 909 te
848 878 948 909 non
974 862 1093 909 sinit
1117 878 1229 910 esse
1256 877 1448 909 senem.

192 941 264 989 At
287 943 452 997 ruber,
479 941 735 988 hortorum
760 939 916 986 decus
942 946 993 986 et
1016 939 1193 993 tutela,
1221 938 1438 1003 Priapus
1505 940 1604 985 415

261 1019 511 1066 Omnibus
537 1034 601 1065 ex
626 1016 725 1063 illis
753 1015 932 1064 Lotide
957 1023 1138 1080 captus
1165 1023 1287 1064 erat.

195 1095 341 1144 Hanc
367 1095 524 1160 cupit,
551 1096 680 1142 lianc
707 1102 875 1159 optat;
919 1094 1026 1142 sola
1051 1094 1269 1158 suspirat
1292 1093 1344 1140 in
1370 1092 1488 1151 illa;

265 1174 527 1238 Signaque
551 1173 640 1220 dat
665 1180 807 1227 num,
835 1172 1181 1235 sollicitatque
1207 1171 1356 1218 notis.
1414 1171 1570 1232 [mam
1591 1185 1600 1216 :

197 1250 379 1299 Fastus
417 1251 549 1298 inest
588 1249 827 1314 pulchris,
869 1249 1200 1312 sequiturque
1238 1247 1478 1312 superbia
1509 1246 1606 1295 for-

263 1329 471 1376 Irrisum
496 1328 636 1375 vultu
663 1327 881 1392 despicit
905 1327 991 1374 illa
1014 1343 1122 1374 suo.

1506 1327 1606 1371 420

195 1406 319 1454 Nox
346 1414 479 1455 erat:
520 1413 586 1462 et,
615 1405 729 1453 vino
756 1421 987 1452 somnum
1013 1404 1247 1460 faciente,
1269 1403 1512 1467 jacebant

264 1485 505 1549 Corpora,
533 1483 741 1531 diversis
766 1483 901 1530 victa
924 1498 1103 1547 sopore
1129 1481 1272 1529 locis.

196 1561 334 1610 Lotis
360 1563 411 1610 in
437 1562 669 1618 herbosa,
698 1561 791 1608 sub
817 1561 1011 1608 acernis
1037 1560 1216 1608 ultima
1240 1558 1408 1614 ramis,

264 1640 408 1687 Sicut
431 1647 539 1688 erat
562 1640 676 1686 lusu
702 1638 851 1696 fessa,
880 1637 1071 1701 quievit
1095 1638 1266 1685 humo.

195 1835 462 1867 Gramine—toris
470 1833 596 1876 dignius
603 1845 698 1876 quam
710 1835 864 1876 gramine.

195 1886 296 1916 Parce
311 1884 480 1926 conjunge,
498 1894 562 1915 non
580 1893 653 1914 cum
674 1886 792 1927 agebat,
808 1885 864 1916 sed

193 1945 266 1966 cum
294 1935 468 1964 miscendas.
514 1933 663 1975 Optimus
693 1935 865 1976 putabatur

194 1989 288 2026 potus
309 1993 326 2014 e
345 1983 444 2013 tribus
466 1993 556 2024 aquae
575 1982 718 2024 partibus
743 1989 863 2026 tempe-

193 2039 292 2069 ratuS,
301 2043 337 2064 ac
346 2032 470 2063 duabus
478 2031 555 2063 vini.
567 2031 665 2063 Arist.
674 2033 782 2074 Equit.
792 2044 864 2075 pag.

195 2084 271 2114 355.
316 2081 383 2113 Alii
399 2087 544 2124 quartam
567 2088 620 2112 aut
639 2080 782 2124 quintam
800 2082 864 2113 vini

195 2137 314 2174 partem
332 2130 611 2163 commendabant.
658 2131 743 2163 Vide
763 2132 863 2174 Span-

195 2181 280 2212 hem.
296 2181 337 2213 ad
349 2181 477 2213 Gallim.
494 2182 602 2223 hymn.
617 2181 649 2212 in
666 2181 794 2212 Pallad.
813 2183 865 2213 47.

239 2232 314 2261 407.
345 2230 501 2261 Ministrae
531 2241 656 2262 mensas
686 2231 789 2273 epulis
817 2231 865 2261 in-

195 2285 352 2311 struentes
391 2279 560 2311 succinctae
603 2291 670 2312 esse
707 2281 864 2311 solebant.

196 2330 331 2361 Metam.
344 2329 410 2361 viii.
424 2330 499 2361 660.
547 2330 669 2361 Tunicas
683 2331 863 2367 mulierum,

196 2391 266 2423 quae
291 2380 451 2422 Nymphis
473 2385 505 2411 et
529 2380 606 2411 alibi
629 2380 757 2417 dantur,
776 2386 810 2412 ut
827 2381 862 2412 ii.

197 2430 270 2462 171.
292 2430 448 2472 longiores
471 2436 571 2467 erant,
596 2431 637 2462 ad
661 2431 739 2462 talos
763 2443 863 2474 usque

194 2480 349 2512 demissae.
364 2480 489 2511 Dissuta
498 2482 565 2510 simi
573 2503 581 2512 .
600 2481 752 2523 Neapolis
760 2487 863 2524 putat,

195 2530 326 2561 fasciam
341 2530 533 2571 pectoralem
544 2541 611 2561 esse
627 2530 780 2561 solutam.
807 2532 863 2562 sed

196 2579 257 2610 hoc
270 2589 332 2610 non
343 2578 495 2621 potuisset
505 2579 598 2610 verbo
611 2581 705 2610 dissui
715 2580 863 2622 exprimi.

194 2629 309 2664 Immo,
333 2627 372 2659 de
395 2628 497 2659 soluta
519 2635 627 2659 sutura
645 2628 862 2669 cogitandum.

200 2678 341 2714 Vincula,
387 2676 613 2708 calceamenta.
673 2677 861 2718 Impediunt,

193 2728 336 2769 cingunt.

241 2778 314 2807 412.
350 2777 417 2807 Pan
454 2782 549 2818 caput
578 2775 739 2807 frondibus
767 2779 860 2816 pineis

931 1840 1059 1881 cingere
1075 1839 1209 1876 solebat,
1225 1840 1362 1870 Metam.
1379 1838 1401 1869 i.
1417 1838 1492 1870 699.
1519 1837 1606 1869 Iner-

931 1893 1060 1924 stinctae,
1089 1889 1165 1931 quia
1201 1888 1242 1919 ad
1280 1892 1477 1919 senectutem
1507 1897 1607 1929 usque

932 1939 1067 1970 durabat
1082 1950 1090 1977 ;
1112 1938 1146 1968 in
1181 1937 1286 1974 Ibide,
1317 1939 1394 1968 428.
1423 1938 1605 1967 inexstincta

922 1989 1036 2030 fames.
1065 1988 1182 2023 Urunt,
1207 1992 1241 2018 ut
1260 1986 1340 2017 illud
1366 1986 1438 2017 Urit
1462 1997 1508 2017 me
1527 1985 1606 2027 Gly-

932 2049 1006 2069 cerae
1018 2039 1102 2069 nitor·
1117 2037 1229 2068 Horat.
1245 2037 1275 2067 1.
1287 2035 1351 2067 Od.
1370 2037 1417 2067 19.
1444 2035 1605 2076 Nequitia,

933 2086 1102 2118 libidinosa
1121 2086 1245 2123 levitas,
1269 2096 1341 2128 quae
1362 2085 1394 2116 in
1420 2085 1608 2117 concubitus

933 2136 1047 2167 vetitos
1056 2137 1163 2167 fertur.
1188 2136 1289 2167 Decus
1299 2135 1452 2166 debemus
1462 2134 1607 2166 Heinsio.

933 2186 988 2218 Sin
1018 2188 1107 2217 decus
1131 2196 1241 2217 verum
1267 2191 1325 2222 est,
1351 2185 1459 2227 jocose
1483 2184 1605 2216 dictum

934 2235 1070 2267 videtur.
1108 2234 1196 2266 Notae
1221 2235 1261 2266 de
1291 2235 1422 2266 nutibus
1447 2240 1480 2265 et
1508 2234 1607 2276 signis

935 2285 1110 2316 amantium
1125 2296 1132 2323 ;
1155 2285 1265 2316 Amor.
1276 2284 1340 2315 III.
1353 2284 1395 2315 xi.
1407 2285 1461 2315 23.
1474 2287 1495 2301 ‘¹
1507 2285 1606 2315 verba

935 2334 1114 2377 compositis
1130 2334 1329 2366 dissimulata
1344 2333 1461 2365 notis.’'
1500 2334 1608 2365 Tibul.

931 2384 959 2414 Ι.
976 2384 1010 2415 ii.
1025 2385 1080 2415 22.
1106 2388 1128 2402 ‘¹
1143 2384 1335 2426 Blandaque
1350 2383 1535 2426 compositis
1549 2384 1607 2415 ob-

931 2433 1005 2465 dere
1040 2435 1137 2465 verba
1179 2433 1294 2465 notis.”
1347 2434 1531 2471 Sollicitare,
1569 2440 1605 2466 ut

931 2484 1038 2515 Graec.
1057 2485 1189 2526 πειρᾷν,
1206 2483 1275 2515 scil.
1292 2483 1332 2515 ad
1349 2483 1568 2515 concubitum.

975 2533 1051 2564 419.
1070 2533 1243 2573 Pulchris]
1265 2532 1378 2564 Heius.
1389 2533 1525 2573 pulchra>
1536 2543 1604 2564 ma-

930 2582 1031 2613 lebat.
1078 2582 1161 2612 Mihi
1177 2582 1309 2613 altemm
1323 2582 1423 2624 magis
1437 2583 1553 2625 placet,
1569 2589 1605 2614 ut

930 2630 970 2661 sit
993 2631 1150 2673 generalis
1173 2631 1341 2668 sententia,
1360 2642 1431 2673 quae
1451 2642 1516 2662 ver.
1537 2641 1606 2673 seq.

929 2681 1113 2722 pronomine
1137 2682 1194 2712 illu
1226 2679 1368 2712 deflectit
1398 2680 1439 2712 ad
1475 2680 1602 2712 Lotida.

930 2730 1041 2762 Fusius
1051 2736 1082 2762 et
1094 2732 1232 2771 superbia
1243 2731 1284 2761 de
1300 2730 1350 2766 iis,
1363 2730 1418 2772 qui
1433 2740 1495 2761 non
1511 2730 1602 2761 reda·

928 2786 1015 2810 mant
1034 2786 1186 2811 amatores
1202 2790 1293 2817 suos;
1311 2779 1447 2811 Metam.
1464 2779 1508 2811 iii.
1523 2780 1600 2811 354.
