1830 3220
572 171 645 214 IN
679 170 896 214 OVIDII
930 171 1183 216 FASTOS.
1497 176 1583 218 391

169 293 249 337 est,
284 294 330 330 et
360 288 541 330 fortasse
574 287 752 330 aliorum
785 289 1040 344 populorum
1071 305 1193 332 sacra
1224 291 1276 332 ad
1311 290 1410 333 Sirii
1446 298 1585 334 ortum

168 358 386 399 celebrata
406 358 511 413 (vid.
535 372 632 412 quae
653 373 783 413 supra
803 360 984 413 adduxi)
1006 360 1046 401 ei
1070 366 1169 402 ante
1192 361 1337 402 oculos
1361 367 1496 403 erant.

227 427 287 467 40.
312 442 356 468 v.
376 426 476 468 723,
499 427 559 480 (d.
581 427 638 468 22
659 427 787 480 Mai.)

229 497 376 538 Nocte
411 503 620 551 sequente
657 497 771 538 diem
802 499 917 539 canis
955 498 1214 553 Erigoneius
1244 499 1346 540 exit.
1411 500 1459 541 Si
1491 515 1588 541 cum

170 566 479 622 interpretibus
499 567 645 615 faciam,
672 567 787 608 locus
811 575 960 622 aperte
982 569 1114 609 falsus
1137 576 1217 611 est.
1281 570 1343 610 Hi
1365 570 1478 611 enim
1499 571 1590 612 exit

171 650 380 690 accepere
415 651 489 690 pro
521 637 678 685 oritur,
706 643 753 678 ut
785 637 989 679 similibus
1024 638 1126 679 locis
1158 638 1212 679 vi.
1242 639 1343 680 474.
1373 640 1461 680 exit
1488 641 1592 681 Eois

171 705 323 761 aquis:
362 706 439 746 sed
471 711 588 746 ortus
620 706 672 746 ab
705 706 785 748 hoc
816 706 909 748 loco
940 707 1222 748 alienissimus
1252 714 1330 748 est.
1396 708 1449 749 In
1478 709 1590 751 hunc

170 774 311 829 ipsum
343 775 456 816 diem
485 775 635 816 incidit
661 791 830 817 occasus
858 777 946 830 ejas
970 776 1154 818 heliacus
1178 777 1309 818 Taur.
1332 778 1421 818 29⁰.
1448 778 1501 827 2;
1533 778 1589 820 cf.

173 842 286 885 Plin.
309 845 427 885 xviii.
449 844 506 886 27
528 860 559 886 S.
584 845 654 886 67.
680 852 724 887 et
751 846 934 887 Ptolem.
962 847 1016 887 ad
1044 847 1085 887 d.
1112 847 1183 888 27.
1213 850 1356 898 προκύων
1389 851 1589 898 κρύπτεται.

174 912 398 964 Quaeritur
418 914 578 970 itaque,
601 930 711 957 anne
737 918 876 958 verius
898 918 958 958 ita
980 917 1248 971 intelligatur
1268 923 1411 972 poeta,
1435 923 1482 958 ut
1503 918 1593 960 exit

171 983 249 1024 sit:
283 984 458 1025 decedit
488 985 543 1026 de
574 985 677 1026 coeli
705 987 903 1036 statione,
935 987 1105 1042 aufugit
1132 1002 1189 1028 ex
1221 992 1413 1041 aspectu,
1443 987 1592 1042 itaque

171 1053 342 1102 occidit,
375 1054 456 1094 etsi
493 1054 618 1096 valde
656 1056 856 1112 ambigue
890 1057 1052 1098 dictum
1086 1063 1166 1105 est,
1200 1064 1245 1097 et
1277 1057 1331 1097 de
1365 1063 1460 1098 ortu
1493 1057 1593 1098 alibi

172 1122 330 1177 saepius
361 1123 530 1165 dicitur.
596 1124 648 1166 In
678 1125 770 1167 loco
799 1132 1022 1181 sequente,
1053 1141 1138 1167 non
1167 1141 1340 1181 possum
1368 1140 1392 1167 a
1421 1142 1489 1168 me
1518 1127 1594 1168 im-

170 1197 358 1246 petrare,
385 1193 489 1248 quin
512 1195 771 1236 contrarium
794 1196 1059 1237 contendere
1082 1196 1318 1237 maluerim.

229 1262 287 1303 5⁰.
313 1262 370 1315 iii.
393 1263 494 1304 711.
517 1264 576 1318 (d.
600 1264 657 1305 16
681 1263 832 1314 Mart.)

386 1371 548 1411 Postera
570 1387 690 1425 quum
706 1359 859 1412 teneras
877 1373 1031 1413 Aurora
1050 1374 1229 1413 refecerit
1248 1374 1398 1419 herbas,

439 1436 620 1489 Scorpius
639 1452 661 1475 a
676 1438 800 1490 prima
820 1445 930 1489 parte
950 1438 1141 1477 videndus
1161 1438 1246 1477 erit.

793 1503 916 1540 alias:
948 1503 1140 1542 notandus
1159 1503 1245 1542 erit.

230 1602 431 1659 Utraque
461 1603 590 1646 lectio
619 1610 768 1660 aperte
798 1612 938 1647 ortum
969 1606 1070 1647 mihi
1098 1606 1290 1647 indicare
1321 1606 1517 1656 videtur3
1549 1613 1595 1649 et

170 1672 321 1714 dubito
358 1688 411 1715 an
447 1688 471 1714 e
505 1674 648 1715 verbis
681 1674 797 1716 aliud
830 1675 934 1729 quid
968 1675 1067 1716 elici
1096 1676 1245 1730 possit.
1309 1675 1595 1719 Indicandum

168 1742 303 1785 fuisse
325 1758 514 1785 occasum
532 1744 788 1785 matutinum
797 1745 1045 1800 primarum
1060 1745 1294 1793 stellarum,
1313 1760 1398 1786 non
1416 1746 1595 1789 dubium

170 1818 251 1854 est.
315 1813 584 1855 Euctemon:
617 1821 675 1853 τοῦ
705 1818 859 1867 σκορπίου
885 1821 915 1854 οἱ
936 1821 1066 1868 πρῶτοι
1088 1817 1233 1867 ἀστέρες
1251 1819 1392 1854 δύνουσι.
1455 1815 1514 1857 Et
1535 1816 1595 1858 ita

173 1882 416 1925 Columella
445 1889 490 1925 et
516 1883 698 1932 Plinius,
726 1883 782 1925 iv.
811 1883 913 1926 163.
943 1885 1004 1938 (d.
1033 1884 1059 1925 l
1088 1883 1250 1939 April.)
1283 1885 1412 1926 totius
1441 1886 1593 1928 sideris

172 1967 348 1994 occasus
370 1953 605 1995 matutinus
627 1953 844 2009 sequitur:

329 2066 438 2105 Dum
457 2066 602 2118 loquor,
623 2066 734 2105 elatae
752 2066 987 2105 metuendus
1007 2067 1183 2106 acumine
1203 2067 1333 2106 caudae

385 2130 568 2183 Scorpius
587 2131 628 2168 in
647 2130 791 2169 virides
810 2131 1076 2183 praecipitatur
1092 2145 1220 2183 aquas.

174 2235 343 2276 Eadem
376 2240 521 2276 tamen
549 2234 830 2290 ambiguitate
860 2233 1074 2276 notandus
1102 2235 1186 2276 erit
1215 2240 1261 2276 et
1283 2235 1401 2276 Fast.
1424 2251 1465 2277 v.
1489 2235 1591 2278 417.

174 2305 229 2345 de
250 2319 399 2346 occasu
420 2304 547 2345 dicit:

387 2412 568 2464 Scorpius
587 2413 629 2450 in
648 2412 756 2458 coelo,
772 2427 893 2464 quum
912 2427 993 2452 cras
1012 2414 1203 2452 lucescere
1224 2414 1358 2453 Nonas

438 2477 630 2520 Dicimus,
651 2491 673 2515 a
691 2477 819 2515 media
837 2484 947 2529 parte
967 2477 1159 2516 notandus
1178 2478 1252 2516 erit
1266 2493 1277 2524 3

176 2583 249 2625 ubi
278 2582 380 2624 mihi
409 2597 493 2625 non
525 2585 788 2639 persuadere
820 2598 1008 2640 possum,
1034 2591 1221 2641 poetam,
1246 2586 1281 2627 si
1315 2601 1504 2628 occasum
1531 2587 1592 2628 in-

174 2667 308 2695 nuere
329 2652 527 2703 voluerit,
553 2654 765 2696 notandus
789 2656 875 2697 erit
896 2656 1041 2697 dicere
1063 2656 1268 2711 potuisse.
1332 2655 1384 2697 In
1407 2662 1593 2712 utroque

176 2723 270 2765 loco
292 2728 467 2778 poetam
488 2730 626 2765 ortum
649 2725 730 2766 sibi
750 2725 979 2781 cogitasse,
1004 2727 1184 2768 credere
1206 2726 1298 2767 fere
1320 2726 1555 2768 maluerim.
