1809 3220
196 222 255 263 96
594 220 642 261 Ρ.
680 219 898 262 OVIDII
934 219 1220 262 NASONIS

196 338 313 387 Vim
339 345 484 403 parat
505 337 585 384 hic
608 354 617 385 :
648 337 789 384 vultu
810 353 901 402 pro
927 337 1092 385 verbis
1119 337 1204 384 illa
1230 343 1494 402 precatum

265 415 334 464 Et
358 416 544 463 frustra
568 421 710 463 muto
737 415 914 463 nititur
940 431 1025 464 ore
1051 414 1192 479 loqui
1213 432 1223 463 :

1458 416 1617 479 [vant,

197 495 382 560 Fitque
408 494 590 558 gravis,
614 494 950 558 geminosque
977 495 1123 559 parit,
1153 492 1241 557 qui
1267 492 1492 558 compita
1517 508 1620 541 ser-

264 573 331 622 Et
355 573 565 637 vigilant
591 580 765 620 nostra
791 588 992 637 semper
1018 572 1067 619 in
1095 571 1220 628 aede,
1251 570 1422 620 LareS.

1519 573 1618 620 616

195 652 475 699 PstoerA
506 651 708 714 cognati
737 651 914 699 dixere
942 650 1165 699 Caristia
1190 650 1310 707 cari,

264 728 331 777 Et
351 729 490 778 venit
515 728 579 776 ad
606 729 769 777 socias
795 729 944 777 turba
970 729 1259 794 propinqua
1283 728 1462 794 dapes.

197 807 408 856 Scilicet
433 823 462 855 a
486 806 712 863 tumulis,
741 815 808 864 et,
838 807 925 871 qui
950 807 1163 872 periere,
1192 806 1514 872 propinquis,

263 885 502 934 Protinus
529 885 593 933 ad
620 886 759 933 vivos
786 902 873 933 ora
898 885 1083 934 referre
1104 886 1279 949 juvat;

1523 887 1622 932 620

195 963 428 1028 Postque
454 971 531 1011 tot
555 964 786 1021 amissos,
806 964 1058 1028 quidquid
1085 964 1150 1012 de
1172 963 1419 1027 sanguine
1446 970 1620 1019 restat,

263 1041 562 1106 Adspicere‚
590 1048 642 1089 et
667 1042 867 1105 generis
893 1042 1216 1090 dinumerare
1243 1042 1448 1105 gradus.

196 1118 408 1167 Innocui
434 1119 666 1168 veniant:
704 1120 880 1184 procul
906 1121 1043 1178 hinc,
1072 1121 1249 1185 procul
1277 1120 1463 1186 impius
1489 1126 1600 1169 esto

265 1197 454 1255 Frater,
483 1205 535 1246 et
561 1197 610 1245 in
638 1206 814 1262 partus
842 1206 1006 1247 mater
1032 1199 1220 1247 acerba
1246 1215 1394 1257 suos;

194 1363 343 1407 cepitque
382 1364 452 1396 sinu
486 1370 588 1400 vasto,
627 1364 775 1407 misitque
815 1366 873 1397 sub

195 1415 355 1447 amnem.”
404 1415 498 1446 Lai-cs
522 1420 611 1446 erant
635 1422 667 1446 et
696 1415 816 1457 publici
842 1422 874 1447 et

194 1464 323 1507 privati.
372 1464 427 1498 Hi.
454 1464 520 1495 θεοὶ
551 1463 751 1502 »carons-idam,
779 1472 812 1497 ut
842 1465 873 1497 in

195 1514 355 1557 glossariis
392 1521 557 1552 vocantur,
590 1522 676 1546 tecta
713 1516 872 1547 custodie-

195 1566 285 1601 bant,
302 1565 349 1596 illi
365 1564 452 1596 vicos
477 1571 508 1595 et
526 1565 649 1602 itinera,
664 1565 749 1597 unde
765 1569 874 1607 compi-

197 1617 272 1646 tales
295 1621 327 1646 et
350 1617 445 1647 violes
468 1615 558 1652 dicti,
577 1615 720 1658 cultique
739 1617 771 1647 iu
796 1629 874 1648 corn-

194 1669 279 1706 pitis.
327 1665 443 1697 Confer
472 1677 503 1696 v.
549 1667 621 1697 139.
677 1667 717 1697 lit
745 1669 875 1707 compita

198 1715 329 1746 Larium
367 1715 481 1745 Romae
519 1721 609 1746 erant
643 1716 718 1747 265.
747 1723 874 1748 auctore

196 1764 283 1796 Plin.
298 1763 384 1796 Hist.
400 1764 478 1795 Nat.
496 1764 559 1795 111.
576 1764 619 1795 ix.
635 1776 666 1807 p.
684 1766 756 1797 156.
772 1766 876 1797 Hard.

197 1813 393 1856 Compitalia
422 1820 454 1844 et
480 1813 573 1845 ludos
593 1815 728 1846 Laribus
754 1815 874 1858 pn'mus

195 1863 333 1894 instituit
344 1863 472 1895 Servius
485 1863 610 1895 Tullius
623 1876 631 1902 ;
648 1864 785 1907 Dionys.
798 1865 874 1896 Hal.

196 1913 239 1944 iv.
260 1914 322 1952 14;
347 1913 432 1945 Plin.
457 1913 568 1945 xxxvi.
586 1915 648 1945 70.·
674 1915 875 1958 restituitque

195 1962 389 2004 Tarquinius
404 1963 567 2005 Superbus
581 1976 589 2002 ;
616 1965 762 1997 Macrob.
779 1965 799 1996 i.
811 1966 878 1998 Sat.

198 2013 230 2045 7.
281 2013 430 2055 Vigilare,
448 2019 484 2044 ut
503 2015 666 2051 custodire,
682 2015 722 2046 de
739 2015 812 2048 Diis
828 2023 878 2047 tu·

196 2062 363 2094 telaribus.
412 2062 452 2093 In
481 2065 554 2100 aede,
579 2064 611 2094 id
640 2071 688 2096 est
711 2064 743 2096 in
768 2065 875 2103 domo,

200 2122 264 2154 quo
281 2122 375 2143 sensu
390 2111 441 2143 hic
455 2111 622 2154 singularis
635 2114 774 2156 Augusti
785 2121 880 2148 aetate

198 2161 484 2204 frequentabatur3
515 2163 627 2195 Horat.
655 2164 684 2194 I.
716 2164 780 2196 Od.
804 2177 879 2197 xxx.

201 2212 234 2241 4.
257 2211 341 2243 Vide
360 2211 486 2242 Vitruv.
504 2224 535 2243 v.
555 2213 583 2243 1.
613 2213 665 2245 Sic
682 2224 756 2255 ergo
774 2222 880 2246 noster

201 2260 291 2292 locus
306 2261 370 2292 vim
394 2261 535 2293 omnium
558 2263 699 2300 Larium,
719 2271 751 2296 et
774 2265 879 2307 publi-

199 2321 271 2341 cam
283 2317 316 2342 et
330 2310 500 2353 privatam,
511 2313 746 2356 complectitur.
762 2326 791 2345 v.
807 2315 879 2347 135.

198 2359 238 2392 de
260 2361 385 2398 iisdem,
408 2369 544 2402 praesunt
567 2365 712 2395 moenibus
734 2364 826 2396 Urbis
848 2372 879 2397 et

199 2410 295 2453 paulo
317 2416 401 2453 post,
426 2420 548 2443 servant
570 2415 701 2445 domum.
739 2415 880 2447 Restant

199 2465 313 2491 statuae
329 2461 464 2492 Laribus
476 2472 533 2502 pro
552 2463 651 2494 salute
666 2470 694 2495 et
712 2466 876 2496 incolumi-

202 2517 266 2541 tute
281 2512 386 2541 domus
402 2512 527 2553 positae.

247 2561 434 2592 617—638.
457 2561 520 2592 Die
539 2562 582 2594 xi.
600 2563 677 2594 Kal.
695 2563 794 2596 Mart.
810 2565 877 2597 sive

201 2610 253 2642 die
269 2610 437 2642 xix.Febr.
451 2618 542 2643 erant
554 2613 699 2650 Caristia,
716 2625 788 2656 quae
805 2616 876 2647 bre-

201 2662 282 2692 viter
298 2667 330 2691 et
344 2661 511 2704 perspicue
528 2662 752 2695 describuntur
775 2675 795 2695 a
810 2666 875 2697 Va-

203 2712 258 2742 lcr.
284 2711 376 2741 Max.
399 2709 431 2742 ii.
455 2712 493 2742 1:
519 2716 540 2729 “
558 2712 749 2744 Convivium
780 2714 876 2745 etiam

201 2760 342 2791 solemne
372 2761 507 2803 majores
536 2761 754 2799 instituerunt,
778 2763 876 2805 idque

202 2810 339 2841 Caristia
374 2811 629 2853 appellaverunt,
669 2811 720 2844 cui
763 2820 877 2855 praeter

944 1373 1096 1408 cognatos
1113 1373 1143 1397 et
1161 1367 1271 1398 affines
1291 1377 1383 1398 nemo
1399 1365 1622 1409 interponeba-

944 1422 994 1447 tur
1009 1429 1014 1446 :
1042 1422 1087 1453 ut,
1104 1416 1129 1447 si
1147 1427 1211 1459 qua
1231 1417 1312 1448 inter
1335 1416 1530 1449 necessarios
1544 1427 1623 1459 que-

944 1466 1009 1497 rela
1033 1473 1115 1498 esset
1138 1474 1216 1504 orta,
1234 1467 1318 1510 apud
1341 1478 1428 1499 sacra
1450 1478 1567 1500 mensae
1591 1474 1624 1500 et

944 1515 1026 1547 inter
1058 1517 1251 1549 hilaritatem
1275 1517 1465 1554 animorum,
1491 1517 1623 1549 fautori-

944 1567 1003 1598 bus
1026 1567 1203 1598 concordiae
1229 1567 1394 1604 adhibitis,
1421 1568 1623 1600 tolleretur.’'

945 1616 1082 1647 Ovidius
1098 1617 1232 1659 primum
1258 1628 1389 1649 causam
1404 1617 1521 1655 reddit,
1536 1628 1623 1649 eam-

944 1677 1005 1708 que
1022 1666 1098 1697 satis
1111 1667 1321 1709 probabilem,
1339 1678 1396 1699 cur
1410 1674 1483 1711 post
1499 1667 1624 1699 Feralia

944 1716 1051 1746 statim
1068 1716 1208 1748 Caristia
1230 1717 1292 1748 sint
1308 1717 1483 1754 celebrata,
1502 1724 1534 1749 et
1551 1717 1622 1760 epi-

944 1765 1032 1796 theto
1056 1768 1123 1796 cari
1150 1766 1305 1808 originem
1331 1766 1467 1798 nominis
1490 1766 1624 1798 indicat.

944 1816 1045 1847 Socias
1068 1818 1158 1857 dapes
1181 1817 1321 1849 illustrat
1344 1817 1456 1849 Heins-
1502 1817 1554 1849 Sic
1577 1828 1623 1849 so·

943 1869 1027 1897 ciare
1050 1867 1192 1907 hospitia,
1216 1879 1343 1904 mensas,
1368 1873 1433 1899 etc.
1478 1867 1624 1910 Sanguis,

943 1926 1034 1957 gens.
1084 1917 1304 1954 Dinumerare,
1323 1927 1501 1950 numerare.

991 1966 1054 1997 623
1070 1977 1141 2008 sqq.
1167 1967 1240 2004 Quo
1264 1967 1370 1999 animo
1391 1967 1546 2000 celebrari
1568 1967 1625 2000 de-

947 2016 1056 2047 beant.
1112 2017 1202 2048 Bene
1233 2016 1332 2048 utitur
1357 2023 1452 2060 poeta
1479 2017 1626 2055 formula,

949 2075 1014 2107 qua
1037 2065 1162 2108 profani
1181 2068 1371 2098 summoveri
1394 2077 1413 2098 a
1433 2067 1532 2099 sacris
1548 2077 1626 2100 voce

948 2114 1121 2146 sacerdotis
1136 2124 1191 2147 aut
1206 2116 1361 2158 praeconis
1375 2116 1532 2148 solebant.
1562 2116 1626 2148 Im·

946 2166 1017 2204 pius
1032 2170 1064 2195 et
1079 2167 1215 2201 acerbus,
1232 2165 1286 2207 qui
1299 2165 1339 2197 de
1352 2173 1451 2199 morte
1467 2173 1522 2198 aut
1537 2166 1626 2198 caede

948 2225 1076 2245 suorum
1114 2215 1242 2257 cogitat.
1303 2215 1410 2253 Vivus,
1439 2217 1494 2259 qui
1533 2216 1626 2248 alteri

949 2262 1044 2294 nimis
1069 2264 1124 2296 diu
1152 2264 1251 2296 vitam
1278 2265 1460 2307 protrahere
1490 2265 1628 2299 videtur.

951 2314 1112 2356 Digerere,
1139 2314 1296 2351 ordinare,
1325 2314 1504 2358 disponere.
1562 2316 1627 2348 Sed

949 2373 1033 2395 nunc
1072 2363 1222 2406 exprimit
1251 2374 1380 2407 operam
1415 2375 1538 2404 eorum,
1569 2365 1626 2408 qui

948 2423 1004 2455 per
1021 2423 1168 2444 numeros
1183 2413 1380 2456 Babylonios
1401 2414 1468 2446 sive
1487 2414 1627 2447 rationes

948 2463 1142 2495 Chaldaicas
1168 2473 1208 2495 ex
1238 2463 1412 2507 horoscopo
1434 2475 1555 2496 annum
1577 2475 1626 2498 re-

946 2513 1048 2555 perire
1062 2513 1184 2551 volunt,
1200 2525 1264 2556 quo
1279 2514 1431 2546 moritura
1445 2515 1488 2546 sit
1502 2520 1624 2548 mater:

947 2563 1032 2605 quod
1055 2564 1197 2596 studium
1228 2571 1305 2596 tunc
1332 2566 1476 2607 vulgare.
1521 2565 1626 2598 Tacit.

946 2613 1031 2646 Hist.
1063 2614 1084 2646 i.
1111 2615 1173 2653 22,
1205 2614 1303 2646 Ovid.
1332 2615 1469 2647 Metam.
1491 2615 1513 2647 i.
1541 2616 1623 2648 143:

946 2668 966 2681 “
984 2663 1084 2695 Filius
1100 2671 1174 2696 ante
1193 2664 1278 2696 diem
1300 2664 1420 2708 patrios
1441 2665 1576 2708 inquirit
1589 2665 1623 2697 in

946 2714 1078 2746 annos.'’
1126 2715 1271 2747 Premere
1288 2715 1328 2746 de
1345 2714 1431 2747 omni
1447 2715 1626 2747 vexationis

945 2775 1060 2806 genere
1076 2763 1204 2797 dicitur.
