1809 3220
178 163 262 204 :314

577 162 626 202 P.
663 161 878 202 0V1D11
917 161 1200 202 NASONIS

184 279 383 344 Appius
409 286 487 326 est
513 285 702 332 auctor,
732 277 930 342 Pyrrho
957 277 1043 340 qui
1071 293 1197 342 pace
1223 284 1421 340 negata,

252 356 420 404 Multa
444 356 610 404 animo
635 355 787 413 vidit3
830 355 1017 402 lumine
1043 362 1225 419 captus
1252 363 1376 403 erat.

183 435 437 499 Prospicit
462 452 491 482 a
517 434 707 498 templo
734 450 988 480 summum
1015 434 1180 481 brevis
1206 450 1322 481 area
1347 432 1566 480 circum:

254 513 348 560 Est
373 512 441 560 ibi
468 529 568 560 non
595 528 760 577 parvae
788 529 940 576 parva
966 513 1200 560 columna
1225 519 1380 559 notae.

1505 512 1604 558 206

187 590 317 638 Hinc
346 590 475 638 solet
500 590 646 638 hasta
673 606 840 646 manu,
870 590 988 637 belli
1014 590 1312 655 praenuntia,
1336 589 1485 645 mitti,

252 668 313 715 In
340 685 511 732 regem
538 676 588 716 et
614 675 791 731 gentes
818 684 975 731 quum
1003 668 1171 732 placet
1195 684 1332 716 arma
1356 667 1487 732 capi.

185 747 417 794 ALTERA
447 763 563 811 pars
591 746 710 795 circi
747 746 960 794 custode
990 747 1084 794 sub
1112 745 1333 794 Hercule
1359 751 1470 793 tuta
1494 750 1600 792 est:

252 825 402 881 Quod
427 826 552 874 deus
581 825 809 873 Euboico
836 825 1057 874 carmine
1085 842 1266 873 munus
1293 825 1464 873 habet.
1504 826 1604 870 210

185 904 412 953 Muneris
439 911 517 952 est
551 911 770 968 tempus,
800 904 887 968 qui
916 903 1091 952 Nonas
1120 903 1321 951 Lucifer
1346 909 1462 951 ante
1487 908 1599 950 est:

252 982 305 1029 Si
333 982 506 1029 titulos
534 981 735 1046 quaeris,
767 982 911 1046 Sylla
939 983 1167 1046 probavit
1192 999 1337 1046 opus.

182 1060 544 1116 Qummcrmm,
576 1058 751 1106 Nonas
781 1059 947 1107 Sanco
975 1059 1185 1108 Fidione
1213 1059 1464 1116 referrem,

250 1137 331 1185 An
358 1138 465 1195 tibi,
497 1138 650 1186 Semo
676 1146 847 1203 pater;
891 1155 1047 1202 quum
1070 1139 1191 1187 mihi
1220 1139 1416 1187 Sancus
1443 1137 1541 1186 ait:

225 1310 302 1341 203.
317 1308 431 1341 Obiter
446 1308 568 1351 aliquid
581 1308 621 1340 de
634 1308 740 1351 Appio
757 1308 858 1345 addit,

186 1360 271 1402 quod
289 1359 432 1403 inprimis
447 1359 681 1396 celebrabatur,
693 1365 724 1390 et
739 1358 778 1390 de
795 1369 858 1400 quo

184 1409 294 1441 valer.
310 1410 401 1441 Max.
418 1409 484 1440 viii.
507 1410 555 1440 12.
571 1408 707 1439 similem
729 1413 857 1439 senten-

184 1459 260 1491 tiam
277 1460 391 1491 habet:
410 1463 430 1477 “
442 1458 568 1502 Appius
585 1458 742 1490 Claudius
757 1458 858 1489 sessus

178 1511 246 1554 jam
264 1510 411 1547 vivendo,
431 1510 548 1541 lectica
563 1520 595 1541 se
616 1508 648 1539 in
663 1509 782 1541 curiam
799 1508 855 1540 de-

181 1560 254 1592 ferri
276 1560 382 1603 jussit,
398 1566 433 1591 ut
454 1570 528 1591 cum
545 1559 666 1601 Pyrrho
682 1559 857 1591 deformem

181 1621 294 1653 pacem
309 1609 376 1642 fieri
392 1610 583 1653 prohiberet.
623 1610 719 1640 Hunc
735 1620 855 1640 caecum

183 1660 299 1702 aliquis
323 1660 476 1696 nominet,
504 1669 522 1690 a
547 1669 609 1701 quo
633 1659 748 1701 patria,
771 1659 856 1700 quod

182 1710 347 1742 honestum
369 1716 446 1746 erat,
463 1720 518 1752 per
534 1720 566 1740 se
587 1720 698 1752 parum
715 1719 856 1745 cernens,

182 1766 294 1792 coacta
307 1766 355 1792 est
369 1760 534 1803 pervidere
548 1760 579 1789 !‘'

225 1811 301 1842 205.
316 1809 402 1841 Ante
418 1809 518 1841 aedem
530 1809 674 1840 Bellonae
691 1820 763 1840 area
778 1814 856 1845 erat,

181 1866 212 1892 et
233 1860 308 1892 inde
332 1862 432 1892 circus
451 1859 638 1895 Flaminius,
654 1870 750 1901 quem
776 1870 857 1890 snm-

183 1922 276 1947 mum,
303 1910 393 1952 cujus
417 1915 537 1952 partein
564 1909 765 1945 anteriorem,
787 1920 856 1952 pro-

182 1961 351 2003 spectabat
367 1970 451 1990 area.
490 1959 610 1995 Brevis,
628 1965 775 2000 angusta,
791 1959 857 1990 exi-

182 2020 256 2052 gua.
305 2009 458 2040 Columnae
480 2009 566 2040 illius
593 2009 806 2041 meminerunt
827 2016 858 2040 et

183 2060 249 2091 alii.
287 2060 400 2091 Festus
416 2060 449 2090 in
468 2059 617 2090 Bellona:
646 2064 669 2076 ‘¹
688 2059 773 2090 Ante
789 2059 858 2101 ejus

183 2108 338 2152 templum
361 2114 429 2140 erat
448 2109 629 2145 columella,
647 2119 716 2150 quae
742 2109 859 2140 bellica

183 2159 375 2197 vocabatur3
408 2169 504 2201 supra
534 2169 629 2200 quam
661 2158 784 2190 hastam
806 2159 856 2201 ja-

183 2209 321 2245 ciebant,
341 2219 440 2250 quum
469 2208 590 2240 bellum
618 2207 857 2239 indicebatur.’'

184 2258 308 2290 Victor.
331 2258 363 2288 in
387 2258 472 2300 Reg.
496 2257 549 2288 ix:
584 2257 687 2289 AEdes
711 2257 856 2288 Bellonae

183 2319 290 2340 versus
327 2314 450 2350 portam
488 2307 724 2339 Carmentalem
739 2320 745 2338 :
784 2313 856 2338 ante

183 2357 266 2389 hanc
293 2357 395 2388 aedem
417 2357 566 2388 columna
590 2357 686 2388 index
708 2356 784 2388 belli
809 2356 855 2387 in-

182 2407 341 2440 ferendi.''
386 2407 540 2449 Antiquis
562 2408 756 2450 temporibus
772 2409 858 2438 hasta

182 2457 367 2490 mittebatur
389 2468 408 2488 a
431 2457 544 2489 Fetiali
568 2457 601 2488 in
625 2464 739 2489 terram
758 2457 854 2489 hosti-

182 2507 244 2539 lem
259 2520 268 2547 3
292 2507 414 2545 Livius,
429 2507 450 2537 i.
467 2508 521 2539 32.
562 2508 633 2539 Non
650 2519 751 2548 parvoe
767 2514 854 2545 notae,

183 2557 344 2593 notabilis,
360 2557 573 2588 memorabilis
589 2557 773 2589 admodum.

227 2608 305 2639 209.
317 2606 440 2638 Eodem
451 2606 514 2645 die,
523 2607 625 2650 pridie
636 2608 757 2645 Nonas,
773 2609 856 2640 Her-

183 2658 262 2689 culis
285 2657 425 2688 Custodis
446 2659 590 2699 templum
614 2657 647 2689 in
671 2658 754 2690 circo
781 2659 855 2690 Fla-

183 2707 280 2739 minio
317 2705 528 2739 dedicatum(
566 2708 707 2739 Kalend.
741 2716 850 2741 vetus:

184 2760 206 2773 “
222 2756 354 2788 Herculi
364 2757 487 2799 Magno
497 2757 620 2789 custodi
637 2757 669 2789 in
681 2757 765 2790 circo
779 2758 852 2790 Fla-

929 1307 1059 1340 mini0.¹'
1107 1307 1260 1351 Neapolis
1283 1312 1386 1350 putat,
1402 1307 1434 1339 in
1457 1317 1495 1339 eo
1517 1307 1602 1339 circo

927 1359 991 1390 duo
1019 1358 1115 1391 fuisse
1141 1359 1262 1401 templa
1282 1358 1443 1395 Herculis,
1466 1358 1602 1389 alterum

928 1419 946 1440 a
971 1416 1083 1440 senatu
1105 1409 1243 1452 positum
1260 1409 1352 1451 jussu
1368 1407 1517 1440 carminis
1533 1408 1601 1440 Cu-

928 1459 1024 1495 mani,
1043 1459 1177 1490 alterum
1194 1469 1213 1490 a
1228 1459 1342 1490 Fulvio
1358 1457 1534 1494 Nobiliore,
1552 1457 1600 1488 in-

927 1515 1103 1541 stauratum
1128 1520 1146 1540 a
1173 1508 1336 1552 Philippo,
1362 1508 1402 1539 de
1432 1519 1495 1550 quo
1520 1507 1602 1539 infra

927 1570 992 1590 ver.
1021 1560 1096 1590 802.
1143 1559 1195 1590 De
1232 1561 1366 1590 carmine
1394 1558 1528 1590 Euboico
1556 1558 1602 1589 iv.

927 1610 1001 1641 257.
1050 1610 1192 1641 Muneris
1212 1616 1337 1649 tempus,
1351 1608 1431 1644 dies,
1448 1619 1511 1651 quo
1527 1618 1598 1639 mu-

927 1671 986 1691 nus
1002 1659 1196 1691 dedicatum.
1244 1659 1381 1690 Probare
1403 1664 1451 1690 est
1469 1664 1501 1689 et
1524 1668 1600 1689 cen-

926 1710 1016 1745 soris,
1035 1709 1111 1740 dum
1138 1719 1217 1752 opus
1239 1709 1421 1740 absolutum
1446 1708 1602 1750 explorat.

931 1760 1040 1795 Tituli,
1059 1759 1236 1802 inscriptio.
1284 1758 1335 1790 De
1350 1760 1451 1790 titulis
1465 1757 1599 1800 templo-

927 1820 995 1840 rum
1013 1809 1083 1841 vide
1098 1808 1313 1840 Schwarzium
1329 1809 1369 1840 ad
1380 1807 1476 1840 Plinii
1486 1817 1602 1851 paneg.

927 1859 984 1890 liv.
1002 1861 1032 1889 4.

971 1910 1047 1941 213.
1078 1909 1174 1941 Nonae
1201 1910 1298 1941 Sanco
1320 1908 1440 1950 sacrm]
1473 1908 1602 1945 Sancus,

928 1964 994 1995 aut,
1010 1966 1045 1990 ut
1065 1958 1120 1990 alii
1142 1958 1296 1996 scribunt,
1311 1960 1432 2002 Sangus
1449 1964 1482 1990 et
1503 1958 1599 1989 Sanc-

929 2018 988 2046 tus,
1004 2009 1123 2051 primus
1143 2008 1331 2040 Sabinorum
1355 2019 1408 2040 rex
1436 2014 1468 2040 et
1491 2014 1600 2041 auctor

926 2058 1043 2101 gentis,
1069 2064 1139 2101 post
1164 2064 1296 2090 mortem
1317 2059 1399 2090 inter
1420 2058 1497 2090 deos
1517 2059 1599 2090 rela-

928 2114 991 2145 tus,
1009 2115 1044 2140 ut
1066 2109 1193 2140 Faunus
1218 2108 1303 2151 apud
1320 2108 1469 2147 Latinos;
1492 2107 1600 2146 Silius,

927 2157 994 2189 viii.
1022 2159 1109 2196 4223
1137 2157 1310 2200 Augustin.
1336 2157 1376 2189 de
1407 2157 1504 2190 Civit.
1534 2157 1600 2189 Dei

926 2207 1014 2238 xviii.
1051 2207 1141 2238 Idem
1168 2213 1200 2238 et
1220 2207 1330 2239 Fidius
1353 2213 1385 2239 et
1407 2207 1492 2240 Semo
1510 2214 1599 2248 pater

926 2257 1031 2289 dictus
1060 2263 1120 2289 est.
1174 2257 1328 2300 Neapolis
1357 2257 1437 2289 duas
1465 2257 1598 2301 inscrip-

928 2307 1027 2339 tiones
1059 2306 1184 2344 adtulit,
1223 2307 1255 2338 in
1281 2308 1418 2350 quibus:
1456 2308 1599 2351 “Sango

926 2357 1042 2388 Sancto
1057 2357 1183 2388 Semoni
1195 2356 1255 2389 deo
1266 2357 1358 2389 Fidio
1372 2358 1532 2395 sacrum,'’
1548 2363 1599 2390 et:

928 2411 948 2424 “
965 2408 1092 2438 Semoni
1114 2408 1218 2438 Sanco
1240 2406 1300 2438 deo
1314 2407 1404 2439 Fidio
1427 2407 1594 2440 sactum.”

923 2458 1035 2488 Festus
1063 2457 1094 2488 in
1120 2457 1262 2488 Praedia:
1287 2458 1362 2488 “In
1391 2458 1461 2490 aede
1484 2458 1592 2495 Sanci,

924 2508 979 2550 qui
995 2508 1074 2540 deus
1085 2507 1192 2539 Fidius
1208 2508 1376 2550 putatur.”
1399 2509 1522 2546 Livius,
1530 2509 1596 2541 viii.

923 2559 977 2590 20.
1006 2558 1158 2589 Semonem
1193 2559 1327 2589 Sancum
1361 2565 1416 2590 aut
1443 2559 1595 2603 Sangam.

923 2609 1014 2645 Sunt,
1041 2608 1095 2650 qui
1121 2613 1233 2651 putent
1255 2608 1404 2640 eumdem
1425 2614 1458 2641 et
1482 2609 1595 2641 Sabum

924 2659 1045 2691 dictum
1076 2669 1158 2690 esse.
1204 2658 1267 2690 Sed
1296 2659 1474 2691 secundum
1499 2659 1595 2691 Cato-

923 2719 994 2739 nem
1019 2708 1052 2740 in
1078 2709 1189 2751 Origg.
1213 2709 1322 2746 Sabus,
1348 2720 1368 2741 a
1393 2718 1456 2752 quo
1477 2720 1594 2742 nomen

921 2758 1223 2796 Sabinorum,Sanei
1235 2759 1319 2791 filius
1333 2759 1429 2792 fuisse
1445 2759 1591 2798 traditur,
