1830 3220
772 185 917 228 IBIS.

143 300 211 349 Et
235 317 364 350 nova
386 300 604 349 fraterno
628 301 798 349 veniet
822 299 1091 349 concordia
1113 298 1267 356 fumo,

1465 185 1551 227 477

1487 302 1551 347 35

207 377 372 433 Quem
397 384 543 426 vetus
569 394 786 426 accensa
810 384 1013 442 separat
1037 378 1109 426 ira
1132 393 1289 442 pyra;

139 455 208 503 Et
231 455 334 504 Ver
358 454 636 512 AutumnO,
667 455 871 503 Brumae
898 455 1193 504 miscebitur
1217 454 1416 513 AEstas3

205 532 380 597 Atque
405 533 585 581 eadem
611 532 750 596 regio
775 532 973 597 Vesper
997 540 1050 581 et
1076 532 1234 580 Ortus
1254 538 1418 589 erunt,

138 610 304 666 Quam
322 610 443 658 mihi
465 611 531 658 sit
550 618 719 658 tecum
745 611 941 674 positis,
961 627 1075 674 quae
1096 610 1385 667 sumsimus,
1404 609 1553 658 armis

207 688 400 744 Gratia,
429 687 729 744 commissiS,
757 687 1004 752 improbe,
1032 693 1182 751 rupta
1205 687 1334 735 tuis:

1489 690 1556 735 40

139 765 305 821 Quam
330 766 473 813 dolor
497 766 579 813 hic
605 780 830 828 unquam
857 765 1024 829 spatio
1050 780 1352 813 evanescere
1378 765 1554 829 possit,

207 843 388 891 Leniat
411 849 500 891 aut
523 843 695 890 odium
720 850 923 906 tempus
949 849 1000 890 et
1024 842 1147 890 hora
1170 858 1340 889 meum
1361 842 1370 889 ἱ

137 920 250 968 Pax
275 920 371 969 erit
395 921 504 969 haec
530 920 694 976 nobis,
720 920 884 968 donec
910 918 1034 967 mihi
1059 919 1163 967 vita
1190 919 1433 976 manebit,

208 997 341 1045 Cum
366 1014 548 1062 pecore
575 997 771 1046 infirmo
798 1014 912 1061 quae
940 998 1069 1045 solet
1093 1013 1206 1045 esse
1231 996 1382 1061 lupis.

138 1074 314 1124 Prima
339 1076 546 1140 quidem
571 1083 741 1140 coepto
765 1077 1079 1124 committam
1104 1076 1278 1140 praelia
1290 1091 1461 1124 versu:
1488 1077 1552 1122 45

209 1153 325 1200 Non
352 1154 549 1201 soleant
575 1153 806 1217 quamvis
832 1154 928 1202 hoc
959 1155 1092 1219 pede
1118 1154 1254 1201 bella
1278 1153 1401 1217 geri.

141 1229 315 1294 thue
340 1231 470 1294 petit
494 1231 656 1295 primo
677 1231 886 1295 plenum
911 1231 1144 1279 flaventis
1171 1247 1335 1279 arenae

209 1307 451 1355 Nondum
477 1309 679 1357 calfacti
705 1309 869 1357 velitis
896 1310 1044 1356 hasta
1073 1309 1263 1365 solum;

142 1385 228 1432 Sic
254 1401 348 1448 ego
373 1391 424 1432 te
450 1384 580 1433 ferro
605 1385 832 1432 nondum
855 1386 1120 1449 J'aculabor
1146 1392 1312 1440 acuto,

207 1462 445 1510 Protinus
471 1462 688 1510 invisum
716 1479 808 1510 nec
836 1470 979 1527 petet
1004 1463 1151 1510 hasta
1177 1468 1348 1527 caput.

1496 1464 1560 1509 50

141 1539 210 1588 Et
234 1556 402 1604 neque
428 1557 613 1589 nomen
639 1541 689 1588 in
714 1541 826 1597 hoc,
854 1557 948 1589 nec
974 1541 1141 1588 dicam
1161 1540 1297 1588 facta
1320 1539 1521 1598 libello;

208 1617 387 1682 Teque
412 1619 565 1676 brevi,
594 1618 681 1682 qui
708 1618 793 1675 sis,
821 1618 1139 1667 dissimulare
1165 1618 1342 1666 sinam.

142 1695 439 1753 Postmodo,
468 1697 509 1744 si
535 1713 732 1761 perges,
761 1697 812 1744 in
836 1704 887 1745 te
912 1697 1035 1745 mihi
1059 1697 1187 1744 liber
1211 1695 1410 1743 iambus

210 1775 393 1823 Tincta
419 1775 709 1840 Lycambeo
736 1775 980 1840 sanguine
1006 1775 1108 1823 tela
1132 1774 1290 1824 dabit.

187 2006 241 2037 35.
260 2004 301 2035 Et
315 2016 403 2041 ηουα,
416 2003 496 2045 etc.]
515 2003 602 2035 Nota
618 2009 666 2035 est
675 2003 820 2035 fabulosa

143 2054 274 2086 historia
288 2054 429 2086 Eteoclis
449 2060 482 2085 et
496 2053 658 2095 Polynicis
677 2054 819 2090 fratrum,

143 2115 254 2146 rogum
278 2104 311 2135 in
334 2104 414 2135 duas
438 2109 543 2146 partes
567 2103 704 2134 divisum
729 2114 817 2134 esse:

143 2159 164 2172 “
180 2153 342 2185 Scinditur
364 2154 398 2185 in
420 2159 538 2196 partes,
554 2152 744 2195 geminoque
765 2163 818 2184 ca-

144 2203 271 2235 cumine
287 2203 386 2245 surgit
399 2203 431 2241 ;’'
455 2204 578 2235 Lucan.
593 2202 706 2234 Phars.
722 2203 778 2234 lib.
793 2203 815 2233 i.

144 2264 210 2285 ver.
233 2255 315 2285 551:
342 2258 363 2270 “
380 2253 540 2284 Scinditur
564 2252 598 2284 in
621 2259 727 2295 partes
751 2258 819 2284 atra

145 2302 256 2334 favilla
275 2302 354 2334 duas
364 2302 395 2342 ;'’
420 2302 518 2335 Ovid.
535 2301 630 2333 Trist.
647 2302 703 2334 lib.
718 2313 751 2334 v.
767 2302 818 2333 El.

144 2363 178 2383 v.
196 2363 260 2383 ver.
275 2353 329 2383 35.

189 2403 245 2433 43.
272 2402 339 2433 Pax
353 2404 412 2433 erit
425 2403 484 2433 haec
502 2402 596 2438 nobis,
614 2401 694 2442 ete.]
745 2401 819 2432 Non

146 2451 298 2482 dissimile
322 2451 403 2482 illud
421 2451 543 2488 Flacci,
561 2451 665 2493 Epod.
689 2450 731 2481 iv.
751 2461 817 2481 ver.

150 2501 188 2531 1:
221 2505 241 2518 ‘¹
262 2501 359 2542 Lupis
386 2506 418 2532 et
443 2500 533 2542 agnis
562 2506 682 2542 quanta
710 2499 818 2531 sortito

147 2550 272 2592 obtigit,
297 2550 418 2582 Tecum
448 2550 526 2581 mihi
554 2549 712 2581 discordia
739 2549 820 2581 est.’²

149 2600 292 2631 Dzssm„

195 2650 248 2680 45.
275 2649 404 2690 Coepto.]
431 2649 581 2692 Coeptum
599 2660 723 2680 versum
747 2648 820 2680 sim—

147 2698 272 2740 pliciter
288 2699 440 2741 intellige,
456 2710 518 2741 quo
538 2699 638 2741 coepit
655 2700 724 2730 haec
745 2699 820 2730 scri-

148 2749 224 2780 bere
240 2749 271 2780 in
288 2749 371 2784 Ibin,
386 2749 446 2780 hoc
461 2755 519 2785 est,
536 2749 696 2790 Elegiaco.

931 2004 984 2035 46.
1002 2003 1068 2036 Hoc
1080 2003 1185 2044 peda]
1213 2003 1299 2034 Nam
1315 2007 1414 2034 metro
1426 2001 1562 2034 iambico

889 2053 1064 2085 maledicta
1080 2053 1272 2084 scribuntur.

932 2104 987 2134 48.
1008 2103 1142 2144 Velitis]
1161 2103 1191 2133 V
1194 2102 1284 2134 elites
1299 2101 1378 2133 levis
1393 2107 1560 2133 armaturae

889 2158 921 2184 et
936 2153 1076 2195 expediti
1091 2165 1097 2183 ε
1123 2152 1196 2184 vide
1208 2153 1346 2184 Turneb.
1361 2153 1416 2183 48.
1427 2151 1564 2183 Advers.

888 2203 944 2234 lib.
962 2204 1029 2234 xiv.
1044 2214 1118 2245 cap.
1139 2204 1190 2234 ll.

931 2254 986 2283 54.
1001 2252 1112 2284 Tincta
1122 2252 1290 2293 Lycambeo
1302 2252 1462 2293 sanguine,
1477 2251 1558 2292 ete.]

888 2302 975 2333 Nota
994 2301 1134 2332 iambica
1151 2299 1354 2332 mordacitas.
1410 2299 1558 2331 Archilo-

888 2351 983 2382 chum
1006 2351 1143 2393 primum
1170 2349 1285 2381 iambis
1312 2360 1404 2381 usum
1433 2350 1559 2380 volunt:

887 2406 922 2432 ut
952 2401 1066 2431 Horat.
1097 2399 1138 2431 de
1163 2399 1241 2430 Arte
1263 2399 1354 2430 Poet.
1384 2409 1465 2430 vers.
1495 2399 1535 2430 79
1550 2410 1557 2428 ε

888 2453 908 2467 “
925 2449 1155 2480 Archilochum
1168 2447 1291 2491 proprio
1306 2448 1410 2479 rabies
1427 2446 1561 2478 armavit

886 2499 1026 2535 iambo‚’'
1038 2504 1099 2530 etc.
1112 2499 1296 2541 Lycamben
1307 2497 1403 2534 enim,
1415 2507 1559 2528 socerum

887 2560 991 2585 suum,
1011 2559 1030 2580 a
1053 2559 1116 2590 quo
1139 2548 1243 2579 minus
1266 2548 1464 2589 desponsatae
1487 2546 1560 2578 filiae

888 2597 1008 2641 nuptiis
1020 2598 1080 2629 frui
1095 2603 1214 2640 posset,
1232 2596 1397 2628 virulentis
1413 2602 1444 2627 et
1460 2596 1559 2627 male-

888 2648 1113 2680 dicentissimis
1150 2647 1316 2690 poematiis
1351 2647 1391 2678 ad
1429 2647 1558 2688 laqueos

890 2699 1008 2741 adegit.
1056 2699 1198 2730 DESSEL.
