1830 3220
262 192 320 235 26
658 187 712 229 P.
741 184 958 228 OVIDII
992 183 1278 225 NASONIS

267 306 500 355 Nominis
525 320 638 353 esse
658 309 803 367 potes
830 300 1118 349 succinctus
1140 315 1294 347 causa
1318 298 1563 355 minister,

334 384 518 432 Hostia
542 382 794 430 coelitibus
821 395 922 442 quo
946 378 1156 425 feriente
1181 377 1345 435 cadit3

1578 380 1678 425 320

267 462 365 518 Qui
392 461 556 509 calido
582 459 784 507 strictos
809 457 1058 504 tincturus
1081 456 1326 518 sanguine
1347 456 1551 512 cultros,

337 539 564 603 Semper,
592 536 804 599 Agone?
843 551 1016 597 rogas3
1048 550 1158 589 nec,
1185 533 1281 580 nisi
1296 534 1488 596 jussus,
1516 534 1641 597 agis.

267 618 412 673 Pars,
442 616 562 680 quia
600 631 703 662 non
728 613 931 661 veniant
961 612 1203 677 pecudeS‚
1238 611 1327 658 sed
1358 619 1586 674 agantur,
1613 613 1677 660 ab

335 694 534 741 Nomen
560 692 843 756 Agonalem
869 690 1031 738 credit
1055 690 1241 737 habere
1267 690 1418 738 diem.

1539 691 1678 752 [actu

266 773 393 819 Pars
419 778 566 836 putat
589 771 684 817 hoc
710 769 895 817 festum
921 767 1100 832 priscis
1127 767 1345 830 Agnalia
1369 767 1589 826 dictum3

336 849 453 896 Una
478 849 543 896 sit
567 855 624 895 ut
648 846 851 912 proprio
875 846 1021 893 litera
1044 845 1215 892 demta
1238 846 1366 892 loco.

1579 847 1677 892 326

264 928 362 984 An,
392 927 512 990 quia
536 925 775 990 praevisos
802 925 852 971 in
879 939 1012 986 aqua
1032 922 1177 970 timet
1201 922 1367 970 hostia
1385 923 1592 979 cultros,

331 1003 377 1051 A
399 1003 595 1068 pecoris
621 1003 708 1050 lux
735 1009 813 1050 est
838 1001 935 1048 ista
960 1008 1131 1048 notata
1155 1001 1328 1048 metu?

264 1082 391 1130 Pars
418 1082 588 1137 etiam,
616 1081 722 1129 fieri
750 1080 910 1128 solitis
937 1085 1085 1126 aetate
1111 1078 1333 1142 priorum

333 1159 554 1207 Nomina
578 1158 642 1206 de
660 1157 793 1205 ludis
818 1157 973 1204 Graia
997 1155 1174 1203 tulisse
1200 1155 1352 1204 diem.

1579 1158 1679 1205 330

265 1236 334 1285 Et
358 1253 513 1301 pecus
536 1236 775 1300 antiquus
801 1235 1007 1283 dicebat
1031 1234 1229 1298 Agonia
1255 1251 1441 1292 serm03

331 1315 568 1378 Veraque
588 1313 783 1378 judicio
810 1320 888 1361 est
913 1312 1090 1360 ultima
1114 1328 1269 1359 causa
1294 1329 1421 1361 meo.

267 1392 442 1456 thue
469 1408 529 1440 ea
553 1408 685 1439 nunc
708 1398 848 1439 certa
874 1397 967 1446 est,
986 1390 1057 1437 ita
1081 1405 1170 1437 rex
1197 1390 1398 1454 placare
1423 1406 1677 1439 sacrorum

333 1469 557 1517 Numina
579 1470 816 1533 lanigerae
843 1469 1058 1532 conjuge
1085 1469 1240 1517 debet
1264 1470 1386 1517 ovis.

264 1547 499 1605 Victima,
528 1564 641 1611 quae
667 1548 848 1595 dextra
872 1548 1057 1595 cecidit
1081 1547 1301 1605 victrice,
1320 1556 1549 1598 vocatur:
1577 1551 1676 1597 335

332 1624 580 1673 Hostibus
607 1626 786 1673 amotis
809 1626 972 1673 hostia
996 1642 1178 1674 nomen
1203 1627 1373 1675 habet.

264 1702 416 1760 Ante,
447 1703 584 1751 Deos
610 1704 800 1751 homini
826 1705 963 1767 quod
990 1705 1259 1753 conciliare
1284 1706 1488 1762 valeret,

334 1780 430 1827 Far
455 1788 576 1838 erat,
605 1788 657 1829 et
682 1782 793 1846 puri
818 1782 986 1831 lucida
1011 1783 1143 1831 mica
1168 1784 1304 1832 salis.

309 1916 383 1947 325.
410 1917 547 1958 Agnalia
573 1918 708 1959 Neapol.
734 1924 862 1957 monet;
887 1928 935 1949 ar·

265 1964 371 2006 gutias
383 1964 484 2006 magis
499 1965 601 1997 inesse
618 1972 734 2009 etymo,
747 1977 842 2008 quam
855 1967 936 1998 veri-

266 2019 386 2052 tatem3
412 2024 474 2045 non
499 2025 626 2056 agnam,
642 2016 698 2046 sed
721 2015 849 2047 arietem
870 2024 935 2048 turn

266 2073 395 2094 caesum.
443 2064 483 2095 In
498 2077 576 2105 aqua
592 2076 647 2106 per
663 2065 771 2108 pelves
785 2066 937 2109 disposita

263 2113 357 2152 juxta
379 2123 483 2152 aram3
507 2113 614 2145 confer
630 2126 682 2145 xv.
702 2116 763 2146 124
779 2126 804 2146 s.
830 2116 936 2153 Timet,

269 2161 456 2204 ἀγωυιὰζει.
505 2164 604 2200 stletu,
629 2164 769 2208 ἀγωνίᾳ.
807 2166 936 2203 Notata,

266 2218 391 2250 vocata,
409 2214 493 2255 quod
509 2221 557 2245 est
577 2215 608 2246 in
626 2214 720 2246 variis
738 2215 939 2248 lectionibus.

269 2261 369 2293 Graia
385 2274 440 2303 pro
454 2263 562 2294 (ἔνατα
577 2264 665 2295 dedit
678 2264 829 2296 Heinsius
841 2277 936 2308 quum

269 2311 400 2352 qnidam
422 2320 515 2355 grata
536 2313 712 2352 haberent3
738 2315 872 2347 Metam.
896 2316 938 2347 iv.

273 2361 322 2391 16.
339 2373 393 2400 per
411 2362 524 2393 Graias
546 2370 660 2405 gentes.
697 2364 792 2406 Apud
809 2365 938 2396 Graecos

270 2416 387 2447 autem,
405 2412 491 2453 quod
515 2418 650 2449 constat,
673 2413 847 2444 certamina
866 2415 937 2445 ath-

266 2458 402 2490 letarum
418 2460 567 2503 gymnica
578 2464 694 2504 Agaues
709 2461 773 2494 dici
783 2463 938 2495 solebant.

268 2508 311 2539 Et
335 2520 436 2548 pecus,
452 2516 513 2542 ete.
541 2511 591 2542 Sic
617 2518 649 2543 et
674 2513 802 2543 Festus:
829 2518 848 2530 '¹
865 2513 936 2545 hos-

266 2557 343 2589 tiam
381 2560 465 2591 enim
497 2561 619 2603 antiqui
657 2561 815 2603 Agoniam
844 2574 937 2595 voca-

266 2607 379 2640 bant.'’
425 2611 466 2642 Et
484 2623 490 2641 :
516 2616 536 2628 ‘¹
552 2611 695 2652 Agonias
713 2611 830 2643 hostias
845 2619 937 2655 puta-

264 2658 344 2689 bant
369 2660 409 2691 ab
426 2661 547 2702 agendo
562 2661 684 2698 dictas3
710 2662 794 2694 unde
810 2663 936 2705 agolum

266 2710 424 2749 pastorale
441 2711 602 2748 baculum,
616 2722 678 2753 quo
687 2712 826 2753 pecudes
836 2723 934 2753 agun-

264 2757 351 2788 tur.’'

1050 1920 1126 1950 334.
1152 1919 1271 1960 conjux
1300 1922 1361 1951 ovis
1387 1930 1426 1951 ex
1457 1919 1588 1962 antiquo
1614 1930 1679 1952 ser-

1004 1980 1096 2000 mone
1110 1971 1246 2011 poetico,
1263 1969 1357 2001 aries.
1390 1969 1473 2001 Vide
1489 1970 1529 2002 ad
1543 1971 1679 2002 Metam.

1005 2019 1026 2050 i.
1055 2020 1131 2050 660.
1187 2020 1306 2051 Dextra
1335 2022 1444 2051 cecidit
1471 2021 1609 2058 victrice,
1635 2022 1677 2052 ob

1005 2067 1168 2100 victoriam
1182 2077 1303 2111 partam
1316 2070 1388 2101 Diis
1396 2069 1538 2101 offertur.
1563 2071 1680 2102 Amatis

1006 2119 1060 2150 ubi
1083 2118 1162 2150 nulli
1187 2119 1292 2150 hostes
1315 2126 1400 2156 sunt,
1419 2125 1558 2162 tempore
1579 2120 1683 2163 pacis..

1005 2170 1164 2200 Taubner.
1191 2169 1250 2201 hoc
1279 2169 1406 2202 divisim
1433 2170 1529 2201 scribi
1553 2171 1632 2208 vult,
1658 2183 1677 2202 a

1005 2221 1102 2250 motis.

1050 2270 1234 2301 337—456.
1259 2270 1424 2312 Digressio‚
1437 2282 1509 2314 quae
1523 2272 1679 2303 historiam

1006 2329 1108 2349 rerum
1147 2320 1217 2350 Diis
1253 2319 1479 2362 offerendarum
1515 2321 1677 2361 continet;

1007 2368 1114 2399 confer
1128 2369 1247 2401 iii.727
1265 2380 1338 2412 sqq.
1369 2372 1450 2402 Ante
1465 2371 1553 2402 olim.
1584 2371 1678 2404 Mola

1005 2419 1082 2449 salsa
1120 2419 1337 2451 tenuissimum
1369 2420 1577 2452 sacrificium:
1617 2431 1678 2453 nec

1007 2468 1092 2509 apud
1131 2468 1260 2500 Graecos
1296 2469 1531 2511 antiquissimos
1567 2471 1680 2503 odores

1007 2516 1217 2549 adolebantur
1232 2524 1287 2550 aut
1301 2518 1448 2556 victimae‚
1465 2526 1589 2552 tantum
1605 2521 1676 2553 her-

1006 2566 1054 2597 bae
1069 2573 1100 2597 et
1114 2567 1229 2609 fruges.
1268 2568 1344 2600 Vid.
1356 2569 1568 2611 Rhodiginus,
1580 2570 1634 2602 xii.
1649 2572 1676 2603 1.

1008 2615 1142 2652 Parum,
1175 2617 1259 2658 quod
1297 2618 1395 2649 sacris
1432 2619 1613 2657 adhibetur,
1643 2626 1678 2652 et

1004 2671 1129 2707 propter
1145 2665 1208 2696 vim
1224 2666 1411 2708 purificandi
1425 2668 1676 2701 lustrationibus.

1008 2714 1116 2746 Farris
1128 2721 1233 2747 autem
1249 2716 1440 2749 oblationem
1456 2729 1475 2750 a
1488 2719 1508 2750 J
1512 2728 1572 2750 ano
1586 2719 1679 2751 insti-

1004 2768 1108 2795 tutam
1126 2775 1207 2803 esse,
1222 2766 1339 2797 Fabius
1355 2767 1475 2803 Pictor,
1493 2767 1552 2799 lib.
1568 2768 1589 2800 i.
1606 2779 1677 2800 nar·
