1830 3220
525 156 877 200 FASTORUM
912 157 1032 199 LlB.
1068 157 1162 199 III.

1472 158 1555 201 153

129 270 260 320 Illuc
286 288 464 320 cursus
491 280 627 322 erat:
668 289 761 322 nec
788 273 988 337 longius
1015 273 1178 322 abfuit
1202 274 1337 331 inde,

197 349 363 406 Quam
390 358 640 415 quantum
666 352 837 400 novies
865 352 1065 401 mittere
1089 352 1247 401 funda
1272 359 1460 417 potest.

128 427 258 477 Vela
282 430 473 478 cadunt
497 430 676 493 primo,
705 436 756 477 et
781 429 937 477 dubia
961 430 1207 478 librantur
1236 431 1299 479 ab
1326 447 1475 481 aura:

195 506 396 556 Findite
421 507 646 570 remigio,
675 507 843 555 navita
867 507 1015 564 dixit,
1043 524 1220 572 aquas.

1450 511 1548 558 586

128 584 370 649 Dumque
396 592 576 650 parant
599 592 730 633 torto
756 585 1045 634 subducere
1071 587 1284 635 carbasa
1308 587 1426 642 lino,

193 662 484 713 Percutitur
509 663 686 728 rapido
713 664 899 728 puppis
927 664 1128 713 adunca
1156 664 1294 713 Noto
1316 683 1326 714 :

125 740 290 805 Inque
317 749 498 806 patens
524 757 715 805 aequor,
742 741 928 790 frustra
954 751 1215 807 pugnante
1240 743 1500 807 magistro,

194 820 389 877 Fertur,
421 828 472 868 et
496 837 561 869 ex
588 820 751 869 oculis
777 821 884 869 visa
907 821 1094 885 refugit
1116 822 1320 870 humus

1446 824 1545 870 590

123 897 385 947 Adsiliunt
410 899 612 956 fluctus,
642 899 846 964 imoque
873 916 902 948 a
927 900 1126 964 gurgite
1151 907 1338 965 pontus

189 976 432 1035 Vertitur,
461 987 512 1026 et
536 995 690 1027 canas
716 980 887 1028 alveus
913 979 1082 1027 haurit
1107 995 1285 1043 aquas.

121 1055 357 1105 Vincitur
382 1073 461 1105 ars
486 1066 637 1106 vento
660 1076 669 1107 :
710 1075 803 1106 nec
824 1059 932 1122 jam
959 1058 1247 1106 moderator
1269 1055 1482 1105 habenis

191 1133 380 1193 Utitur,
408 1143 459 1183 at
483 1136 610 1184 votis
635 1154 644 1184 :
685 1137 766 1184 hic
789 1152 996 1200 quoque
1023 1135 1189 1199 poscit
1212 1150 1379 1199 opem.

115 1211 146 1259 J
152 1219 349 1260 actatur
374 1213 596 1261 tumidas
623 1215 769 1262 exsul
800 1213 1068 1261 Phoenissa
1094 1228 1184 1277 per
1210 1212 1401 1270 undas3
1439 1214 1536 1259 595

185 1290 516 1356 Humidaque
541 1292 776 1357 opposita
802 1292 993 1339 lumina
1016 1297 1160 1339 veste
1181 1290 1324 1353 tegit.

118 1486 202 1517 Met.
225 1485 270 1517 iii.
295 1487 378 1518 709:
405 1491 425 1504 “
442 1487 543 1518 Purus
567 1487 606 1517 ab
632 1485 794 1517 arboribus

116 1536 302 1578 spectabilis
315 1536 458 1579 undique
472 1547 605 1578 campus
617 1547 625 1574 3
636 1536 656 1548 '’
673 1535 794 1574 Livius,

117 1585 138 1616 i.
157 1587 212 1617 44.
227 1591 247 1604 “
264 1587 384 1618 Purum
409 1588 449 1618 ab
470 1587 609 1617 humano
632 1587 722 1618 cultu
745 1598 793 1618 so-

115 1635 181 1667 lum
197 1637 229 1675 ;''
266 1637 354 1669 xxiv,
382 1638 433 1669 14.
463 1642 576 1679 “puro
607 1647 643 1667 ac
673 1636 795 1678 patenti

119 1695 233 1729 campo
246 1687 276 1726 ;'’
301 1688 460 1718 Homerus
476 1687 638 1719 Il.¹11.61.
649 1687 796 1729 καθαρὸς

117 1739 235 1779 χῶρος.
284 1737 384 1772 Quam
408 1744 569 1778 quantum,
594 1743 655 1768 etc.
702 1736 794 1768 Hanc

116 1797 298 1818 mensuram
321 1787 387 1829 jam
416 1787 546 1817 Homer.
572 1786 615 1817 11.
647 1789 690 1818 H.
719 1788 795 1818 589.

118 1835 288 1875 adhibuit3
327 1836 434 1867 confer
463 1836 598 1867 Metam.
627 1835 692 1867 viii.
720 1837 795 1868 695.

120 1886 249 1916 Mittere
283 1886 428 1917 absolute
463 1886 613 1928 positum,
653 1885 796 1928 intellige

117 1935 269 1978 lapidem.

163 1987 239 2017 585.
266 1986 392 2018 Cadunt
409 1986 482 2018 vela
504 1986 536 2017 in
556 1984 636 2017 locis
658 1985 795 2022 vadosis,

120 2041 155 2067 ut
169 2036 264 2067 remis
279 2035 370 2068 navis
385 2036 424 2067 ad
440 2042 555 2068 terram
573 2042 696 2077 agatur.
739 2036 793 2066 Li-

118 2087 254 2117 brantur
265 2098 275 2124 ;
301 2097 320 2117 a
335 2092 429 2118 vento
443 2086 564 2127 agitata
574 2085 677 2116 varios
691 2091 794 2117 motus

119 2136 211 2168 dant.
261 2137 377 2174 Dubia,
397 2147 469 2179 quae
490 2147 574 2168 nunc
597 2135 670 2166 hinc
684 2135 793 2178 spirat,

118 2197 202 2219 nunc
215 2187 318 2224 illinc,
332 2187 505 2219 variabilis.

163 2239 239 2269 587.
263 2238 448 2274 subducere,
474 2238 507 2268 in
534 2236 635 2267 altum
660 2235 794 2267 trahere.

119 2287 286 2319 Subducta
293 2288 526 2319 subnectuntur
535 2286 682 2318 antennis
697 2298 704 2324 ;
722 2286 794 2316 Me-

120 2342 201 2369 tam.
216 2337 260 2369 xi.
275 2339 351 2369 483.
374 2337 455 2369 Inde
471 2339 683 2372 deducuntur,
695 2346 795 2377 quan-

121 2388 162 2420 do
177 2388 216 2419 iis
227 2399 307 2431 opus
320 2394 379 2420 est.
410 2388 527 2424 Funes,
543 2386 659 2429 quibus
673 2392 795 2417 utrum-

120 2449 184 2481 que
207 2437 254 2475 fit,
282 2438 314 2469 h.
337 2438 360 2470 l.
385 2444 498 2469 tortum
523 2439 633 2473 linum,
657 2442 693 2468 ut
719 2435 796 2467 alibi

119 2488 313 2531 tortifunes.
343 2487 507 2531 Magister,
525 2493 628 2518 rector
644 2485 745 2522 navis,
761 2490 797 2516 ut

122 2538 254 2570 AEneid.
277 2538 298 2569 i.
322 2537 406 2576 1153
427 2537 470 2569 vi.
493 2538 577 2569 353:
601 2536 699 2577 paulo
722 2540 796 2566 ante

121 2591 240 2620 navita.
285 2588 393 2619 Poetae
423 2587 468 2618 ita
495 2587 682 2629 loquuntur,
703 2584 796 2628 quasi

120 2638 207 2669 venti
228 2648 313 2669 mare
333 2649 435 2680 usque
459 2637 500 2668 ad
523 2639 616 2668 imum
639 2638 796 2679 gurgitem

122 2698 248 2719 movere
262 2688 406 2720 valeant.
455 2687 556 2719 Canas
571 2698 590 2719 a
604 2697 729 2730 spuma.

167 2737 199 2769 V
201 2738 271 2769 OL.
289 2737 332 2769 V.

908 1487 984 1517 593.
1008 1485 1060 1517 Sic
1090 1491 1121 1516 et
1150 1486 1232 1516 Met.
1258 1484 1291 1515 ii.
1324 1485 1396 1516 185.
1427 1484 1537 1515 navis:

864 1541 886 1555 ‘¹
902 1537 953 1568 cui
970 1536 1055 1568 victa
1074 1535 1194 1567 remisit
1217 1536 1319 1567 Frena
1338 1545 1414 1566 suus
1430 1540 1543 1571 rector,

864 1597 959 1629 quam
978 1586 1049 1623 Dis,
1065 1585 1208 1628 votisque
1222 1584 1388 1627 reliquit,’'
1399 1584 1455 1615 ubi
1471 1583 1543 1615 vide

865 1643 984 1668 notam.

908 1687 984 1718 596.
1009 1686 1148 1716 Humida
1167 1686 1297 1716 lumina.
1322 1684 1405 1726 Ergo
1419 1688 1452 1715 et
1464 1682 1544 1715 Ovi-

864 1736 935 1767 dius
951 1736 1003 1767 hic
1021 1742 1053 1767 et
1076 1735 1214 1766 Metam.
1236 1734 1281 1765 xi.
1299 1735 1375 1765 539.
1395 1732 1543 1769 credidit,

864 1786 897 1817 in
921 1785 977 1817 tali
1001 1785 1144 1828 periculo
1169 1794 1262 1827 posse
1288 1783 1448 1825 lacrymas
1470 1793 1541 1824 pro-

864 1846 1022 1878 rumpere,
1059 1835 1193 1877 ejusque
1229 1832 1402 1864 auctoritas
1437 1836 1544 1863 tuetur

865 1885 1034 1916 lectionem
1045 1887 1132 1916 siccis
1147 1885 1242 1915 oculis
1254 1882 1339 1926 apud
1356 1881 1538 1918 Horatium,

865 1936 893 1966 I.
916 1935 979 1966 Od.
995 1935 1039 1966 iii.
1065 1936 1115 1965 18.
1163 1934 1246 1965 Dido
1271 1938 1344 1964 ante
1365 1933 1544 1962 miserabilis

865 1985 953 2016 dicta
982 1995 1047 2015 ver.
1077 1985 1154 2016 545.
1181 1993 1264 2014 nunc
1290 1982 1427 2025 primum
1442 1981 1540 2023 felir,

863 2045 935 2077 quae
956 2033 1141 2077 praedicatio
1162 2033 1279 2064 usitata
1298 2030 1354 2062 tali
1371 2036 1513 2074 tempore
1528 2043 1537 2070 3

863 2085 1031 2120 Homerus,
1047 2083 1111 2115 Od.
1125 2087 1166 2114 E.
1178 2083 1242 2113 299
1257 2094 1264 2120 ;
1281 2080 1448 2123 Virgilius,
1462 2081 1539 2112 AEn.

863 2135 884 2167 i.
899 2136 953 2167 93.
999 2134 1037 2165 In
1053 2133 1204 2165 fluctibus
1226 2133 1407 2163 laborantes
1427 2132 1539 2162 beatos

863 2184 1083 2227 praedicabant
1098 2194 1163 2220 eos,
1179 2183 1295 2225 quibus
1310 2181 1493 2223 contigisset
1509 2181 1541 2212 in

863 2240 947 2266 terra
959 2234 1048 2269 mori,
1060 2234 1114 2265 ubi
1131 2233 1189 2265 rite
1203 2232 1330 2275 sepeliri
1345 2231 1541 2275 potuissent3

865 2285 1001 2316 Metam.
1017 2285 1062 2315 xi.
1081 2284 1156 2315 540.
1181 2284 1254 2315 Huc
1270 2283 1352 2314 refer
1367 2289 1400 2313 et
1412 2287 1538 2313 nostra:

866 2335 909 2366 Et
928 2346 1119 2377 quaecumque
1139 2336 1275 2375 aliquam
1294 2344 1416 2373 corpore
1434 2335 1542 2373 pressit

865 2386 990 2416 humum
1001 2396 1010 2422 ‚·
1050 2395 1121 2426 quae
1159 2383 1297 2415 formula
1334 2382 1432 2414 etiam
1459 2382 1545 2413 Met.

865 2435 920 2467 vii.
932 2436 1006 2467 608.
1020 2434 1059 2466 de
1075 2434 1206 2465 mortuis
1216 2433 1333 2475 legitur
1346 2445 1352 2462 ε
1378 2433 1542 2464 inhumata

865 2496 991 2526 corpora
1005 2490 1145 2524 premunt
1164 2490 1273 2515 terram
1299 2481 1397 2524 Apud
1413 2481 1538 2517 Silium,

865 2536 962 2566 Anna
983 2533 1120 2576 “agitur
1145 2533 1271 2575 pelago,
1296 2532 1389 2563 Divis
1411 2530 1542 2561 inimica

863 2584 1023 2627 sibique,'’
1039 2583 1125 2626 quod
1141 2587 1162 2600 “
1175 2593 1208 2614 se
1223 2593 1286 2613 non
1307 2581 1430 2614 dederit
1444 2579 1542 2614 comi-

865 2640 930 2666 tem
948 2634 980 2666 in
996 2643 1146 2676 suprema
1161 2631 1293 2664 sorori.'’

999 2734 1028 2765 X
