1830 3220
559 142 854 187 FASTORU
864 143 914 185 M
946 142 1069 185 LIB.
1103 142 1188 185 IV.

1496 145 1583 189 235

158 261 310 317 Quod
339 261 532 309 Remus
552 261 804 324 ignorans,
829 261 1045 308 humiles
1064 266 1391 308 contemnere
1410 276 1580 309 muros

228 339 425 403 Coepit3
468 346 536 395 et,
565 337 660 385 His
686 338 922 402 populus,
949 338 1136 393 dicere,
1161 345 1300 386 tutus
1327 337 1455 386 erit?

158 417 205 464 N
210 433 269 465 ec
296 433 450 473 mora,
478 416 760 464 transiluit:
789 423 928 463 rutro
957 416 1110 463 Celer
1135 423 1353 480 occupat
1378 432 1574 464 ausum.

225 494 320 542 Ille
346 495 530 559 premit
554 495 732 542 duram
760 494 1179 556 sanguinolentus
1206 495 1434 542 humum.

158 571 283 620 Haec
310 572 398 620 ubi
424 589 514 620 rex
539 571 734 629 didicit,
763 573 1015 636 lacrymas
1042 573 1287 620 introrsus
1313 573 1517 621 obortas

226 650 467 706 Devorat,
496 658 546 698 et
570 651 801 697 clausum
827 658 1033 714 pectore
1060 651 1240 698 vulnus
1267 650 1437 698 habet.
1481 653 1578 698 846

157 728 302 777 Flere
329 729 495 793 palam
522 745 621 776 non
646 728 770 785 vult,
799 729 1142 792 exemplaque
1168 728 1316 775 fortia
1341 735 1508 776 servat
1531 747 1541 785 ;

226 806 417 870 Sicque
447 823 586 854 meos
613 823 782 854 muros
808 814 1033 854 transeat
1058 806 1234 861 hostis,
1262 806 1347 853 ait.

157 885 260 933 Dat
284 893 455 933 tamen
476 886 782 950 exsequias:
814 901 908 932 nec
929 886 1035 949 jam
1064 885 1378 948 suspendere
1404 883 1580 932 fletum

225 964 456 1012 Sustinet
478 983 488 1022 3
531 972 584 1012 et
609 965 774 1029 pietas
799 964 1118 1011 dissimulata
1142 970 1299 1027 patet.

1482 966 1581 1010 850

157 1042 455 1107 Osculaque
481 1043 730 1108 applicuit
755 1043 919 1108 posito
947 1057 1185 1106 suprema
1210 1040 1393 1088 feretro
1416 1059 1426 1095 ;

224 1120 395 1184 Atque
422 1120 519 1169 ait:
563 1121 729 1169 Invito
754 1120 907 1168 frater
933 1119 1153 1175 ademte,
1180 1119 1309 1166 vale.

153 1197 477 1262 Arsurosque
504 1206 644 1247 artus
672 1199 844 1257 unxit3
887 1198 1071 1254 fecere,
1100 1197 1237 1261 quod
1264 1196 1365 1253 ille,

225 1276 500 1325 Faustulus
527 1285 579 1325 et
604 1285 810 1325 moestas
839 1277 978 1324 Acca
1004 1276 1168 1323 soluta
1194 1291 1384 1322 comas.

153 1354 283 1403 Tum
304 1356 546 1419 juvenem
572 1356 796 1403 nondum
822 1355 942 1402 facti
968 1355 1152 1402 flevere
1181 1352 1405 1408 Quirites
1429 1373 1438 1410 ;
1482 1357 1579 1402 855

225 1433 420 1481 Ultima
440 1434 635 1499 plorato
662 1434 867 1482 subdita
892 1434 1098 1480 flamma
1121 1448 1258 1495 rogo.

199 1635 275 1666 845.
299 1634 404 1665 Etiam
430 1634 533 1669 Floro,
558 1633 587 1664 Ι.
610 1633 632 1664 i.
652 1634 684 1664 6.
709 1634 835 1664 dubium

156 1684 294 1721 videtur,
318 1695 356 1715 ιιη
376 1686 470 1725 jussu
491 1683 608 1725 fratris
634 1682 760 1714 occisus
785 1683 837 1714 sit.

156 1734 256 1777 Apud
287 1734 413 1765 Livium
443 1739 553 1765 contra
579 1733 738 1764 Romulus
768 1732 836 1774 ipse

154 1783 255 1815 iratus
284 1794 357 1815 eum
383 1782 543 1819 interficit,
574 1782 691 1813 additis
722 1782 837 1819 verbis,

156 1844 228 1875 quae
260 1832 408 1869 Ovidius,
444 1834 521 1863 848.
552 1831 710 1874 respexit:
752 1832 836 1862 “Sic

155 1882 283 1919 deinde,
323 1883 518 1925 quicumque
558 1882 639 1913 alius
682 1882 838 1913 transiliet

156 1933 276 1965 moenia
291 1933 397 1965 mea.’'
444 1933 563 1964 Noster
577 1932 609 1963 id
629 1932 741 1963 sedulo
759 1932 836 1973 agit,

156 1989 191 2014 ut
214 1983 340 2015 facinus
359 1982 441 2014 illud
468 1982 564 2017 velet,
594 1981 836 2023 Romulumque

156 2043 175 2064 a
199 2033 317 2065 ferocia
337 2032 502 2064 defendat.
550 2033 624 2063 Non
647 2031 693 2062 ita
712 2032 837 2068 Cicero,

157 2083 224 2114 Off.
246 2083 292 2115 iii.
317 2084 372 2114 10:
395 2082 560 2125 “Species
582 2081 665 2113 enirn
691 2081 839 2112 utilitatis

156 2132 299 2164 animum
323 2131 448 2175 pepulit
472 2132 563 2174 ejus3
590 2130 641 2162 cui
667 2141 766 2172 quum
793 2130 839 2162 vi-

157 2193 226 2214 sum
256 2188 341 2214 esset
366 2182 486 2218 utilius,
515 2181 617 2213 solum
644 2191 740 2222 quam
765 2191 837 2212 cum

157 2232 255 2263 altero
289 2242 434 2274 regnare,
473 2232 600 2263 fratrem
639 2230 836 2261 interemit.’'

158 2283 241 2314 Cum
268 2293 341 2324 sqq.
362 2288 467 2313 autern
494 2281 602 2312 confer
626 2292 658 2312 v.
683 2281 757 2312 451.
784 2279 839 2311 ubi

158 2333 218 2363 hoc
235 2338 457 2374 argumentum
472 2331 686 2363 continuatur.
725 2329 841 2361 Verbis

162 2384 485 2423 lacrymas—devorat
515 2382 632 2412 Noster
666 2380 730 2411 vim
768 2390 840 2421 gra-

160 2432 279 2463 vissimi
297 2431 415 2463 doloris
430 2431 528 2462 etiam
541 2431 623 2461 Met.
639 2430 682 2461 xi.
699 2430 773 2461 635.
785 2428 841 2460 de-

160 2482 298 2525 scripsit.
350 2482 489 2513 Moerore
505 2480 560 2512 illo
575 2486 666 2511 actus
682 2480 842 2510 Romulus

161 2532 368 2575 semetipsum
404 2530 627 2566 interfecisset,
669 2529 730 2560 nisi
766 2539 839 2560 eum

162 2582 337 2615 Laurentia
352 2581 501 2625 precibus
513 2579 737 2618 deterruisset;
763 2579 841 2610 Dio-

165 2633 273 2676 nysius
310 2632 396 2663 dicto
434 2631 515 2662 loco.
563 2631 710 2670 Exempla
738 2630 843 2672 fortia

163 2690 284 2721 servam
323 2681 466 2724 sequitur
495 2680 679 2723 exemplum
707 2679 843 2710 virorum

166 2734 292 2765 fortium
319 2733 351 2763 in
376 2730 565 2763 devorandis
588 2730 736 2771 lacrymis
757 2735 788 2760 et
812 2728 843 2759 in

905 1633 1013 1663 dolore
1026 1631 1111 1662 intus
1127 1630 1322 1662 claudendo.
1370 1631 1491 1673 Interp.
1505 1631 1584 1663 Gal-

905 1682 987 1713 licus
1010 1681 1170 1712 aberravit
1192 1692 1210 1712 a
1229 1687 1335 1712 mente
1355 1686 1470 1722 poetae,
1487 1692 1585 1723 quum

906 1731 1082 1762 Romulum
1102 1737 1195 1772 putat
1213 1731 1397 1772 exemplum
1420 1730 1500 1771 legis
1521 1741 1586 1763 ser-

906 1781 1018 1812 vandae
1038 1790 1210 1822 proponere
1227 1779 1376 1810 voluisse.
1425 1780 1511 1811 Dare
1529 1791 1586 1823 pro

905 1831 1025 1866 facere,
1044 1841 1167 1872 parare,
1184 1829 1360 1861 concedere
1376 1830 1513 1871 ponitur.

951 1882 1027 1911 852.
1057 1880 1217 1915 Ademtus,
1246 1878 1301 1920 qui
1330 1878 1428 1910 invito
1458 1886 1588 1922 ereptus

906 1936 976 1968 est3
999 1930 1044 1960 sic
1064 1931 1202 1960 ademtus
1222 1929 1339 1959 Hector
1360 1929 1523 1966 Horatius,
1541 1930 1587 1963 ΙΙ.

907 1980 972 2011 Od.
987 1979 1029 2010 iv.
1049 1980 1109 2017 103
1139 1984 1171 2009 et
1186 1980 1324 2009 ademtus
1338 1985 1447 2019 mystes
1463 1979 1527 2010 Od.
1542 1981 1586 2013 ix.

911 2030 963 2060 10.
1012 2029 1063 2060 De
1084 2031 1231 2060 unctione
1250 2034 1378 2059 artuum
1398 2028 1466 2059 vid.
1487 2029 1586 2061 Bent—

908 2080 1004 2111 leium
1032 2079 1073 2110 ad
1095 2079 1279 2114 Horatium,
1304 2077 1407 2120 Epod.
1428 2079 1507 2110 xvii.
1534 2082 1585 2111 ll.

915 2130 1082 2160 Faustulus
1107 2128 1285 2160 secundum
1310 2128 1388 2159 alios
1418 2128 1450 2159 in
1484 2136 1586 2162 certa-

907 2179 992 2210 mine
1012 2179 1119 2221 periit.
1166 2179 1261 2214 Acca,
1276 2178 1461 2214 Laurentia,
1480 2189 1551 2220 quae
1569 2191 1586 2212 a

909 2230 1082 2261 Plutarcho
1094 2230 1175 2261 Acca
1189 2230 1339 2261 Larentia
1351 2235 1500 2268 vocatur;
1516 2231 1589 2262 vide

910 2280 950 2311 ad
974 2279 1022 2311 iii.
1049 2282 1104 2311 55.
1154 2279 1301 2310 Nondum
1318 2280 1407 2321 jacti
1437 2279 1587 2315 Quirites.

910 2330 961 2360 Sic
983 2329 1064 2360 solet
1085 2329 1225 2360 Ovidius
1243 2340 1292 2360 res
1314 2335 1369 2360 aut
1388 2329 1533 2361 homines
1549 2331 1589 2362 ab

911 2380 960 2416 iis,
982 2390 1053 2421 quae
1074 2379 1173 2411 serius
1192 2386 1378 2416 evenerunt,
1401 2379 1589 2421 designare;

911 2431 995 2461 Met.
1010 2430 1045 2460 ii.
1064 2434 1085 2447 “
1098 2429 1237 2460 nondum
1255 2429 1403 2471 OEagrius
1418 2430 1588 2461 Haemus.”

917 2481 1065 2512 Ultimum
1078 2478 1213 2511 Lenzius
1227 2479 1369 2521 explicat
1384 2479 1494 2510 ultimo
1509 2479 1590 2516 loco,

909 2535 980 2574 post
991 2530 1130 2572 reliquos
1141 2530 1364 2571 exsequiarum
1379 2529 1457 2560 ritus
1471 2540 1478 2567 ;
1494 2528 1590 2558 immo

909 2582 1033 2616 ultima,
1058 2591 1210 2620 suprema,
1229 2591 1295 2610 sera
1316 2579 1478 2614 dicuntur,
1502 2587 1590 2619 quae-

910 2641 1047 2673 cumque
1063 2630 1144 2660 flunt
1159 2630 1192 2661 in
1213 2629 1363 2660 honorem
1385 2626 1497 2659 mortui
1512 2638 1521 2666 3
1544 2626 1590 2658 sic

911 2681 1008 2723 paulo
1023 2686 1096 2711 ante
1113 2691 1252 2721 suprema
1269 2680 1383 2710 oscula.
1428 2677 1590 2708 Humatus

913 2736 1019 2761 autem
1032 2729 1156 2761 Remus
1171 2735 1217 2760 est
1234 2729 1266 2760 in
1282 2727 1436 2759 Remuria
1451 2726 1568 2757 mo'nte.
