1830 3220
213 499 353 561 AD
415 500 815 562 LIVIAM
876 502 1505 577 AUGUSTAM,

821 640 899 678 DE

344 758 634 814 MORTE
684 759 942 816 DRUSI
992 762 1384 826 NERONIS,

705 905 846 945 FILII
878 907 1034 952 EJUS,

560 1045 1102 1095 CONSOLATIO
1128 1048 1171 1094 *.

735 1211 1000 1245 *a

148 1329 332 1390 VISA
371 1343 458 1391 diu
487 1343 627 1400 felix,
657 1356 818 1392 mater
843 1345 994 1392 modo
1021 1344 1160 1393 dicta
1187 1343 1467 1399 Neronum,

216 1420 334 1470 Jam
361 1421 454 1470 tibi
480 1422 747 1470 dimidium
776 1422 994 1470 nominis
1023 1423 1175 1487 hujus
1202 1423 1380 1471 abest:

148 1498 268 1548 Jam
292 1500 420 1564 legis
447 1501 497 1548 in
526 1501 752 1549 Drusum
780 1502 1085 1560 miserabile,
1118 1502 1275 1559 Livia,
1305 1518 1542 1551 carmen:

221 1578 413 1636 Unum,
442 1580 530 1645 qui
557 1580 695 1629 dicat
713 1582 820 1644 jam
849 1582 958 1638 tibi,
988 1588 1165 1638 mater,
1194 1581 1370 1629 habes.

152 1657 264 1706 Nec
291 1666 380 1707 tua
404 1667 454 1707 te
481 1659 647 1724 pietas
674 1659 923 1708 distendit
949 1676 1120 1708 amore
1146 1659 1391 1708 duorum:
1556 1662 1587 1707 5

220 1736 332 1786 Nec
360 1737 527 1802 posito
552 1738 622 1785 fili
648 1738 868 1795 nomine,
898 1738 1026 1787 dicis
1050 1757 1059 1795 ;
1106 1737 1271 1787 Uter?

194 1863 212 1881 *
240 1866 263 1880 ‘¹
276 1862 370 1894 Livia
394 1862 544 1894 amiserat
561 1863 660 1895 filium
681 1863 834 1901 Drusum,

151 1922 303 1955 magnum
316 1912 457 1944 futurum
468 1913 732 1956 principem,jam
745 1924 835 1956 mag-

153 1973 227 1994 num
244 1962 358 1994 ducem
363 1986 453 1996 .....
479 1963 668 1995 Accedebat
692 1963 732 1995 ad
754 1964 835 1996 hanc

151 2019 298 2050 mortem,
317 2024 414 2056 quam
431 2014 485 2045 ille
504 2025 560 2057 pro
582 2014 748 2057 republica
769 2014 835 2045 obi-

150 2071 231 2102 erat,
266 2065 381 2107 ingens
420 2065 551 2102 civium,
584 2064 835 2108 provinciarum-

151 2127 227 2158 que,
244 2121 277 2147 et
297 2115 394 2147 totius
417 2116 522 2147 Italiae
540 2115 757 2155 desiderium;
781 2126 837 2158 per

151 2177 248 2208 quam
266 2165 377 2197 effusis
394 2165 427 2196 in
451 2165 591 2197 officium
607 2165 743 2208 lugubre
764 2177 833 2197 mu—

152 2215 282 2258 nicipiis
308 2215 516 2258 coloniisque,
540 2226 643 2258 usque
666 2216 699 2247 in
723 2216 836 2247 urbem

151 2266 283 2299 ductum
309 2272 377 2298 erat
397 2267 503 2304 funus,
525 2266 686 2309 triumpho
711 2266 835 2297 similli-

151 2328 253 2348 mum.
300 2317 376 2348 Non
413 2317 547 2349 licuerat
585 2316 689 2353 matri,
723 2316 837 2349 ultima

152 2367 209 2399 filii
239 2368 360 2404 oscula,
385 2374 578 2410 gratumque
607 2367 741 2399 extremi
771 2378 835 2399 ser-

151 2428 279 2450 monem
308 2417 370 2449 oris
396 2417 533 2449 haurire.
585 2418 695 2460 Longo
722 2417 836 2449 itinere

152 2468 307 2511 reliquias
318 2468 417 2500 Drusi
433 2468 482 2499 sui
498 2475 704 2510 prosequuta,
722 2473 767 2499 tot
782 2478 838 2510 per

154 2529 281 2550 omnem
297 2518 428 2550 Italiam
444 2518 629 2550 ardentibus
644 2518 737 2560 rogis,
747 2518 839 2560 quasi

155 2569 248 2600 toties
270 2569 361 2600 illum
385 2570 556 2605 amitteret,
571 2568 707 2605 irritata,
724 2573 759 2599 ut
774 2568 837 2610 pri-

153 2629 242 2650 mum
266 2624 374 2650 tamen
397 2618 506 2650 intulit
530 2619 664 2655 tumulo,
686 2618 780 2649 simul
807 2624 839 2649 et

153 2669 259 2706 illum,
283 2676 316 2700 et
339 2669 479 2700 dolorem
505 2680 598 2701 suum
622 2668 752 2711 posuit,
779 2679 838 2700 nec

155 2719 228 2762 plus
249 2719 364 2755 doluit,
381 2729 477 2761 quam
500 2724 555 2750 aut
578 2719 747 2750 honestum
770 2724 839 2750 erat

156 2769 288 2805 Caesari,
307 2775 362 2800 aut
383 2780 512 2811 aequum
533 2769 637 2800 matri.
685 2769 759 2800 Non
782 2768 836 2800 de-

152 2819 207 2850 siit
223 2819 331 2862 itaque
346 2819 444 2851 Drusi
465 2819 511 2851 sui
528 2819 689 2852 celebrare
710 2829 837 2854 nomen,

198 2869 300 2901 VOL‚
327 2870 368 2901 V.

906 1863 1024 1906 ubique
1042 1863 1132 1894 illum
1153 1862 1212 1894 sibi
1230 1861 1380 1904 privatim
1396 1861 1590 1904 publiceque

905 1919 1143 1957 repraesentare,
1170 1920 1202 1945 et
1230 1912 1440 1944 libentissime
1464 1912 1504 1943 de
1534 1913 1591 1944 illo

906 1963 1005 2006 loqui,
1030 1964 1070 1995 de
1095 1963 1151 1995 illo
1175 1962 1324 1995 audire.''
1369 1963 1481 1994 Senec.
1503 1963 1590 1995 Con-

906 2015 1000 2046 solat.
1032 2013 1073 2045 ad
1104 2014 1274 2050 Marciam,
1307 2013 1463 2045 Cremutii
1493 2013 1592 2045 Cordi

907 2064 1026 2104 filiam3
1051 2064 1095 2096 iii.

955 2117 982 2148 l.
1008 2116 1113 2146 Mater
1150 2117 1235 2146 modo
1275 2116 1361 2146 dicta
1397 2114 1586 2156 Neronum]

905 2164 1023 2197 Tiberii
1047 2165 1119 2197 scil.
1140 2171 1173 2196 et
1197 2164 1307 2201 Drusi,
1329 2175 1410 2207 quos
1432 2175 1472 2196 ex
1496 2164 1591 2207 priori

906 2215 1041 2258 conjuge
1061 2214 1191 2247 Tiberio
1213 2215 1342 2246 Nerone
1368 2214 1460 2246 Livia
1483 2225 1592 2246 susce-

906 2271 1007 2309 perat.

949 2317 982 2353 3,
999 2317 1031 2347 4.
1059 2316 1237 2347 Miserabile
1255 2316 1407 2357 carmem]
1450 2314 1504 2346 Ad
1525 2314 1587 2345 mi<

906 2366 1111 2398 sericordiam
1138 2365 1406 2397 commovendam
1434 2365 1590 2407 composi-

907 2423 988 2448 tum.
1036 2417 1086 2448 Sic
1103 2417 1189 2460 apud
1202 2416 1317 2458 virgil.
1338 2415 1517 2447 Philomela
1533 2418 1590 2446 mi-

907 2469 1035 2499 serabile
1059 2478 1182 2498 carmen
1208 2466 1514 2510 integrate—Unum
1540 2468 1592 2506 qui

908 2519 1003 2554 dicat,
1021 2523 1087 2549 ete.
1135 2518 1162 2548 E
1179 2516 1304 2548 duobus
1325 2516 1398 2547 filiis
1420 2527 1502 2546 unus
1520 2522 1591 2546 tan-

909 2573 977 2598 tum
1001 2572 1157 2610 superest,
1175 2566 1229 2609 qui
1251 2566 1339 2597 dulci
1356 2572 1386 2597 te
1404 2564 1514 2596 matris
1538 2575 1594 2596 no-

908 2617 994 2649 mine
1018 2616 1190 2660 compellet
1205 2616 1210 2646 !
1261 2616 1351 2647 Idem
1368 2614 1455 2656 quod
1476 2625 1570 2657 supra
1585 2627 1590 2645 2

908 2669 979 2700 Jam
1001 2669 1056 2699 tibi
1072 2669 1236 2699 dimidium
1251 2668 1382 2697 nominis
1398 2666 1491 2705 hujus
1508 2669 1593 2706 (ma-

907 2719 982 2759 tris)
1000 2720 1080 2750 abest
1094 2730 1105 2755 ,·
1131 2724 1163 2749 et
1179 2717 1219 2748 ad
1235 2715 1412 2748 Ovidianos
1434 2715 1545 2746 modos
1561 2721 1593 2745 et

908 2768 999 2810 quasi
1016 2773 1114 2799 nutus
1137 2765 1319 2809 aptissimus
1336 2775 1422 2800 sane,
1439 2764 1493 2806 qui
1510 2763 1591 2802 haec,

908 2818 933 2849 si
950 2829 1012 2849 non
1029 2817 1166 2848 Ovidius
1183 2817 1260 2858 ipse,
1277 2814 1415 2856 scripsit.

1041 2868 1061 2898 3
1087 2867 1116 2898 H
