1809 3220
177 142 266 186 :358
717 136 1064 180 EXCURSUS

176 265 309 306 fastos
331 261 515 303 urbanos
536 256 713 298 traditos
734 269 844 303 esse,
869 254 1095 310 probatum
1119 254 1152 295 it
1175 259 1370 296 veterum
1394 255 1598 298 fastorum

174 335 388 387 interpres
422 329 535 385 apud
571 325 831 382 Fogginium
861 325 923 378 (in
957 323 1064 365 libro
1097 324 1328 372 laudando,
1358 339 1457 380 pag.
1479 324 1600 378 103.)

174 403 248 460 qui
272 400 534 444 coloniarum
557 395 728 438 nomina
751 401 851 436 tunc
873 394 915 434 in
939 393 1059 434 fastis
1081 399 1284 435 annotata
1303 394 1480 449 reperit.

233 470 435 517 Accedit,
452 474 501 510 ut
520 468 575 509 de
598 481 715 508 more
738 480 806 506 res
829 470 1065 506 memoratu
1087 464 1238 520 dignas
1262 464 1305 505 in
1324 464 1446 506 fastis
1467 465 1598 507 sacris

175 543 228 585 ad
249 556 338 589 eos,
362 539 516 595 quibus
538 543 674 593 gestae
696 540 809 583 sunt,
835 534 927 576 dies
951 534 1237 583 adscribendi,
1261 535 1461 589 quaedam
1482 535 1597 577 dica-

176 627 285 658 mus,
309 624 439 666 quum
475 608 515 649 in
551 606 629 648 hac
659 620 721 654 re,
750 620 846 660 quae
879 605 1008 645 etiam
1041 604 1082 644 in
1113 604 1234 645 fastis
1270 603 1477 646 historicis
1506 603 1599 647 fieri

176 681 355 728 solebat,
380 677 565 720 dubitari
594 676 740 731 possit,
767 676 821 716 ad
852 680 994 715 utrum
1025 688 1161 729 genus
1184 674 1337 729 aliquis
1361 673 1479 716 locus
1503 689 1598 730 per-

175 753 323 794 tineat.
387 748 439 790 In
462 747 582 789 fastis
605 745 735 787 sacris
758 745 836 786 hoc
858 751 1025 785 mature
1042 744 1130 799 jam
1151 744 1310 785 factum
1333 758 1428 785 esse
1448 743 1599 786 Ovidii

174 823 269 864 loca
301 820 483 876 probant
514 818 568 858 vi.
597 816 697 858 461.
728 815 829 857 465.
858 815 958 856 563.
990 815 1090 856 721.
1122 814 1222 855 765.
1252 813 1352 855 769.
1378 814 1490 862 ’77ος
1523 814 1596 855 ubi

174 907 244 934 res
277 889 434 946 populo
467 888 665 929 Romano
692 886 760 927 vel
795 885 903 926 laetae
934 885 1000 925 vel
1033 884 1190 931 tristes,
1217 890 1305 925 tum
1335 884 1522 927 victoriae
1553 890 1599 926 et

175 977 242 1004 res
270 960 477 1016 praeclare
507 963 656 1013 gestae,
683 964 773 997 turn
798 955 959 1003 clades,
984 955 1138 1010 quibus
1162 954 1304 996 Roma
1333 954 1490 996 afflicta
1518 960 1597 1003 est,

176 1033 216 1072 in
247 1030 381 1076 fastis,
407 1028 559 1083 quibus
584 1026 769 1068 Ovidius
799 1039 901 1065 usus
931 1030 1012 1072 est,
1036 1025 1264 1079 adscriptae
1295 1023 1426 1065 fuisse
1449 1024 1597 1066 viden-

175 1107 257 1142 tur.
311 1098 506 1140 Victoria
528 1112 567 1137 v.
587 1111 624 1137 c.
650 1095 847 1136 Postumi
865 1095 920 1135 de
943 1094 1102 1149 AEquis
1124 1099 1167 1134 et
1187 1093 1358 1136 Volscis
1380 1093 1519 1147 (Fast.
1540 1093 1597 1136 vi.

171 1170 293 1219 721.)
314 1182 441 1223 quam
464 1168 517 1208 ad
541 1167 580 1208 d.
603 1165 659 1207 17
679 1165 783 1207 Jun.
808 1165 866 1205 ita
886 1165 1025 1205 canit:

332 1280 519 1322 Sciliceth
550 1282 611 1320 hie
630 1281 722 1320 olim
744 1281 887 1332 AEquos
909 1280 1146 1332 Volscosque
1164 1281 1318 1331 fugatos

388 1347 553 1386 Viderat
574 1347 614 1384 in
634 1346 790 1397 campis,
813 1345 958 1396 Algida
977 1352 1092 1389 terra,
1115 1345 1193 1382 tuis
1210 1360 1221 1390 ;

332 1412 448 1451 Unde
472 1411 692 1449 suburbano
710 1410 848 1454 clarus,
870 1409 1055 1453 Tuberte,
1077 1409 1275 1460 triumpho

386 1476 426 1514 V
428 1483 536 1514 ectus
557 1489 596 1513 es
616 1475 656 1511 in
676 1474 812 1519 niveis,
836 1473 1034 1517 Postume,
1056 1473 1178 1511 victor
1197 1473 1327 1525 equis:

173 1597 269 1639 coll.
297 1596 420 1638 Livio
455 1597 511 1635 iv.
532 1593 720 1635 ,QG—29.
745 1593 786 1633 in
821 1607 889 1633 an.
915 1591 973 1633 U.
996 1591 1096 1633 322.
1118 1591 1281 1640 incidit,
1307 1598 1351 1632 et
1380 1592 1470 1647 jam
1505 1598 1595 1634 tum

174 1670 237 1710 liic
260 1682 351 1709 mos
374 1665 608 1707 obtinuisse
632 1664 818 1705 videtur.
883 1662 1088 1703 Similiter
1111 1663 1151 1703 in
1178 1662 1234 1704 D.
1257 1662 1382 1703 Bruti
1401 1663 1593 1712 victoria,

174 1737 373 1794 Syphace
395 1736 509 1777 victo
539 1741 584 1775 et
612 1734 718 1782 aliis,
745 1734 770 1774 l.
795 1733 822 1774 l.
846 1749 883 1774 c.
906 1748 943 1774 c.
969 1739 1015 1774 et
1042 1733 1137 1773 salsi
1166 1733 1298 1787 igitur
1327 1738 1440 1781 sunt,
1465 1733 1500 1774 si
1521 1733 1595 1789 qui

171 1812 228 1860 (V.
253 1822 289 1849 c.
315 1806 513 1848 Siccama
537 1804 590 1845 de
613 1803 733 1845 fastis
756 1802 834 1845 Gr.
859 1803 1008 1854 Thes.)
1030 1803 1069 1843 in
1094 1802 1156 1844 M.
1181 1802 1372 1843 Antonio
1402 1801 1481 1844 hoc
1509 1803 1593 1858 pri-

172 1891 287 1919 mum
309 1876 469 1917 factum
496 1888 591 1915 esse
614 1873 894 1914 contendunt.
962 1871 1049 1912 Hic
1073 1872 1200 1920 enim,
1227 1878 1273 1913 ut
1295 1871 1450 1913 Cicero
1472 1871 1593 1924 (Phi-

920 2010 1097 2047 transitum,
1115 2010 1169 2052 qui
1194 2017 1279 2041 certe
1304 2011 1335 2041 in
1361 2017 1496 2052 utraque
1518 2020 1596 2042 voce

919 2062 999 2092 bene
1021 2072 1054 2092 se
1076 2061 1224 2097 illustrat,
1242 2061 1388 2092 Graecam
1406 2060 1596 2103 particulam

920 2109 950 2150 ἦ.
998 2110 1252 2153 Significationes
1270 2109 1433 2152 utriusque
1449 2110 1535 2141 vocis
1550 2110 1597 2142 ita

217 2015 231 2036 ¹¹
261 2015 394 2050 Scilicet,
419 2012 575 2056 particula
604 2011 794 2048 transitoria,
820 2018 851 2042 et

173 2065 273 2108 digito
297 2076 346 2107 qs.
364 2064 532 2095 intendens
556 2063 595 2094 ad
621 2063 797 2105 sequentia,
817 2069 849 2094 ut

172 2127 248 2152 ecce,
265 2114 493 2157 significatione
511 2119 606 2144 antea
622 2113 778 2154 neglecta,
793 2112 848 2144 sed

173 2178 244 2209 quae
263 2166 330 2197 sine
346 2165 443 2197 dubio
458 2165 561 2207 prima
575 2171 621 2196 est
638 2164 733 2206 hujus
748 2163 847 2200 vocis,

175 2217 257 2249 unde
273 2222 396 2248 caeterae
417 2215 545 2246 demum
566 2215 736 2258 profluunt,
753 2225 849 2256 quam

176 2266 350 2299 vindicavit
373 2266 426 2297 Ill.
454 2266 586 2297 Vossius
610 2265 649 2296 ad
676 2266 792 2307 Georg.
817 2277 848 2308 p.

178 2320 252 2350 136.
270 2328 300 2348 n.
317 2317 393 2348 edit.
416 2316 498 2358 (rid.
518 2317 588 2347 loca
612 2315 655 2347 ibi
678 2315 848 2354 laudata3)

174 2370 292 2409 Georg.
306 2367 327 2398 i.
342 2368 417 2397 281.
435 2371 455 2384 “
466 2366 526 2398 'l'er
542 2372 614 2397 sunt
632 2365 736 2397 conati
749 2366 849 2408 impo-

172 2429 247 2451 nere
265 2418 355 2449 Pelio
369 2418 483 2449 Ossam
500 2418 634 2453 Scilicet,
650 2424 747 2458 atque
760 2417 849 2448 Ossae

175 2470 356 2502 frondosum
386 2468 544 2499 involvere
575 2467 750 2509 Olympum
763 2467 796 2504 ;'’
830 2468 850 2497 i.

171 2521 247 2552 492.
262 2524 281 2536 “
295 2518 428 2554 Scilicet,
441 2524 473 2549 et
487 2523 612 2559 tempus
624 2516 739 2552 veniet,
752 2527 848 2558 quum

172 2570 289 2602 finibus
312 2569 376 2600 illis
399 2568 585 2611 Agricola,’'
607 2574 668 2599 ete.
685 2567 769 2598 unde
793 2578 848 2598 vo-

171 2632 244 2653 cem
270 2619 399 2656 Ovidio,
419 2619 461 2650 iv.
487 2619 561 2650 627.
585 2618 717 2649 reddere
743 2618 850 2648 nullus

172 2669 328 2702 dubitavi.
375 2669 554 2711 Analogarn
585 2674 690 2699 autem
719 2667 851 2698 arbitror

173 2720 245 2752 huic
270 2720 433 2762 particulae.
452 2718 557 2761 quoad
583 2717 848 2759 significationum

919 2173 952 2193 se
978 2162 1123 2204 excipere
1145 2161 1312 2192 videntur:
1343 2162 1375 2191 1⁰
1397 2162 1541 2203 prqt'ecto,
1561 2172 1596 2193 re

920 2224 1001 2245 tera.
1047 2214 1099 2244 Ita
1119 2215 1235 2244 scilicet
1257 2222 1342 2254 saepe
1363 2212 1448 2254 apud
1463 2212 1592 2244 Terent.

922 2264 1089 2295 Phorm.1.
1107 2263 1140 2294 ii.
1160 2264 1221 2301 823
1244 2262 1386 2304 Adelph.
1403 2262 1462 2293 iv.
1475 2262 1526 2294 vii.
1542 2264 1596 2294 33.

918 2323 949 2346 et
974 2315 992 2353 ἦ
1015 2325 1137 2357 semper
1156 2313 1238 2356 apud
1263 2314 1449 2345 Homerum.
1494 2313 1597 2345 Inter—

920 2366 995 2397 dum
1021 2366 1134 2397 scilicet
1163 2364 1252 2395 initio
1277 2364 1428 2395 orationis
1454 2363 1595 2396 animum

918 2424 1042 2448 tantum
1061 2415 1198 2447 intendit
1219 2415 1260 2446 ad
1275 2415 1454 2457 sequentia,
1471 2421 1507 2446 ut
1527 2414 1559 2446 h.
1574 2415 1598 2447 l.

919 2473 949 2499 et
966 2467 1012 2498 ita
1033 2478 1094 2498 non
1117 2477 1184 2498 raro
1201 2466 1222 2504 ἦ
1239 2465 1324 2509 apud
1341 2466 1537 2505 Homerum;
1560 2466 1597 2497 2⁰

919 2517 994 2549 inde
1024 2523 1158 2559 utraque
1186 2527 1245 2547 vox
1271 2517 1388 2547 ironice
1418 2522 1597 2558 usurpatur.

918 2570 969 2599 De
987 2570 1099 2600 scilicet
1121 2578 1167 2598 res
1185 2574 1272 2598 nota.
1319 2567 1370 2597 De
1396 2566 1416 2605 ἦ
1439 2566 1481 2598 cf.
1497 2566 1538 2597 ΙΙ.
1554 2570 1597 2599 Α.

918 2620 1001 2650 229:
1028 2619 1048 2657 ἡ
1066 2619 1152 2650 πολὺ
1167 2617 1268 2650 λώϊόν
1285 2617 1363 2654 ἐστι,
1378 2624 1441 2649 etc.
1457 2618 1494 2649 3⁰
1510 2624 1596 2648 utra-

919 2680 980 2711 que
1020 2670 1051 2700 in
1090 2669 1322 2712 quaestionibus
1359 2669 1495 2701 occurrit
1538 2678 1593 2711 pro

919 2731 990 2750 num
1004 2721 1016 2749 ?
