1830 3220
563 157 639 199 ΡΛ
650 157 915 200 STORUM
950 158 1072 199 LIB.
1107 158 1200 201 ΙΙΙ.

1509 162 1596 205 143

173 272 303 320 UNA
334 281 453 322 nota
479 282 559 323 est
585 273 767 323 Martis
798 274 990 324 Nonis:
1032 283 1231 324 sacrata
1255 277 1392 341 quod
1421 277 1518 326 illis

235 351 450 418 Templa
475 361 657 418 putant
682 354 823 402 lucos
845 353 1051 418 Vejovis
1078 363 1194 404 ante
1220 355 1365 404 duos.

1496 359 1596 404 430

170 430 420 479 Romulus
446 439 502 479 ut
528 448 652 480 saxo
674 432 845 479 lucum
873 432 1211 482 circumdedit
1237 434 1366 483 alto:

239 509 468 565 Quilibet
493 511 608 569 huc,
637 511 817 575 inquit,
846 511 1080 575 confuge,
1108 519 1247 560 tutus
1274 512 1389 562 eris,

173 587 218 635 O
247 605 402 652 quam
428 590 491 638 de
516 590 657 637 tenui
684 590 948 638 'Romanus
974 590 1166 653 origine
1192 591 1376 639 crevit!

239 667 411 716 Turba
433 677 579 717 vetus
607 685 760 733 quam
786 686 886 717 non
915 670 1161 718 invidiosa
1182 670 1303 723 fuit!

175 746 255 795 Ne
281 754 451 796 tamen
477 749 652 812 ignaro
679 749 872 797 novitas
899 750 992 797 tibi
1019 750 1235 798 nominis
1262 751 1448 807 obstet,
1499 752 1599 799 435

245 825 417 884 Disce,
446 826 560 890 quis
587 827 682 875 iste
711 826 869 885 Deus,
897 844 1048 876 curve
1073 835 1280 877 vocetur
1304 828 1390 876 ita.

174 903 375 970 Jupiter
400 913 478 954 est
497 906 728 970 juvenis:
764 907 1017 971 juveniles
1041 908 1250 972 adspice
1274 908 1472 956 vultus:

245 982 470 1048 Adspice
496 984 682 1033 deinde
710 1001 944 1043 manum;
986 986 1198 1034 fulmina
1223 987 1361 1035 nulla
1385 992 1541 1035 tenet.

178 1060 427 1120 Fulmina,
455 1070 573 1127 post
598 1080 748 1111 ausos
775 1065 958 1112 coelum
986 1066 1223 1114 affectare
1252 1065 1519 1128 Gigantas,

247 1140 425 1190 Sumta
451 1141 591 1191 Jovi:
633 1142 795 1207 primo
820 1151 1048 1209 tempore
1075 1144 1279 1192 inermis
1306 1151 1430 1193 erat.

1502 1144 1603 1190 440

179 1217 390 1282 Ignibus
419 1220 554 1268 Ossa
580 1221 738 1278 noviS‚
766 1228 818 1270 et
838 1221 1019 1271 Pelion
1045 1222 1191 1270 altior
1218 1222 1353 1270 Ossa

247 1297 399 1355 Arsit,
427 1306 479 1347 et
503 1299 553 1346 in
579 1299 741 1348 solida
765 1300 898 1349 fixus
927 1301 1182 1366 Olympus
1207 1302 1378 1349 humo.

224 1461 409 1493 429—448.
440 1461 557 1502 Vejovis
580 1462 655 1492 oedes
679 1460 777 1492 Nonis
802 1464 853 1492 ‹le-

178 1513 281 1542 dicaca
300 1521 319 1542 a
334 1510 484 1542 Romulo.
530 1511 581 1543 De
601 1522 637 1543 eo
659 1516 766 1542 autem
783 1512 855 1543 Deo

177 1572 276 1604 quum
301 1561 395 1593 variae
420 1568 525 1593 essent
549 1560 728 1597 sententiae,
756 1567 791 1592 ut
815 1572 854 1593 ex

180 1611 279 1644 Gellii
304 1612 401 1644 Noct.
425 1611 495 1642 Att.
522 1623 552 1643 v.
578 1612 628 1642 12.
653 1617 796 1654 apparet,
823 1617 855 1643 et

177 1672 233 1693 nos
249 1661 323 1693 inde
337 1672 410 1693 mox
427 1661 615 1698 videbimus,
626 1660 763 1693 Ovidius
779 1662 856 1704 quid

179 1711 246 1754 ipse
260 1712 378 1744 sentiat
393 1711 426 1742 in
441 1711 583 1743 medium
599 1711 702 1742 affert.

223 1762 410 1803 Dionysius,
421 1761 455 1793 ii.
470 1763 520 1793 15.
536 1766 646 1793 auctor
662 1767 720 1798 est,
734 1761 856 1793 Romu-

179 1813 246 1844 lum
259 1813 330 1844 loco
348 1812 430 1844 inter
444 1811 628 1854 capitolium
640 1817 673 1843 et
687 1822 793 1843 arcem
809 1816 858 1854 (v.

181 1863 221 1894 ad
242 1862 278 1894 ii.
297 1862 368 1896 70.)
385 1862 440 1904 qui
455 1873 512 1893 suo
528 1862 633 1894 adhuc
653 1868 794 1904 tempore
810 1863 858 1894 di-

182 1913 314 1944 cebatur
342 1912 493 1955 μεθόριον
519 1911 612 1945 δυοῖν
631 1911 764 1955 ὃρυμῶν
787 1913 857 1954 <Li-

182 1963 264 2000 vius,
280 1962 304 1993 i.
322 1963 353 1994 8.
369 1966 389 1980 “
404 1962 487 1993 inter
510 1962 590 1994 duos
613 1961 744 2001 lucos”)
762 1968 859 2005 atque

182 2012 257 2044 olim
286 2023 402 2044 nomen
432 2023 450 2043 a
473 2022 506 2043 re
536 2011 708 2054 acceperit,
735 2012 859 2053 asylum

183 2063 355 2105 aperuisse,
381 2061 525 2105 apposito
554 2061 686 2104 templo,
712 2061 745 2092 in
776 2062 860 2104 quod

183 2112 346 2156 supplices
375 2118 407 2144 et
443 2123 595 2144 convenae
628 2111 859 2153 confugerent:

185 2162 239 2195 sed
264 2163 315 2194 cui
333 2163 402 2194 Deo
425 2167 643 2194 consecratum
667 2160 761 2193 fuerit
781 2161 861 2193 illud

186 2213 353 2255 templum,
374 2218 459 2244 certo
484 2223 517 2243 se
539 2211 648 2242 dicere
674 2222 738 2242 non
761 2222 863 2254 posse.

191 2263 307 2305 Vejovis
331 2263 433 2294 aedem
457 2262 567 2298 fuisse,
589 2272 651 2292 non
671 2262 765 2293 modo
785 2262 862 2294 Ovi-

188 2313 260 2345 dius
278 2313 366 2350 dicit,
382 2313 438 2344 sed
457 2318 489 2344 et
510 2311 578 2343 alii.
624 2310 801 2348 Vitruvius,
817 2311 862 2343 iv.

189 2364 220 2395 7.
239 2362 295 2394 ubi
315 2362 355 2394 de
376 2368 534 2394 structura
553 2361 742 2402 templorum
758 2360 862 2403 loqui-

187 2421 249 2450 tur,
267 2417 290 2430 “
306 2414 352 2445 uti
368 2418 415 2444 est
431 2411 571 2444 Castoris
585 2411 618 2441 in
634 2410 728 2442 Circo
744 2410 862 2442 Flami-

186 2463 252 2501 nio,
264 2469 296 2494 et
307 2462 389 2494 inter
401 2462 480 2494 duos
493 2461 581 2493 lucos
592 2460 756 2503 Vejovis.’'
784 2460 863 2492 Gel-

186 2513 249 2546 lius
271 2514 369 2544 Noct.
392 2512 461 2544 Att.
485 2524 517 2543 v.
545 2512 604 2542 12:
637 2511 728 2542 “Est
757 2515 864 2542 autem

189 2563 275 2595 aedes
300 2561 431 2605 Vejovis
455 2562 569 2593 Romae
594 2560 676 2592 inter
701 2570 806 2592 arcem
832 2566 865 2592 et

189 2612 410 2656 capitolium.”
456 2610 552 2643 Adde
578 2611 617 2642 P.
642 2610 804 2642 Victorem
831 2610 865 2642 in

189 2663 273 2705 Reg.
290 2662 356 2694 viii.

234 2714 310 2744 432.
349 2712 486 2747 Quilibet
513 2711 603 2752 hum]
652 2711 694 2741 Et
723 2710 866 2753 confugit

194 2762 255 2794 huc
277 2774 316 2794 ex
338 2761 479 2793 finitimis
499 2762 623 2804 populis
643 2763 736 2794 turba
751 2762 865 2799 omnis,

923 1460 991 1493 sine
1007 1460 1200 1498 discrimine,
1216 1460 1297 1492 liber
1312 1471 1352 1492 an
1371 1472 1480 1494 servus
1503 1468 1600 1495 esset.

927 1512 1050 1549 Tenuis,
1067 1511 1215 1551 humilis3
1242 1511 1310 1543 Liv.
1328 1511 1361 1543 ii.
1380 1513 1407 1544 l.
1420 1516 1440 1530 ‘¹
1458 1513 1515 1545 illa
1529 1525 1602 1556 pas-

926 1567 1027 1593 torum
1039 1573 1316 1604 convenarumque
1328 1562 1430 1605 plebs,
1440 1564 1605 1606 transfuga

925 1622 964 1643 ex
994 1612 1060 1643 suis
1088 1611 1254 1654 populis.''
1304 1611 1432 1645 Novitas
1462 1616 1602 1652 nominis,

925 1661 1110 1693 inusitatum
1126 1668 1157 1693 et
1177 1663 1345 1694 obscurum
1368 1673 1497 1695 nomen.
1546 1665 1605 1696 Ob-

926 1717 994 1748 stet,
1008 1711 1161 1744 offendat.

971 1762 1047 1794 437.
1073 1762 1270 1794 Sententiam
1298 1763 1377 1794 dicit
1397 1763 1430 1795 in
1454 1764 1517 1796 fine
1541 1764 1604 1797 loci

928 1822 992 1843 ver.
1009 1813 1084 1844 447.
1100 1813 1270 1856 praemissis
1291 1814 1495 1855 argumentis.
1540 1815 1601 1846 Ju-

926 1865 1006 1903 piter
1020 1865 1196 1905 juvenilis.-
1231 1869 1338 1895 statua
1360 1864 1391 1895 V
1393 1864 1492 1906 ejovis
1510 1864 1603 1907 juve-

928 1923 1000 1944 nem
1025 1913 1130 1945 refert.
1178 1914 1251 1945 Post
1274 1924 1371 1950 ausos,
1392 1919 1455 1945 etc.
1500 1915 1604 1946 Immo

928 1963 1025 2005 prius,
1042 1963 1074 1995 in
1095 1964 1181 1995 bello
1203 1975 1277 1996 cum
1292 1964 1472 2002 Titanibus,
1487 1965 1604 2007 Cyclo-

929 2024 986 2055 pes
1005 2014 1077 2046 Jovi
1103 2014 1236 2046 fulmina
1262 2014 1515 2057 suppeditarunt,
1532 2015 1605 2058 qui-

929 2063 988 2094 bus
1003 2064 1074 2096 telis
1090 2070 1121 2096 et
1141 2071 1253 2107 postea
1273 2070 1382 2096 contra
1400 2066 1555 2108 Gigantas
1572 2072 1605 2097 et

929 2113 1105 2156 Typhaeum
1132 2125 1208 2146 usus
1227 2120 1285 2146 est.
1331 2115 1556 2157 Apollodorus,
1577 2117 1607 2148 I.

930 2164 965 2195 ii.
1002 2166 1029 2196 l.
1074 2165 1135 2196 Sed
1166 2175 1205 2196 ex
1232 2165 1476 2196 Titanomachia
1504 2167 1607 2199 multa

930 2220 1004 2245 sunt
1020 2225 1038 2246 a
1052 2215 1154 2256 poetis
1177 2214 1330 2246 translata
1348 2215 1381 2246 in
1397 2215 1607 2257 Gigantoma-

932 2264 1048 2295 chiam.
1108 2266 1160 2296 De
1193 2264 1315 2300 ordine,
1346 2276 1410 2307 quo
1448 2266 1606 2307 Olympus,

936 2314 1019 2351 Ossa,
1051 2314 1159 2346 Pelion
1191 2320 1314 2345 montes
1349 2317 1491 2357 congesti
1521 2316 1607 2358 apud

932 2371 1042 2407 poetas
1070 2364 1231 2407 leguntur,
1259 2364 1331 2396 vide
1361 2376 1432 2407 quae
1461 2365 1494 2396 in
1523 2377 1607 2398 varr.

932 2413 1122 2445 lectionibus
1138 2414 1178 2445 ad
1190 2415 1326 2445 Metam.
1338 2414 1360 2445 i.
1377 2414 1448 2446 155.
1459 2414 1608 2448 diximus.

933 2464 973 2495 In
1002 2464 1271 2507 Gigantomachia
1304 2471 1457 2502 arserunt,
1483 2467 1607 2509 ignibus

933 2518 1026 2553 novis,
1043 2515 1229 2547 fulminibus
1245 2526 1264 2547 a
1277 2516 1358 2548 Jove
1374 2516 1467 2548 modo
1482 2516 1608 2549 sumtis.

935 2566 1038 2606 Capra
1050 2566 1235 2602 Amalthea,
1250 2566 1341 2609 cujus
1355 2566 1440 2599 lacte
1458 2567 1607 2609 Nymphae

932 2614 1092 2647 Adrastea
1118 2621 1216 2658 atque
1240 2616 1301 2648 Ida
1325 2617 1437 2649 Jovem
1463 2623 1607 2648 tenerum

933 2665 1112 2706 nutrivere3
1136 2665 1361 2709 Apollodorus,
1376 2667 1439 2698 Li.
1454 2668 1486 2698 3.
1530 2667 1608 2710 Ejus

934 2715 1066 2758 figuram
1078 2716 1172 2759 juxta
1184 2717 1316 2759 Vejovis
1329 2716 1532 2748 simulacrum
1544 2723 1607 2749 ste-

933 2765 1020 2803 tisse,
1027 2766 1173 2798 observat
1182 2765 1280 2798 etiam
1292 2765 1418 2798 Gellius
1429 2764 1516 2798 dicto
1524 2766 1606 2799 loco.
