1830 3220
447 408 854 490 PsolelI
902 438 1293 492 NASONIS

601 610 1131 673 FASTORUM

535 783 780 825 LIBER
827 785 1200 832 QUINTUS.

741 954 1005 988 ——4—

165 1102 540 1170 QUAERITIS
550 1117 700 1172 ‚unde
710 1124 885 1182 putem
898 1117 1036 1166 Maio
1048 1118 1165 1166 data
1175 1118 1576 1168 nominamensi?

233 1192 355 1240 Non
381 1194 502 1242 satis
529 1203 606 1242 est
631 1184 824 1259 liquido
849 1197 1052 1259 cognita
1077 1212 1232 1244 causa
1256 1197 1393 1244 mihi.

166 1269 240 1317 Ut
265 1277 382 1327 stat,
411 1278 461 1319 et
485 1272 707 1320 incertus
734 1289 836 1336 qua
861 1273 925 1320 sit
950 1273 1044 1320 sibi
1072 1274 1235 1321 nescit
1260 1274 1500 1331 eundum,

234 1347 402 1403 Quum
427 1350 565 1399 videt
590 1367 654 1399 ex
681 1351 815 1399 omni
842 1359 985 1416 parte
1009 1352 1168 1399 viator
1194 1352 1315 1400 iter:

167 1425 269 1484 Sic,
298 1427 419 1491 quia
443 1445 594 1493 posse
620 1429 768 1477 datur
792 1429 1017 1478 diversas
1042 1430 1254 1478 reddere
1279 1446 1477 1487 causas,
1548 1433 1577 1477 5

234 1503 347 1559 Qua
372 1505 517 1564 ferar,
545 1507 748 1570 ignoro;
791 1507 1049 1571 copiaque
1073 1507 1185 1572 ipsa
1210 1514 1375 1555 nocet.

167 1582 353 1639 Dicite,
382 1602 495 1649 quae
521 1585 685 1633 fontes
711 1585 1061 1650 Aganippidos
1089 1585 1458 1650 Hippocrenes,

236 1662 395 1710 Grata
419 1663 671 1711 Medusaei
697 1664 840 1728 signa
866 1664 1049 1712 tenetis
1076 1664 1211 1727 equi.

213 1792 292 1822 1-1
302 1792 352 1822 10.
378 1792 482 1824 Missa
510 1793 706 1835 praefatione,
733 1795 840 1827 statim

166 1841 205 1872 de
226 1841 306 1872 Maii
327 1844 444 1872 nomine
465 1841 565 1881 dicit3
589 1842 719 1874 resumit
734 1850 841 1875 autem

168 1896 200 1922 et
227 1891 322 1923 latius
352 1896 479 1928 tractat,
507 1892 592 1933 quod
617 1892 640 1923 i.
667 1893 720 1923 41.
745 1895 841 1925 verbo

167 1940 327 1982 tetigerat.
375 1941 550 1978 Quaestioni
583 1941 657 1973 huic
684 1953 840 1984 gramma-

167 1989 238 2021 ticae
268 1990 440 2032 plurimum
474 1991 639 2032 dignitatis
671 1997 703 2023 et
731 1992 841 2034 gratiae

169 2040 304 2072 addidit.
349 2042 463 2072 Musas
484 2041 623 2078 invocat,
645 2047 681 2073 ut
704 2042 764 2073 sibi
788 2053 843 2073 no-

169 2089 262 2121 minis
282 2101 410 2122 causam
433 2091 586 2133 aperiant,
602 2096 646 2127 et,
665 2102 764 2133 quum
779 2097 842 2123 tres

169 2139 367 2182 potissimum
405 2150 511 2172 causae
550 2141 717 2177 ferrentur,
757 2141 843 2183 ipsas

170 2189 283 2221 Musas
302 2190 384 2221 inter
399 2201 432 2221 se
455 2190 677 2222 dissentientes
694 2190 794 2232 fingit,
811 2196 843 2221 et

171 2244 234 2270 tres
257 2240 302 2271 ita
320 2239 455 2277 inducit,
475 2246 510 2271 ut
536 2240 727 2272 sententiam
752 2240 841 2272 dein-

171 2299 247 2331 ceps
274 2289 407 2326 dicant3
433 2289 500 2332 ipse
532 2296 640 2321 autem
664 2291 723 2321 sub
747 2290 843 2321 finem

168 2338 326 2381 judicium
346 2350 437 2371 suum
454 2339 601 2371 cohibet:
627 2339 672 2370 ita
685 2340 754 2370 loco
770 2339 843 2370 huic

172 2388 324 2420 dramatis
337 2390 469 2421 formam
480 2389 583 2421 dedit.
629 2389 737 2420 Simile
754 2389 780 2421 ei
798 2395 845 2421 est

175 2439 340 2470 exordium
354 2439 410 2471 lib.
425 2439 468 2470 vi.

222 2491 249 2520 1.
281 2489 604 2530 Ωιιιετὶιὶε-νηενιείῖ]
633 2488 684 2520 Sic
708 2494 740 2520 et
768 2489 844 2520 alibi

175 2539 258 2570 viam
279 2538 339 2570 sibi
361 2538 473 2581 pandit
493 2538 534 2570 ad
550 2544 770 2580 argumentum
787 2538 844 2569 ali-

175 2589 261 2630 quod
290 2588 514 2628 tractandum;
548 2589 683 2619 Metam.
707 2587 740 2619 ii.
768 2589 844 2619 512.

176 2640 262 2670 Juno
291 2639 332 2670 ad
359 2639 447 2670 Deos
471 2639 619 2675 marinos,
645 2643 665 2656 “
684 2638 844 2676 Quaeritis,

177 2689 322 2720 aethereis
346 2700 442 2730 quare
466 2689 574 2731 regina
595 2689 736 2719 Deorum
755 2688 845 2719 Sedi-

177 2739 238 2769 bus
262 2738 324 2770 huc
348 2738 448 2770 adsim
461 2739 494 2769 ‘P’
542 2739 683 2780 Liquido,
699 2744 794 2776 certo,
811 2744 846 2770 ut

910 1793 954 1824 nil
984 1792 1190 1824 dubitationis
1218 1798 1325 1824 restet.
1370 1792 1477 1824 Etiam
1507 1794 1581 1826 Ma-

910 1843 997 1874 crob.
1018 1843 1040 1873 i.
1066 1844 1132 1874 Sat.
1162 1844 1211 1874 12.
1237 1843 1364 1879 fatetur,
1392 1842 1431 1874 de
1458 1844 1584 1876 nornine

909 1894 992 1923 inter
1016 1899 1153 1923 auctores
1175 1893 1270 1923 latam
1288 1894 1498 1924 dissensionem
1513 1905 1583 1925 esse.

911 1941 1005 1980 Quod
1030 1942 1074 1973 iv.
1103 1943 1177 1973 784.
1202 1942 1339 1973 tenuiter
1363 1941 1454 1979 dixit,
1481 1943 1584 1974 Turba

901 1992 989 2033 facit
1014 1993 1152 2027 dubium,
1176 1998 1330 2032 coeptuque
1358 1998 1463 2023 nostra
1493 1999 1584 2030 tenet,

910 2040 943 2071 id
960 2051 1044 2072 nunc
1059 2040 1265 2072 similitudine
1280 2040 1420 2082 quadam
1441 2048 1584 2080 exornat,

916 2090 958 2120 Ut
978 2096 1054 2127 ⁴stat,
1082 2096 1145 2121 etc.
1194 2090 1281 2121 Posse
1304 2092 1411 2127 datur,
1436 2102 1486 2122 res
1513 2092 1586 2123 talis

910 2145 969 2177 est,
986 2145 1021 2171 ut
1036 2139 1150 2182 possim
1163 2152 1172 2179 3
1196 2139 1330 2170 facultas
1346 2139 1420 2170 mihi
1438 2146 1496 2172 est.

955 2190 985 2220 7.
1013 2190 1165 2231 Pegasus,
1180 2199 1198 2220 e
1213 2188 1366 2230 sanguine
1383 2190 1518 2222 Medusa>
1533 2201 1582 2222 or-

912 2245 972 2275 tus.
999 2239 1153 2280 (Metam.
1179 2238 1222 2269 iv.
1251 2238 1343 2279 784.)
1369 2240 1584 2280 Hippocrenen

912 2290 1032 2330 ungula
1054 2288 1149 2330 rupit.
1187 2288 1271 2319 Ibid.
1291 2299 1321 2319 ν.
1345 2290 1421 2320 275.
1448 2289 1585 2333 Interpr.

912 2338 1060 2370 Gallicus
1083 2338 1168 2369 hunc
1192 2337 1310 2369 fontem
1335 2343 1368 2368 et
1387 2339 1584 2381 Aganippida

915 2387 978 2427 (sic
1008 2386 1079 2427 ille)
1107 2398 1162 2429 pro
1189 2387 1301 2418 eodem
1331 2387 1438 2420 habet.
1483 2391 1584 2422 Immo

914 2438 1074 2479 Aganippe
1089 2437 1171 2468 alius
1186 2437 1254 2468 fons
1264 2438 1430 2469 Musarum
1443 2445 1475 2470 et
1484 2439 1585 2482 Apol-

912 2487 984 2518 linis
1003 2488 1035 2518 in
1059 2487 1226 2523 Helicone,
1241 2487 1332 2529 isque
1353 2489 1394 2519 ad
1414 2490 1582 2522 Musarum

911 2537 1019 2568 lucum
1042 2537 1245 2568 tendentibus
1269 2537 1310 2568 ad
1334 2537 1470 2576 laevam3
1494 2540 1580 2571 Pau-

912 2597 979 2618 san.
1006 2588 1110 2618 Boeot.
1130 2598 1164 2629 p.
1187 2588 1261 2618 766.
1306 2588 1421 2629 Itaque
1446 2589 1583 2622 Metam.

913 2647 942 2668 v.
958 2638 1040 2667 312:
1069 2637 1150 2667 Fons
1166 2637 1336 2668 Medusaens
1358 2643 1390 2667 et
1413 2638 1582 2679 Hyanthea

914 2687 1073 2729 Aganippe
1087 2686 1204 2718 diserte
1217 2686 1464 2728 distinguuntur.
1501 2689 1582 2721 Inde

914 2737 1018 2768 Musae
1035 2738 1240 2779 Aganippicles
1263 2736 1422 2773 dicuntur,
1448 2742 1480 2769 et
1500 2739 1583 2780 Aga-
