1830 3220
578 190 651 232 IN
685 189 902 232 OVIDII
937 188 1190 232 FASTOS.
1507 189 1594 230 389

234 306 290 347 1⁰.
316 306 397 348 IV.
419 306 520 348 903.
543 308 632 361 (die
653 307 710 349 25
731 307 911 362 Aprilis)
933 307 1060 348 Aries
1084 306 1240 347 dicitur
1261 305 1484 347 occidere:

334 399 390 437 Et
409 400 554 437 frustra
573 398 760 450 pecudem
781 413 929 450 quaeres
948 398 1248 437 Athamantidos
1271 397 1422 436 Helles.

181 483 365 526 Occasus
393 484 656 541 acronycltus
686 484 833 539 (Aries
857 485 944 526 12⁰.
972 485 1064 534 45.)
1094 485 1217 526 valde
1246 484 1347 526 inde
1376 484 1590 532 dissentit,

177 568 307 608 quum
336 554 378 595 in
408 554 477 595 die
504 555 534 594 4
559 553 720 609 Aprilis
750 554 925 603 incidat,
957 560 1079 595 ortas
1105 553 1304 602 heliacus,
1336 568 1464 608 quem
1495 553 1591 595 huic

176 623 523 664 substituendum
562 629 687 678 putat
726 622 988 671 Pontedera,
1026 623 1201 678 propius
1241 623 1424 671 accedit,
1460 638 1592 678 quum

176 691 230 732 sit
258 692 300 733 in
329 691 470 733 Ariet.
500 692 598 741 220,
627 691 779 733 8=d.
811 692 867 733 13
897 691 1037 747 April.
1100 691 1308 733 Attamen
1344 692 1456 734 haud
1490 693 1591 734 inde

175 761 381 816 sequitur,
406 761 546 802 locum
568 762 885 802 emendandum
908 775 1003 802 esse
1026 776 1123 802 cum
1149 761 1236 802 viro
1259 760 1448 810 laudato,

516 859 604 898 Nec
622 860 768 898 frustra
786 858 973 910 pecudem
993 872 1153 910 quaeres,
1174 866 1246 896 etc.

177 952 395 993 Caeterum
414 950 596 993 Graecus
621 954 769 991 auctor
793 950 979 991 concivit
1000 964 1098 990 cum
1118 949 1301 991 Ovidio:
1332 950 1447 1004 apud
1464 949 1591 991 Gem.

177 1021 228 1062 ad
262 1021 391 1061 Taur.
424 1021 450 1061 i.
478 1020 551 1076 qui
577 1019 664 1061 dies
678 1019 778 1076 fere
807 1019 1014 1067 convenit,
1038 1019 1211 1074 legitur.

176 1093 274 1141 λήγει
309 1078 583 1135 ἐπιτέλλωνῇἰά
620 1096 700 1139 est,
737 1089 893 1130 desinit
930 1089 1043 1137 oriri,
1082 1089 1172 1130 sive
1206 1095 1350 1143 partes
1385 1094 1592 1130 extremae

177 1158 385 1200 asterismi
414 1159 622 1208 oriuntur,
648 1173 779 1213 quum
810 1159 902 1200 dies
935 1158 1060 1199 modo
1091 1158 1274 1212 scriptus
1300 1158 1356 1199 13
1377 1157 1515 1213 April.
1538 1160 1590 1200 ad

177 1228 361 1269 lucidam
386 1228 427 1269 in
450 1228 591 1283 capite
614 1228 793 1277 Arietis,
820 1229 936 1283 prius
959 1228 1182 1277 orientem,
1209 1228 1438 1283 pertineat.

234 1298 292 1340 2⁰.
327 1299 505 1354 Majoris
536 1301 742 1340 momenti
769 1299 902 1349 locus,
927 1299 984 1340 iii.
1007 1300 1107 1341 405.
1133 1300 1193 1353 (d.
1214 1300 1242 1340 5
1265 1299 1417 1349 Mart.)
1439 1299 1594 1340 Arcto-

124 1361 127 1365 *
177 1367 333 1423 phylax
363 1368 520 1409 dicitur
548 1383 666 1410 mane
696 1368 896 1417 occidere,
921 1375 969 1409 ut
998 1375 1147 1423 aperte
1178 1370 1308 1410 verba
1338 1369 1596 1424 loquuntur:

1275 1022 1444 1068 Καλίππῳ
1468 1023 1482 1057 ὃ
1507 1023 1595 1072 κριὸς

389 1460 524 1507 Quum
544 1460 683 1498 croceis
702 1474 829 1510 rorare
848 1460 958 1511 genis
979 1459 1165 1498 Tithonia
1180 1460 1320 1511 conjux

441 1524 629 1576 Coeperit,
650 1532 689 1563 et
709 1525 856 1576 quintae
875 1532 1050 1576 tempora
1069 1524 1167 1563 lucis
1187 1531 1299 1575 aget;

389 1588 481 1627 Sive
501 1597 559 1627 est
575 1588 855 1640 Arctophylaoe,
872 1589 952 1627 sive
972 1596 1030 1627 est
1051 1589 1160 1640 piger
1179 1589 1246 1627 ille
1268 1589 1409 1627 Bootes

442 1652 494 1689 M
494 1658 661 1704 ergetur,
678 1653 782 1691 visus
803 1651 1035 1704 effugietque
1053 1660 1152 1691 tuos.

391 1715 448 1754 At
467 1730 544 1754 non
564 1716 725 1767 effugiet
751 1716 785 1754 V
784 1716 1000 1755 indomitor.

118 1849 121 1852 ,
177 1805 463 1848 substituitur
500 1819 671 1846 occasus
707 1805 945 1846 matutinus
979 1805 1098 1846 ortui
1133 1806 1386 1860 vespertino,
1426 1806 1468 1846 in
1509 1822 1595 1861 quo

178 1890 324 1916 omnes
363 1875 651 1915 consentiunt.
721 1874 980 1923 Euctemon,
1020 1874 1094 1929 qui
1134 1874 1239 1915 item
1276 1873 1511 1916 Arcturum
1552 1882 1597 1917 et

179 1944 552 1986 vindemiatorem
567 1943 738 1999 jungit;
766 1943 880 1985 Pisc.
904 1943 984 1984 12:
1010 1946 1198 1993 Ευκτήμονι
1214 1950 1393 1996 ἀρκτοῦρος
1408 1946 1596 1990 ἐπιτέλλει,

724 2013 987 2055 Ptolemaeus
1010 2013 1123 2054 haud
1146 2013 1276 2054 dubie
1300 2027 1356 2054 ex
1378 2014 1533 2055 eodem
1555 2015 1597 2056 d.

178 2083 207 2124 5
235 2082 364 2123 Mart.
391 2088 567 2133 ἀρκτοῦρος
593 2084 742 2134 ἑσπέριος
763 2085 949 2122 ἐπιτέλλει.
1014 2082 1126 2123 Plin.
1148 2082 1270 2123 xviii.
1290 2082 1361 2124 26.
1384 2082 1412 2124 S
1437 2082 1600 2125 Kalen-

177 2018 237 2054 καὶ
256 2017 485 2067 προτρυγήτηο
505 2016 661 2065 ἐκφανής.

179 2212 233 2242 καὶ
259 2208 418 2242 ἐπιτέλλει
440 2220 561 2252 semper
584 2215 759 2241 recurrunt.
811 2210 853 2241 A·
922 2210 1096 2242 Ptolemaeo
1113 2210 1146 2241 d.
1168 2212 1198 2241 5.
1217 2211 1247 2241 7.
1263 2211 1295 2242 9.
1311 2209 1423 2241 Martii
1443 2210 1598 2242 adscribi-

178 2266 270 2304 perta
286 2261 491 2292 commutatio
512 2261 545 2292 in
562 2261 698 2292 Gemino
712 2261 853 2292 Piscium

181 2313 241 2342 14:
283 2310 471 2353 Εὐκτήμονι
498 2309 608 2349 ἰ’ππος
642 2311 723 2353 ἑῷος
753 2310 854 2348 δύνει,

180 2361 265 2404 quod
280 2361 468 2393 mutandum
492 2373 561 2393 esse
579 2362 610 2393 in
630 2362 711 2404 ἑῷος
726 2361 853 2394 ἐπιτέλ-

179 2413 227 2444 λει
243 2423 352 2443 omnes
366 2412 503 2444 rationes
515 2413 690 2456 postulant.
718 2413 852 2445 Gaudeo

179 2462 265 2494 idem
291 2462 552 2495 animadvertisse
577 2464 800 2501 Pontederam,
823 2475 854 2506 p.

182 2514 257 2545 405.
280 2513 335 2555 qui
357 2513 467 2544 eodem
487 2514 580 2545 modo
604 2514 759 2546 medetur.
804 2513 854 2544 Ita

181 2563 278 2595 etiam
302 2563 335 2594 in
357 2562 414 2594 lib.
434 2563 479 2594 iii.
502 2564 678 2600 Fastorum,
700 2563 762 2594 duo
787 2574 854 2595 car-

182 2613 269 2644 mina
293 2614 368 2645 449.
394 2614 468 2644 450.
493 2613 704 2656 intelligenda
726 2619 800 2644 sunt
823 2619 856 2645 et

181 2663 384 2706 explicanda.
428 2664 563 2696 Facilior
588 2670 695 2695 tamen
725 2663 854 2695 fortasse

182 2713 360 2746 emendatio
399 2713 488 2752 foret,
519 2715 544 2746 si
583 2713 730 2757 ἑσπέριος
765 2713 856 2746 δύνει

182 2763 317 2805 legatur,
344 2764 429 2806 quod
454 2775 545 2807 aeque
571 2775 678 2796 verum
702 2770 761 2801 est,
782 2770 814 2795 et
839 2774 856 2794 a

922 2267 984 2298 tur,
1003 2260 1020 2292 ὁ
1045 2261 1155 2296 κοινὸς
1176 2259 1287 2292 ἰ’ππου
1312 2261 1367 2292 καὶ
1380 2259 1601 2304 Ἀνδρομέδας

923 2311 1072 2354 ἑσπέριος
1083 2310 1182 2348 δύνει,
1194 2321 1293 2353 quum
1307 2309 1457 2354 ἑσπέριος
1472 2317 1504 2342 et
1519 2311 1599 2354 ἑῷος

924 2360 1049 2392 facilius
1082 2360 1267 2392 commutari
1301 2366 1458 2404 poteraut.
1514 2362 1598 2394 Vide

923 2411 1162 2442 emendationes
1183 2411 1236 2443 Ill.
1261 2411 1377 2448 Psaffli,
1402 2423 1433 2454 p.
1454 2412 1509 2442 81.
1531 2419 1599 2444 not.

923 2472 1003 2503 quas
1034 2461 1115 2492 inter
1144 2461 1226 2493 hanc
1260 2461 1357 2492 etiam
1387 2461 1601 2504 amplectitur.

923 2512 1023 2543 Pares
1060 2523 1177 2544 errores
1211 2522 1296 2554 saepe
1332 2517 1421 2543 notat
1450 2512 1602 2545 Petavius

924 2561 1011 2593 Diss.
1028 2574 1059 2604 p.
1075 2563 1128 2594 90.
1175 2562 1215 2593 C.
1233 2562 1388 2593 Firmicus
1407 2573 1463 2604 pro
1483 2573 1599 2594 occasu

923 2618 1026 2643 ortum
1042 2612 1178 2654 scripsit,
1192 2612 1258 2644 viii.
1274 2612 1325 2643 14.
1340 2624 1368 2655 p.
1385 2612 1442 2643 91.
1455 2612 1496 2643 A.
1508 2612 1600 2644 Idem

924 2662 1066 2694 Plinium
1085 2663 1253 2695 emendat:
1279 2665 1448 2705 emergitur
1464 2673 1520 2705 pro
1542 2664 1598 2693 im-

925 2715 1089 2755 mergitur.
