1830 3220
586 162 936 206 FASTORUM
972 162 1094 206 LIB.
1128 163 1212 206 VI.
1523 166 1608 209 :351

183 283 465 331 TEMPORA
495 283 750 338 labuntur,
778 280 1050 346 tacitisque
1077 281 1391 330 senescimus
1418 284 1593 342 annis3

252 361 320 410 Et
344 361 559 425 fugiunt,
587 360 727 410 freno
754 377 854 409 non
880 367 1182 418 remorante,
1210 360 1337 410 dies.

185 440 353 497 Quam
379 440 479 488 cito
504 446 754 489 venerunt
780 439 1017 487 Fortunae
1045 438 1209 487 Fortis
1232 441 1474 490 honores!

253 519 381 568 Post
407 527 604 585 septem
631 520 771 567 luces
797 517 981 566 Junius
1006 526 1150 566 actus
1176 520 1285 567 erit.

185 597 280 655 Ite,
309 599 458 648 deam
483 598 586 646 laeti
615 598 819 646 Fortem
839 597 1111 654 celebrate,
1137 596 1390 656 Quirites;

1509 602 1605 648 775

255 677 316 725 In
341 677 539 726 Tiberis
565 676 675 743 ripa
699 692 910 725 munera
932 676 1064 740 regis
1092 677 1263 725 habet.

187 755 314 804 Pars
341 755 488 822 pede,
515 772 632 822 pars
659 756 812 805 etiam
839 755 993 804 celeri
1019 754 1274 804 decurrite
1299 756 1500 820 cymba,

258 835 368 884 Nec
396 836 587 902 pudeat
611 841 760 901 potos
787 835 906 883 inde
931 835 1093 883 redire
1119 835 1345 882 domum.

188 913 338 964 Ferte
364 922 615 964 coronatae
635 916 883 980 juvenum
908 914 1136 963 convivia
1160 914 1364 972 lintres;

257 993 529 1060 Multaque
554 1011 644 1061 per
668 994 864 1044 medias
890 994 1007 1043 vina
1032 994 1270 1043 bibantur
1295 1009 1473 1059 aquaS.
1512 996 1610 1042 780

188 1072 345 1122 Plebs
372 1074 493 1122 colit
517 1074 677 1133 hanc;
709 1074 845 1139 quia,
870 1073 957 1138 qui
985 1074 1169 1139 posuit,
1194 1072 1258 1121 de
1285 1072 1435 1138 plebe
1454 1071 1611 1121 fuisse

258 1152 454 1211 Fertur,
483 1160 534 1202 et
559 1170 623 1202 ex
650 1154 824 1201 humili
855 1160 1058 1218 sceptra
1082 1153 1262 1201 tulisse
1284 1153 1414 1200 loco.

191 1231 442 1281 Convenit
467 1240 519 1281 et
545 1234 732 1293 servis;
775 1250 919 1282 serva
945 1232 1066 1297 quia
1090 1232 1288 1280 Tullius
1314 1238 1452 1280 ortus

259 1311 541 1360 Constituit
565 1312 733 1361 dubiae
758 1313 950 1377 templa
973 1310 1260 1377 propinqua
1283 1310 1411 1359 deae.

190 1388 359 1449 Eccrz,
388 1392 680 1441 suburbana
704 1392 904 1440 rediens
931 1392 1064 1440 male
1087 1390 1284 1439 sobrius
1311 1390 1436 1447 aede,

1515 1392 1612 1438 785

257 1469 338 1518 Ad
365 1471 538 1519 stellas
566 1471 749 1536 aliquis
776 1470 897 1519 talia
920 1470 1075 1519 verba
1093 1469 1247 1535 Jacit:

189 1637 264 1659 num
301 1633 379 1664 erat,
409 1638 556 1671 pugnans
593 1628 711 1660 cecidit
728 1628 759 1668 ;”
795 1627 865 1660 Liv.

187 1677 286 1709 xxvii.
301 1679 354 1711 49.

232 1728 418 1760 771—784.
438 1729 534 1760 Sacra
556 1729 702 1760 Fortuna:
729 1729 862 1770 Fortis]

188 1778 240 1810 De
264 1778 360 1810 variis
386 1779 513 1822 templis
541 1779 687 1810 Fortnnce
712 1790 731 1810 a
757 1779 866 1810 Servio

186 1839 260 1872 rege
272 1829 430 1861 dedicatis
441 1829 514 1860 vide
527 1829 567 1861 ad
581 1840 642 1861 ver.
654 1830 734 1861 569:
754 1830 865 1867 Varro,

187 1880 228 1912 de
248 1880 341 1922 Ling.
356 1881 430 1912 Lat.
448 1891 478 1911 v.
501 1884 521 1897 ‘¹
540 1880 620 1912 Dies
640 1881 787 1911 Fortunae
810 1891 866 1923 ap-

187 1931 327 1974 pellatus
347 1942 366 1962 a
385 1930 493 1963 Servio
506 1930 613 1962 Tullio
636 1942 718 1972 rege,
736 1930 819 1973 quod
840 1930 867 1962 is

190 1982 299 2013 sanum
324 1982 425 2013 Fortis
444 1983 592 2013 Fortunae
617 1981 793 2013 secundum
813 1981 867 2012 Ti-

187 2032 290 2063 berim
309 2038 399 2063 extra
416 2032 525 2063 urbem
545 2031 683 2063 Romam
706 2031 869 2063 dedicavit

189 2081 287 2115 Junio
302 2082 446 2113 mense.''
487 2082 587 2114 Taciti
604 2081 678 2112 anni
694 2080 868 2123 eleganter,

190 2132 246 2175 qui
267 2133 395 2170 sensim,
412 2133 499 2165 nullo
520 2132 673 2169 tumultu,
689 2133 868 2175 transigun-

190 2189 252 2216 tur.
301 2183 448 2220 Honores,
464 2194 564 2215 sacra.

236 2235 313 2266 777.
341 2234 496 2278 Neapolis
522 2239 625 2277 putat,
652 2233 753 2265 aedem
780 2232 869 2264 illam

191 2285 287 2317 fuisse
308 2284 340 2317 in
361 2286 489 2327 regione
510 2285 747 2321 transtiberina,
767 2295 868 2326 eoque

190 2335 286 2368 ivisse
313 2337 483 2368 nonnullos
511 2338 588 2377 pede
624 2346 680 2378 per
717 2341 866 2378 pontem:

191 2386 289 2429 idque
325 2397 364 2418 ex
403 2386 461 2418 hoc
499 2387 567 2429 ipso
603 2387 673 2417 loco
706 2396 870 2428 apparere.

197 2437 307 2469 Potuit
325 2444 357 2469 et
378 2437 411 2469 in
431 2438 574 2469 citeriore
593 2436 661 2479 ripa
681 2447 768 2475 esse3
796 2447 869 2479 quo,

193 2487 270 2531 quia
293 2489 374 2531 pede
398 2487 523 2531 fatigari
548 2487 710 2524 nolebant,
731 2487 871 2518 secundo

193 2539 324 2571 flumine
346 2540 437 2570 celeri
455 2539 660 2570 decurrebant
679 2538 796 2579 cymba.
837 2537 871 2568 Si

193 2590 226 2622 in
242 2591 311 2633 ripa
325 2589 473 2621 ulteriore
489 2589 611 2625 fuisset,
626 2587 873 2620 transmisissent

194 2641 322 2677 flumen,
338 2651 401 2671 non
416 2639 641 2671 decurrissent.
684 2639 786 2681 Prope
801 2649 873 2669 eam

195 2701 279 2722 anno
291 2691 332 2722 U.
347 2690 386 2722 C.
401 2691 476 2722 459.
488 2688 647 2721 Carvilius
660 2688 757 2720 aliam
769 2688 873 2720 eidem

195 2741 266 2772 deae
304 2740 407 2773 aedem
444 2740 567 2783 posuit;
605 2738 726 2777 Livius,
757 2750 790 2770 x.
822 2739 875 2770 46.

196 2791 286 2823 Prior
307 2791 364 2824 illa
384 2795 576 2823 memoratur
595 2789 691 2822 etiam
711 2800 729 2821 a
749 2789 875 2821 Plutar-

936 1628 1009 1664 cho,
1030 1627 1070 1659 de
1096 1628 1182 1659 Fort.
1202 1628 1299 1658 Rom.
1322 1637 1355 1669 p.
1378 1626 1458 1657 266:
1486 1626 1558 1665 Τὴν
1582 1624 1613 1657 δὲ

936 1679 1020 1720 πρὸς
1029 1679 1078 1720 τῷ
1091 1678 1233 1720 ποταμῷ
1245 1677 1377 1719 Τύχην,
1393 1677 1437 1715 ἣν
1451 1675 1614 1718 Φόρτικαν

937 1729 1069 1766 ffleisk.
1094 1727 1222 1771 conjicit
1246 1727 1370 1769 Φόρτιν
1393 1726 1442 1758 vel
1469 1726 1614 1768 Φόρτεμ)

934 1781 1096 1811 καλοῦσιν
1112 1779 1215 1822 (ὅπερ
1232 1778 1324 1810 ἐστὶν
1341 1777 1496 1819 ἰσχυρὰν,
1510 1777 1530 1816 ἢ
1547 1776 1616 1819 ἀρι-

935 1831 1121 1869 στευτικὴν,
1134 1831 1152 1870 ὴ
1163 1828 1339 1872 ἀνδρείαν)
1349 1828 1391 1866 ὡς
1400 1828 1437 1859 τὸ
1447 1828 1616 1867 νικητικὸν

934 1880 1101 1913 ἁπάντων
1123 1879 1264 1912 κτέανον
1289 1880 1446 1921 ἔχουσαν.
1497 1878 1612 1909 Tiberi-

936 1943 1007 1963 num
1034 1937 1140 1962 autem
1168 1930 1256 1961 illam
1281 1930 1489 1961 decursionem
1512 1929 1615 1972 ipsum

937 1981 1117 2024 Scipionem
1154 1981 1343 2012 Africanum
1382 1989 1498 2021 magno
1535 1989 1615 2021 gau-

937 2032 989 2064 dio
1028 2031 1197 2069 adfecisse,
1232 2036 1337 2062 narrat
1376 2030 1501 2066 Cicero,
1543 2029 1613 2060 Fin.

939 2083 985 2115 II.
1001 2095 1033 2114 v.
1049 2083 1106 2113 24.

983 2135 1059 2165 781.
1089 2134 1239 2174 Pugnant
1269 2131 1339 2162 haec
1364 2142 1437 2162 cum
1465 2130 1516 2167 iis,
1543 2141 1614 2173 quae

938 2195 1004 2215 ver.
1035 2184 1112 2215 634.
1144 2182 1183 2213 de
1214 2181 1314 2213 Servii
1350 2180 1469 2223 origine
1499 2180 1617 2212 tradita

938 2240 1023 2266 sunt.
1072 2233 1247 2275 Vulgatam
1278 2230 1493 2267 traditionem,
1525 2241 1617 2262 serva

939 2296 1012 2316 eum
1042 2295 1111 2316 esse
1141 2290 1263 2320 natum,
1290 2292 1488 2324 parvumque
1512 2281 1615 2324 ipsum

938 2335 1095 2371 serviisse,
1112 2334 1211 2365 habet
1231 2333 1417 2375 Dionysius,
1437 2332 1480 2363 iv.
1506 2333 1543 2370 13
1569 2343 1616 2363 re-

939 2386 1020 2417 fellit
1036 2385 1157 2421 Livius,
1172 2384 1193 2415 i.
1211 2385 1264 2416 39.

984 2437 1058 2468 785.
1084 2436 1144 2467 VI.
1161 2434 1317 2466 Kalendas
1333 2434 1429 2464 Orion
1445 2435 1567 2464 oritur.-
1592 2433 1618 2464 is

940 2499 1014 2520 zona
1040 2487 1175 2522 cinctus.
1205 2485 1291 2517 unde
1321 2484 1446 2527 gladius
1479 2483 1617 2526 pendet;

940 2538 1101 2581 Hyginus,
1119 2537 1195 2568 Ret.
1211 2535 1255 2566 iii.
1271 2536 1334 2567 33:
1362 2539 1383 2551 “
1398 2534 1493 2565 Hunc
1507 2544 1525 2564 a
1539 2544 1617 2564 zona

941 2594 973 2621 et
999 2588 1121 2630 reliquo
1143 2597 1272 2629 corpore
1299 2584 1530 2627 aequinoctialis
1559 2583 1619 2615 cir-

942 2639 1034 2670 culus
1072 2636 1220 2669 dividit.''
1281 2635 1415 2671 Plinius,
1445 2633 1532 2665 xviii.
1562 2635 1617 2666 63.

943 2687 1158 2720 “Solstitium
1185 2685 1295 2730 peragi
1324 2684 1357 2715 in
1387 2689 1500 2715 octava
1528 2691 1618 2726 parte

944 2739 1060 2772 Cancri
1093 2743 1126 2769 et
1163 2743 1276 2768 octavo
1307 2734 1472 2767 Kalendas
1501 2734 1581 2766 Julii
1599 2735 1618 2747 ”

945 2788 1054 2821 tradit.
1101 2788 1227 2829 Nempe
1248 2791 1371 2818 veteres
1395 2783 1539 2816 cardines
1561 2795 1618 2816 an-
