<?xml version="1.0" encoding="UTF-8"?>
<!DOCTYPE html PUBLIC "-//W3C//DTD XHTML 1.0 Transitional//EN"
    "http://www.w3.org/TR/xhtml1/DTD/xhtml1-transitional.dtd">
<html xmlns="http://www.w3.org/1999/xhtml" xml:lang="en" lang="en">
 <head>
  <title>
</title>
<meta http-equiv="Content-Type" content="text/html;charset=utf-8" />
  <meta name='ocr-system' content='tesseract 3.04.00' />
  <meta name='ocr-capabilities' content='ocr_page ocr_carea ocr_par ocr_line ocrx_word'/>
</head>
<body>
  <div class='ocr_page' id='page_1' title='image "./povidiinasonisop05oviduoft_0225.png"; bbox 0 0 1830 3220; ppageno 0'>
   <div class='ocr_carea' id='block_1_1' title="bbox 568 184 1183 238">
    <p class='ocr_par' dir='ltr' id='par_1_1' title="bbox 568 184 1183 238">
     <span class='ocr_line' id='line_1_1' title="bbox 568 184 1183 238; baseline 0 -1"><span class='ocrx_word' id='word_1_1' title='bbox 568 184 916 238; x_wconf 76' lang='lat' dir='ltr'>FAsroRuM</span> <span class='ocrx_word' id='word_1_2' title='bbox 952 196 1073 237; x_wconf 85' lang='lat' dir='ltr'>LIB.</span> <span class='ocrx_word' id='word_1_3' title='bbox 1099 195 1183 238; x_wconf 83' lang='lat' dir='ltr'>lv.</span> 
     </span>
    </p>
   </div>
   <div class='ocr_carea' id='block_1_2' title="bbox 170 312 1340 375">
    <p class='ocr_par' dir='ltr' id='par_1_2' title="bbox 170 312 1340 375">
     <span class='ocr_line' id='line_1_2' title="bbox 170 312 1340 375; baseline 0 -15"><span class='ocrx_word' id='word_1_4' title='bbox 170 312 341 371; x_wconf 76' lang='lat' dir='ltr'>Dixit3</span> <span class='ocrx_word' id='word_1_5' title='bbox 383 319 434 360; x_wconf 90' lang='lat' dir='ltr'>et</span> <span class='ocrx_word' id='word_1_6' title='bbox 454 312 639 375; x_wconf 83' lang='lat' dir='ltr'>exiguo</span> <span class='ocrx_word' id='word_1_7' title='bbox 665 313 836 361; x_wconf 88' lang='lat' dir='ltr'>funem</span> <span class='ocrx_word' id='word_1_8' title='bbox 862 313 1127 361; x_wconf 88' lang='lat' dir='ltr'>conamine</span> <span class='ocrx_word' id='word_1_9' title='bbox 1153 313 1340 361; x_wconf 82' lang='lat' dir='ltr'><strong>traxit:</strong></span> 
     </span>
    </p>
   </div>
   <div class='ocr_carea' id='block_1_3' title="bbox 1483 198 1584 361">
    <p class='ocr_par' dir='ltr' id='par_1_3' title="bbox 1483 198 1584 361">
     <span class='ocr_line' id='line_1_3' title="bbox 1498 198 1584 239; baseline 0.012 -1"><span class='ocrx_word' id='word_1_10' title='bbox 1498 198 1584 239; x_wconf 88' lang='grc'>197</span> 
     </span>
     <span class='ocr_line' id='line_1_4' title="bbox 1483 316 1581 361; baseline 0.01 -1"><span class='ocrx_word' id='word_1_11' title='bbox 1483 316 1581 361; x_wconf 86' lang='grc'>325</span> 
     </span>
    </p>
   </div>
   <div class='ocr_carea' id='block_1_4' title="bbox 170 390 1583 533">
    <p class='ocr_par' dir='ltr' id='par_1_4' title="bbox 170 390 1583 533">
     <span class='ocr_line' id='line_1_5' title="bbox 240 390 1292 455; baseline 0.002 -18"><span class='ocrx_word' id='word_1_12' title='bbox 240 390 387 446; x_wconf 88' lang='lat' dir='ltr'>Mira,</span> <span class='ocrx_word' id='word_1_13' title='bbox 416 390 506 438; x_wconf 91' lang='lat' dir='ltr'>sed</span> <span class='ocrx_word' id='word_1_14' title='bbox 532 398 584 438; x_wconf 94' lang='lat' dir='ltr'>et</span> <span class='ocrx_word' id='word_1_15' title='bbox 610 407 763 438; x_wconf 89' lang='lat' dir='ltr'>scena</span> <span class='ocrx_word' id='word_1_16' title='bbox 787 391 1061 439; x_wconf 89' lang='lat' dir='ltr'>testificata</span> <span class='ocrx_word' id='word_1_17' title='bbox 1085 392 1292 455; x_wconf 88' lang='lat' dir='ltr'>loquar:</span> 
     </span>
     <span class='ocr_line' id='line_1_6' title="bbox 170 467 1583 533; baseline 0.001 -18"><span class='ocrx_word' id='word_1_18' title='bbox 170 467 314 516; x_wconf 90' lang='lat' dir='ltr'>Mota</span> <span class='ocrx_word' id='word_1_19' title='bbox 337 468 449 515; x_wconf 93' lang='lat' dir='ltr'>Dea</span> <span class='ocrx_word' id='word_1_20' title='bbox 467 475 572 524; x_wconf 91' lang='lat' dir='ltr'>est;</span> <span class='ocrx_word' id='word_1_21' title='bbox 615 470 945 533; x_wconf 81' lang='lat' dir='ltr'>sequiturque</span> <span class='ocrx_word' id='word_1_22' title='bbox 971 469 1172 526; x_wconf 90' lang='lat' dir='ltr'>ducem,</span> <span class='ocrx_word' id='word_1_23' title='bbox 1200 469 1478 532; x_wconf 82' lang='lat' dir='ltr'>laudatque</span> <span class='ocrx_word' id='word_1_24' title='bbox 1505 485 1583 516; x_wconf 84' lang='lat' dir='ltr'>se-</span> 
     </span>
    </p>
   </div>
   <div class='ocr_carea' id='block_1_5' title="bbox 238 545 1229 594">
    <p class='ocr_par' dir='ltr' id='par_1_5' title="bbox 238 545 1229 594">
     <span class='ocr_line' id='line_1_7' title="bbox 238 545 1229 594; baseline 0.002 -2"><span class='ocrx_word' id='word_1_25' title='bbox 238 545 400 593; x_wconf 86' lang='lat' dir='ltr'>Index</span> <span class='ocrx_word' id='word_1_26' title='bbox 426 546 614 593; x_wconf 85' lang='lat' dir='ltr'>laetitiae</span> <span class='ocrx_word' id='word_1_27' title='bbox 640 545 796 593; x_wconf 86' lang='lat' dir='ltr'>fertur</span> <span class='ocrx_word' id='word_1_28' title='bbox 821 546 870 593; x_wconf 92' lang='lat' dir='ltr'>in</span> <span class='ocrx_word' id='word_1_29' title='bbox 897 554 1031 594; x_wconf 87' lang='lat' dir='ltr'>astra</span> <span class='ocrx_word' id='word_1_30' title='bbox 1057 564 1229 594; x_wconf 89' lang='lat' dir='ltr'>sonus.</span> 
     </span>
    </p>
   </div>
   <div class='ocr_carea' id='block_1_6' title="bbox 1339 546 1584 610">
    <p class='ocr_par' dir='ltr' id='par_1_6' title="bbox 1339 546 1584 610">
     <span class='ocr_line' id='line_1_8' title="bbox 1339 546 1584 610; baseline 0 -17"><span class='ocrx_word' id='word_1_31' title='bbox 1339 546 1584 610; x_wconf 89' lang='lat' dir='ltr'>[quendo.</span> 
     </span>
    </p>
   </div>
   <div class='ocr_carea' id='block_1_7' title="bbox 170 622 1470 688">
    <p class='ocr_par' dir='ltr' id='par_1_7' title="bbox 170 622 1470 688">
     <span class='ocr_line' id='line_1_9' title="bbox 170 622 1470 688; baseline 0.001 -18"><span class='ocrx_word' id='word_1_32' title='bbox 170 622 415 670; x_wconf 87' lang='lat' dir='ltr'>Fluminis</span> <span class='ocrx_word' id='word_1_33' title='bbox 443 624 505 670; x_wconf 91' lang='lat' dir='ltr'>ad</span> <span class='ocrx_word' id='word_1_34' title='bbox 532 624 720 670; x_wconf 84' lang='lat' dir='ltr'>flexum</span> <span class='ocrx_word' id='word_1_35' title='bbox 745 624 974 672; x_wconf 87' lang='lat' dir='ltr'>veniunt:</span> <span class='ocrx_word' id='word_1_36' title='bbox 1017 623 1256 672; x_wconf 90' lang='lat' dir='ltr'>Tiberina</span> <span class='ocrx_word' id='word_1_37' title='bbox 1281 624 1470 688; x_wconf 83' lang='lat' dir='ltr'>priores</span> 
     </span>
    </p>
   </div>
   <div class='ocr_carea' id='block_1_8' title="bbox 240 701 1206 756">
    <p class='ocr_par' dir='ltr' id='par_1_8' title="bbox 240 701 1206 756">
     <span class='ocr_line' id='line_1_10' title="bbox 240 701 1206 756; baseline 0.001 -8"><span class='ocrx_word' id='word_1_38' title='bbox 240 701 389 749; x_wconf 84' lang='lat' dir='ltr'>Ostia</span> <span class='ocrx_word' id='word_1_39' title='bbox 414 702 668 756; x_wconf 86' lang='lat' dir='ltr'>dixerunt,</span> <span class='ocrx_word' id='word_1_40' title='bbox 697 702 830 749; x_wconf 92' lang='lat' dir='ltr'>unde</span> <span class='ocrx_word' id='word_1_41' title='bbox 858 702 1059 749; x_wconf 83' lang='lat' dir='ltr'>sinister</span> <span class='ocrx_word' id='word_1_42' title='bbox 1085 703 1206 749; x_wconf 92' lang='lat' dir='ltr'>abit.</span> 
     </span>
    </p>
   </div>
   <div class='ocr_carea' id='block_1_9' title="bbox 1488 704 1587 748">
    <p class='ocr_par' dir='ltr' id='par_1_9' title="bbox 1488 704 1587 748">
     <span class='ocr_line' id='line_1_11' title="bbox 1488 704 1587 748; baseline 0 0"><span class='ocrx_word' id='word_1_43' title='bbox 1488 704 1587 748; x_wconf 85' lang='lat'>330</span> 
     </span>
    </p>
   </div>
   <div class='ocr_carea' id='block_1_10' title="bbox 169 778 1584 1389">
    <p class='ocr_par' dir='ltr' id='par_1_10' title="bbox 171 778 1476 922">
     <span class='ocr_line' id='line_1_12' title="bbox 171 778 1476 844; baseline 0 -18"><span class='ocrx_word' id='word_1_44' title='bbox 171 778 290 827; x_wconf 85' lang='lat' dir='ltr'>Nox</span> <span class='ocrx_word' id='word_1_45' title='bbox 317 780 517 828; x_wconf 89' lang='lat' dir='ltr'>aderat:</span> <span class='ocrx_word' id='word_1_46' title='bbox 561 796 753 843; x_wconf 91' lang='lat' dir='ltr'>querno</span> <span class='ocrx_word' id='word_1_47' title='bbox 780 780 995 843; x_wconf 80' lang='lat' dir='ltr'>religant</span> <span class='ocrx_word' id='word_1_48' title='bbox 1021 797 1050 827; x_wconf 91' lang='lat' dir='ltr'>a</span> <span class='ocrx_word' id='word_1_49' title='bbox 1075 781 1249 844; x_wconf 82' lang='lat' dir='ltr'>stipite</span> <span class='ocrx_word' id='word_1_50' title='bbox 1275 779 1476 836; x_wconf 89' lang='lat' dir='ltr'>funem;</span> 
     </span>
     <span class='ocr_line' id='line_1_13' title="bbox 239 856 1390 922; baseline 0.002 -19"><span class='ocrx_word' id='word_1_51' title='bbox 239 856 481 921; x_wconf 87' lang='lat' dir='ltr'>Dantque</span> <span class='ocrx_word' id='word_1_52' title='bbox 507 858 601 904; x_wconf 87' lang='lat' dir='ltr'>levi</span> <span class='ocrx_word' id='word_1_53' title='bbox 629 874 804 905; x_wconf 89' lang='lat' dir='ltr'>somno</span> <span class='ocrx_word' id='word_1_54' title='bbox 830 874 1038 922; x_wconf 87' lang='lat' dir='ltr'>corpora</span> <span class='ocrx_word' id='word_1_55' title='bbox 1063 858 1237 906; x_wconf 88' lang='lat' dir='ltr'>functa</span> <span class='ocrx_word' id='word_1_56' title='bbox 1261 858 1390 905; x_wconf 92' lang='lat' dir='ltr'>cibo.</span> 
     </span>
    </p>

    <p class='ocr_par' dir='ltr' id='par_1_11' title="bbox 170 933 1452 1077">
     <span class='ocr_line' id='line_1_14' title="bbox 170 933 1452 1001; baseline -0.001 -19"><span class='ocrx_word' id='word_1_57' title='bbox 170 933 281 983; x_wconf 86' lang='lat' dir='ltr'>Lux</span> <span class='ocrx_word' id='word_1_58' title='bbox 308 936 507 983; x_wconf 91' lang='lat' dir='ltr'>aderat:</span> <span class='ocrx_word' id='word_1_59' title='bbox 551 952 742 999; x_wconf 89' lang='lat' dir='ltr'>querno</span> <span class='ocrx_word' id='word_1_60' title='bbox 769 937 969 984; x_wconf 90' lang='lat' dir='ltr'>solvunt</span> <span class='ocrx_word' id='word_1_61' title='bbox 995 953 1023 984; x_wconf 91' lang='lat' dir='ltr'>a</span> <span class='ocrx_word' id='word_1_62' title='bbox 1049 937 1222 1001; x_wconf 88' lang='lat' dir='ltr'>stipite</span> <span class='ocrx_word' id='word_1_63' title='bbox 1248 936 1419 984; x_wconf 88' lang='lat' dir='ltr'>funem</span> <span class='ocrx_word' id='word_1_64' title='bbox 1442 953 1452 993; x_wconf 92' lang='lat'>;</span> 
     </span>
     <span class='ocr_line' id='line_1_15' title="bbox 235 1012 1260 1077; baseline 0.002 -17"><span class='ocrx_word' id='word_1_65' title='bbox 235 1012 371 1061; x_wconf 90' lang='lat' dir='ltr'>Ante</span> <span class='ocrx_word' id='word_1_66' title='bbox 397 1020 568 1061; x_wconf 91' lang='lat' dir='ltr'>tamen</span> <span class='ocrx_word' id='word_1_67' title='bbox 594 1014 758 1077; x_wconf 88' lang='lat' dir='ltr'>posito</span> <span class='ocrx_word' id='word_1_68' title='bbox 784 1022 897 1062; x_wconf 89' lang='lat' dir='ltr'>tura</span> <span class='ocrx_word' id='word_1_69' title='bbox 920 1015 1106 1063; x_wconf 90' lang='lat' dir='ltr'>dedere</span> <span class='ocrx_word' id='word_1_70' title='bbox 1132 1015 1260 1062; x_wconf 89' lang='lat' dir='ltr'>foco.</span> 
     </span>
    </p>

    <p class='ocr_par' dir='ltr' id='par_1_12' title="bbox 169 1090 1584 1236">
     <span class='ocr_line' id='line_1_16' title="bbox 169 1090 1584 1157; baseline -0.001 -19"><span class='ocrx_word' id='word_1_71' title='bbox 169 1090 302 1139; x_wconf 92' lang='lat' dir='ltr'>Ante</span> <span class='ocrx_word' id='word_1_72' title='bbox 328 1098 617 1139; x_wconf 87' lang='lat' dir='ltr'>coronatam</span> <span class='ocrx_word' id='word_1_73' title='bbox 643 1093 855 1156; x_wconf 88' lang='lat' dir='ltr'>puppim</span> <span class='ocrx_word' id='word_1_74' title='bbox 882 1094 989 1141; x_wconf 91' lang='lat' dir='ltr'>sine</span> <span class='ocrx_word' id='word_1_75' title='bbox 1015 1094 1129 1142; x_wconf 91' lang='lat' dir='ltr'>labe</span> <span class='ocrx_word' id='word_1_76' title='bbox 1149 1095 1420 1157; x_wconf 88' lang='lat' dir='ltr'>juvencam</span> <span class='ocrx_word' id='word_1_77' title='bbox 1486 1093 1584 1138; x_wconf 83' lang='lat'>335</span> 
     </span>
     <span class='ocr_line' id='line_1_17' title="bbox 237 1169 1356 1236; baseline 0.002 -20"><span class='ocrx_word' id='word_1_78' title='bbox 237 1169 546 1226; x_wconf 89' lang='lat' dir='ltr'>Mactarunt,</span> <span class='ocrx_word' id='word_1_79' title='bbox 575 1186 784 1233; x_wconf 90' lang='lat' dir='ltr'>operum</span> <span class='ocrx_word' id='word_1_80' title='bbox 812 1172 1137 1236; x_wconf 83' lang='lat' dir='ltr'>conjugiique</span> <span class='ocrx_word' id='word_1_81' title='bbox 1162 1172 1356 1218; x_wconf 91' lang='lat' dir='ltr'>rudem.</span> 
     </span>
    </p>

    <p class='ocr_par' dir='ltr' id='par_1_13' title="bbox 169 1246 1514 1389">
     <span class='ocr_line' id='line_1_18' title="bbox 169 1246 1514 1312; baseline 0 -18"><span class='ocrx_word' id='word_1_82' title='bbox 169 1246 264 1295; x_wconf 88' lang='lat' dir='ltr'>Est</span> <span class='ocrx_word' id='word_1_83' title='bbox 288 1248 446 1303; x_wconf 90' lang='lat' dir='ltr'>locus,</span> <span class='ocrx_word' id='word_1_84' title='bbox 476 1247 526 1293; x_wconf 90' lang='lat' dir='ltr'>in</span> <span class='ocrx_word' id='word_1_85' title='bbox 552 1246 757 1295; x_wconf 90' lang='lat' dir='ltr'>Tiberin</span> <span class='ocrx_word' id='word_1_86' title='bbox 784 1265 887 1312; x_wconf 90' lang='lat' dir='ltr'>qua</span> <span class='ocrx_word' id='word_1_87' title='bbox 911 1250 1133 1297; x_wconf 88' lang='lat' dir='ltr'>lubricus</span> <span class='ocrx_word' id='word_1_88' title='bbox 1158 1249 1324 1295; x_wconf 86' lang='lat' dir='ltr'>influit</span> <span class='ocrx_word' id='word_1_89' title='bbox 1349 1248 1514 1302; x_wconf 89' lang='lat' dir='ltr'>Almo,</span> 
     </span>
     <span class='ocr_line' id='line_1_19' title="bbox 237 1324 1378 1389; baseline 0.001 -17"><span class='ocrx_word' id='word_1_90' title='bbox 237 1324 304 1372; x_wconf 89' lang='lat' dir='ltr'>Et</span> <span class='ocrx_word' id='word_1_91' title='bbox 328 1340 513 1372; x_wconf 89' lang='lat' dir='ltr'>nomen</span> <span class='ocrx_word' id='word_1_92' title='bbox 539 1340 720 1388; x_wconf 83' lang='lat' dir='ltr'>magno</span> <span class='ocrx_word' id='word_1_93' title='bbox 746 1326 913 1389; x_wconf 88' lang='lat' dir='ltr'>perdit</span> <span class='ocrx_word' id='word_1_94' title='bbox 937 1328 1000 1374; x_wconf 88' lang='lat' dir='ltr'>ab</span> <span class='ocrx_word' id='word_1_95' title='bbox 1028 1343 1174 1374; x_wconf 90' lang='lat' dir='ltr'>amne</span> <span class='ocrx_word' id='word_1_96' title='bbox 1200 1326 1378 1374; x_wconf 84' lang='lat' dir='ltr'>minor.</span> 
     </span>
    </p>
   </div>
   <div class='ocr_carea' id='block_1_11' title="bbox 166 1481 850 2817">
    <p class='ocr_par' dir='ltr' id='par_1_14' title="bbox 166 1481 848 2311">
     <span class='ocr_line' id='line_1_20' title="bbox 211 1481 846 1520; baseline -0.002 -6"><span class='ocrx_word' id='word_1_97' title='bbox 211 1483 287 1514; x_wconf 90' lang='lat'>330.</span> <span class='ocrx_word' id='word_1_98' title='bbox 325 1482 455 1513; x_wconf 78' lang='lat' dir='ltr'>Sinister</span> <span class='ocrx_word' id='word_1_99' title='bbox 492 1483 555 1512; x_wconf 84' lang='lat' dir='ltr'>abit</span> <span class='ocrx_word' id='word_1_100' title='bbox 592 1481 674 1512; x_wconf 86' lang='lat' dir='ltr'>bene</span> <span class='ocrx_word' id='word_1_101' title='bbox 712 1481 846 1520; x_wconf 90' lang='lat' dir='ltr'>dictum,</span> 
     </span>
     <span class='ocr_line' id='line_1_21' title="bbox 168 1531 845 1574; baseline -0.001 -10"><span class='ocrx_word' id='word_1_102' title='bbox 168 1533 269 1564; x_wconf 81' lang='lat' dir='ltr'>flexus</span> <span class='ocrx_word' id='word_1_103' title='bbox 306 1531 346 1563; x_wconf 90' lang='lat' dir='ltr'>ad</span> <span class='ocrx_word' id='word_1_104' title='bbox 380 1531 541 1562; x_wconf 87' lang='lat' dir='ltr'>sinistrum</span> <span class='ocrx_word' id='word_1_105' title='bbox 571 1531 655 1562; x_wconf 87' lang='lat' dir='ltr'>latus</span> <span class='ocrx_word' id='word_1_106' title='bbox 692 1531 845 1574; x_wconf 87' lang='lat' dir='ltr'>relinquit</span> 
     </span>
     <span class='ocr_line' id='line_1_22' title="bbox 167 1581 844 1624; baseline 0 -11"><span class='ocrx_word' id='word_1_107' title='bbox 167 1588 282 1613; x_wconf 87' lang='lat' dir='ltr'>terram</span> <span class='ocrx_word' id='word_1_108' title='bbox 295 1588 328 1613; x_wconf 86' lang='lat' dir='ltr'>et</span> <span class='ocrx_word' id='word_1_109' title='bbox 342 1581 374 1613; x_wconf 91' lang='lat' dir='ltr'>in</span> <span class='ocrx_word' id='word_1_110' title='bbox 390 1591 476 1612; x_wconf 89' lang='lat' dir='ltr'>mare</span> <span class='ocrx_word' id='word_1_111' title='bbox 493 1587 693 1612; x_wconf 86' lang='lat' dir='ltr'>exoneratur.</span> <span class='ocrx_word' id='word_1_112' title='bbox 719 1582 844 1624; x_wconf 89' lang='lat' dir='ltr'>Nempe</span> 
     </span>
     <span class='ocr_line' id='line_1_23' title="bbox 166 1630 844 1674; baseline 0.001 -12"><span class='ocrx_word' id='word_1_113' title='bbox 166 1631 292 1663; x_wconf 82' lang='lat' dir='ltr'>Tiberis</span> <span class='ocrx_word' id='word_1_114' title='bbox 304 1642 359 1674; x_wconf 88' lang='lat' dir='ltr'>per</span> <span class='ocrx_word' id='word_1_115' title='bbox 373 1631 452 1662; x_wconf 91' lang='lat' dir='ltr'>duos</span> <span class='ocrx_word' id='word_1_116' title='bbox 466 1630 574 1662; x_wconf 85' lang='lat' dir='ltr'>alveos</span> <span class='ocrx_word' id='word_1_117' title='bbox 589 1631 622 1661; x_wconf 90' lang='lat' dir='ltr'>in</span> <span class='ocrx_word' id='word_1_118' title='bbox 632 1641 718 1662; x_wconf 89' lang='lat' dir='ltr'>mare</span> <span class='ocrx_word' id='word_1_119' title='bbox 734 1632 844 1668; x_wconf 89' lang='lat' dir='ltr'>effluit,</span> 
     </span>
     <span class='ocr_line' id='line_1_24' title="bbox 167 1680 845 1722; baseline -0.001 -9"><span class='ocrx_word' id='word_1_120' title='bbox 167 1681 313 1713; x_wconf 89' lang='lat' dir='ltr'>dextrum</span> <span class='ocrx_word' id='word_1_121' title='bbox 351 1686 384 1712; x_wconf 90' lang='lat' dir='ltr'>et</span> <span class='ocrx_word' id='word_1_122' title='bbox 420 1680 593 1711; x_wconf 87' lang='lat' dir='ltr'>sinistrum.</span> <span class='ocrx_word' id='word_1_123' title='bbox 646 1680 845 1722; x_wconf 82' lang='lat' dir='ltr'>Navigantes</span> 
     </span>
     <span class='ocr_line' id='line_1_25' title="bbox 169 1730 844 1775; baseline 0 -13"><span class='ocrx_word' id='word_1_124' title='bbox 169 1731 280 1775; x_wconf 81' lang='lat' dir='ltr'>priscis</span> <span class='ocrx_word' id='word_1_125' title='bbox 303 1730 498 1774; x_wconf 86' lang='lat' dir='ltr'>temporibus</span> <span class='ocrx_word' id='word_1_126' title='bbox 519 1741 592 1761; x_wconf 89' lang='lat' dir='ltr'>cum</span> <span class='ocrx_word' id='word_1_127' title='bbox 617 1730 766 1767; x_wconf 88' lang='lat' dir='ltr'>maxime,</span> <span class='ocrx_word' id='word_1_128' title='bbox 790 1731 844 1773; x_wconf 88' lang='lat' dir='ltr'>qui</span> 
     </span>
     <span class='ocr_line' id='line_1_26' title="bbox 168 1780 844 1824; baseline -0.001 -11"><span class='ocrx_word' id='word_1_129' title='bbox 168 1792 253 1813; x_wconf 87' lang='lat' dir='ltr'>mare</span> <span class='ocrx_word' id='word_1_130' title='bbox 277 1780 491 1824; x_wconf 87' lang='lat' dir='ltr'>prospectanti</span> <span class='ocrx_word' id='word_1_131' title='bbox 519 1782 640 1811; x_wconf 83' lang='lat' dir='ltr'>sinister</span> <span class='ocrx_word' id='word_1_132' title='bbox 664 1788 757 1817; x_wconf 86' lang='lat' dir='ltr'>esset,</span> <span class='ocrx_word' id='word_1_133' title='bbox 783 1781 844 1812; x_wconf 88' lang='lat' dir='ltr'>fre-</span> 
     </span>
     <span class='ocr_line' id='line_1_27' title="bbox 168 1829 845 1873; baseline -0.004 -10"><span class='ocrx_word' id='word_1_134' title='bbox 168 1836 338 1873; x_wconf 83' lang='lat' dir='ltr'>quentasse</span> <span class='ocrx_word' id='word_1_135' title='bbox 356 1830 514 1866; x_wconf 88' lang='lat' dir='ltr'>videntur,</span> <span class='ocrx_word' id='word_1_136' title='bbox 530 1829 575 1860; x_wconf 87' lang='lat' dir='ltr'>ita</span> <span class='ocrx_word' id='word_1_137' title='bbox 590 1835 626 1860; x_wconf 93' lang='lat' dir='ltr'>ut</span> <span class='ocrx_word' id='word_1_138' title='bbox 647 1829 699 1860; x_wconf 85' lang='lat' dir='ltr'>hic</span> <span class='ocrx_word' id='word_1_139' title='bbox 721 1829 845 1871; x_wconf 90' lang='lat' dir='ltr'>potissi-</span> 
     </span>
     <span class='ocr_line' id='line_1_28' title="bbox 168 1879 847 1917; baseline 0 -5"><span class='ocrx_word' id='word_1_140' title='bbox 168 1892 255 1913; x_wconf 90' lang='lat' dir='ltr'>mum</span> <span class='ocrx_word' id='word_1_141' title='bbox 288 1881 374 1911; x_wconf 83' lang='lat' dir='ltr'>Ostia</span> <span class='ocrx_word' id='word_1_142' title='bbox 400 1879 579 1917; x_wconf 86' lang='lat' dir='ltr'>diceretur;</span> <span class='ocrx_word' id='word_1_143' title='bbox 616 1879 689 1910; x_wconf 88' lang='lat' dir='ltr'>vide</span> <span class='ocrx_word' id='word_1_144' title='bbox 717 1880 847 1912; x_wconf 60' lang='lat' dir='ltr'>WVerns-</span> 
     </span>
     <span class='ocr_line' id='line_1_29' title="bbox 168 1928 847 1962; baseline -0.001 0"><span class='ocrx_word' id='word_1_145' title='bbox 168 1930 249 1962; x_wconf 84' lang='lat' dir='ltr'>dorf.</span> <span class='ocrx_word' id='word_1_146' title='bbox 265 1930 306 1962; x_wconf 87' lang='lat' dir='ltr'>ad</span> <span class='ocrx_word' id='word_1_147' title='bbox 323 1928 439 1961; x_wconf 88' lang='lat' dir='ltr'>Rutilii</span> <span class='ocrx_word' id='word_1_148' title='bbox 455 1929 530 1960; x_wconf 88' lang='lat' dir='ltr'>Itin.</span> <span class='ocrx_word' id='word_1_149' title='bbox 546 1929 567 1961; x_wconf 82' lang='lat' dir='ltr'>i.</span> <span class='ocrx_word' id='word_1_150' title='bbox 588 1930 658 1961; x_wconf 86' lang='lat'>179.</span> <span class='ocrx_word' id='word_1_151' title='bbox 704 1929 847 1961; x_wconf 76' lang='lat' dir='ltr'>Tiberina</span> 
     </span>
     <span class='ocr_line' id='line_1_30' title="bbox 171 1978 847 2022; baseline -0.001 -10"><span class='ocrx_word' id='word_1_152' title='bbox 171 1981 258 2012; x_wconf 80' lang='lat' dir='ltr'>Ostia</span> <span class='ocrx_word' id='word_1_153' title='bbox 269 1985 433 2021; x_wconf 88' lang='lat' dir='ltr'>tamquam</span> <span class='ocrx_word' id='word_1_154' title='bbox 445 1990 560 2010; x_wconf 90' lang='lat' dir='ltr'>nomen</span> <span class='ocrx_word' id='word_1_155' title='bbox 574 1978 735 2021; x_wconf 88' lang='lat' dir='ltr'>proprium</span> <span class='ocrx_word' id='word_1_156' title='bbox 746 1990 847 2022; x_wconf 79' lang='lat' dir='ltr'>saepe3</span> 
     </span>
     <span class='ocr_line' id='line_1_31' title="bbox 169 2028 846 2071; baseline -0.001 -10"><span class='ocrx_word' id='word_1_157' title='bbox 169 2031 306 2062; x_wconf 91' lang='lat' dir='ltr'>Metam.</span> <span class='ocrx_word' id='word_1_158' title='bbox 322 2040 377 2060; x_wconf 86' lang='lat' dir='ltr'>xv.</span> <span class='ocrx_word' id='word_1_159' title='bbox 396 2029 473 2060; x_wconf 83' lang='lat'>728.</span> <span class='ocrx_word' id='word_1_160' title='bbox 524 2028 649 2063; x_wconf 72' lang='lat' dir='ltr'>Querno</span> <span class='ocrx_word' id='word_1_161' title='bbox 670 2030 807 2071; x_wconf 80' lang='lat' dir='ltr'>religant</span> <span class='ocrx_word' id='word_1_162' title='bbox 828 2042 846 2060; x_wconf 84' lang='grc' dir='ltr'>ιι</span> 
     </span>
     <span class='ocr_line' id='line_1_32' title="bbox 167 2078 843 2121; baseline -0.001 -10"><span class='ocrx_word' id='word_1_163' title='bbox 167 2082 282 2121; x_wconf 78' lang='lat' dir='ltr'>stipite,</span> <span class='ocrx_word' id='word_1_164' title='bbox 320 2089 420 2121; x_wconf 91' lang='lat' dir='ltr'>quum</span> <span class='ocrx_word' id='word_1_165' title='bbox 448 2078 528 2110; x_wconf 83' lang='lat' dir='ltr'>alias</span> <span class='ocrx_word' id='word_1_166' title='bbox 563 2088 640 2110; x_wconf 85' lang='lat' dir='ltr'>saxa</span> <span class='ocrx_word' id='word_1_167' title='bbox 674 2079 843 2121; x_wconf 85' lang='lat' dir='ltr'>perforata,</span> 
     </span>
     <span class='ocr_line' id='line_1_33' title="bbox 169 2128 848 2172; baseline -0.001 -10"><span class='ocrx_word' id='word_1_168' title='bbox 169 2130 279 2168; x_wconf 81' lang='grc' dir='ltr'><strong><em>εὐνὰς,</em></strong></span> <span class='ocrx_word' id='word_1_169' title='bbox 306 2129 467 2172; x_wconf 84' lang='lat' dir='ltr'>ejicerent,</span> <span class='ocrx_word' id='word_1_170' title='bbox 495 2135 592 2171; x_wconf 82' lang='lat' dir='ltr'>atque</span> <span class='ocrx_word' id='word_1_171' title='bbox 623 2129 662 2160; x_wconf 91' lang='lat' dir='ltr'>ab</span> <span class='ocrx_word' id='word_1_172' title='bbox 692 2128 731 2160; x_wconf 88' lang='lat' dir='ltr'>iis</span> <span class='ocrx_word' id='word_1_173' title='bbox 757 2129 848 2161; x_wconf 88' lang='lat' dir='ltr'>funes</span> 
     </span>
     <span class='ocr_line' id='line_1_34' title="bbox 168 2179 847 2222; baseline -0.001 -10"><span class='ocrx_word' id='word_1_174' title='bbox 168 2180 361 2222; x_wconf 85' lang='lat' dir='ltr'>religarent3</span> <span class='ocrx_word' id='word_1_175' title='bbox 403 2180 572 2216; x_wconf 86' lang='lat' dir='ltr'>Homerus,</span> <span class='ocrx_word' id='word_1_176' title='bbox 611 2179 652 2210; x_wconf 91' lang='lat' dir='ltr'>Il.</span> <span class='ocrx_word' id='word_1_177' title='bbox 691 2183 731 2211; x_wconf 88' lang='lat' dir='ltr'>A.</span> <span class='ocrx_word' id='word_1_178' title='bbox 772 2180 847 2211; x_wconf 88' lang='grc'><strong>436.</strong></span> 
     </span>
     <span class='ocr_line' id='line_1_35' title="bbox 169 2228 846 2271; baseline -0.001 -10"><span class='ocrx_word' id='word_1_179' title='bbox 169 2231 257 2261; x_wconf 86' lang='lat' dir='ltr'>Nota.</span> <span class='ocrx_word' id='word_1_180' title='bbox 278 2229 530 2266; x_wconf 80' lang='lat' dir='ltr'>similitudinem,</span> <span class='ocrx_word' id='word_1_181' title='bbox 556 2239 628 2271; x_wconf 87' lang='lat' dir='ltr'>quae</span> <span class='ocrx_word' id='word_1_182' title='bbox 652 2235 700 2260; x_wconf 90' lang='lat' dir='ltr'>est</span> <span class='ocrx_word' id='word_1_183' title='bbox 720 2228 752 2260; x_wconf 88' lang='lat' dir='ltr'>in</span> <span class='ocrx_word' id='word_1_184' title='bbox 775 2240 846 2261; x_wconf 87' lang='lat' dir='ltr'>ver-</span> 
     </span>
     <span class='ocr_line' id='line_1_36' title="bbox 170 2279 475 2311; baseline -0.003 0"><span class='ocrx_word' id='word_1_185' title='bbox 170 2279 257 2311; x_wconf 87' lang='lat' dir='ltr'>sibus</span> <span class='ocrx_word' id='word_1_186' title='bbox 272 2281 334 2311; x_wconf 85' lang='lat'>331</span> <span class='ocrx_word' id='word_1_187' title='bbox 353 2284 385 2311; x_wconf 91' lang='lat' dir='ltr'>et</span> <span class='ocrx_word' id='word_1_188' title='bbox 400 2280 475 2311; x_wconf 82' lang='lat'>333.</span> 
     </span>
    </p>

    <p class='ocr_par' dir='ltr' id='par_1_15' title="bbox 172 2329 849 2567">
     <span class='ocr_line' id='line_1_37' title="bbox 214 2329 849 2372; baseline -0.002 -11"><span class='ocrx_word' id='word_1_189' title='bbox 214 2330 290 2361; x_wconf 87' lang='lat'>335.</span> <span class='ocrx_word' id='word_1_190' title='bbox 316 2330 465 2360; x_wconf 82' lang='lat' dir='ltr'>Coronari</span> <span class='ocrx_word' id='word_1_191' title='bbox 481 2329 598 2372; x_wconf 89' lang='lat' dir='ltr'>puppis</span> <span class='ocrx_word' id='word_1_192' title='bbox 612 2329 645 2360; x_wconf 87' lang='lat' dir='ltr'>in</span> <span class='ocrx_word' id='word_1_193' title='bbox 657 2339 690 2360; x_wconf 86' lang='lat' dir='ltr'>re</span> <span class='ocrx_word' id='word_1_194' title='bbox 707 2329 783 2360; x_wconf 87' lang='lat' dir='ltr'>laeta</span> <span class='ocrx_word' id='word_1_195' title='bbox 793 2336 849 2360; x_wconf 86' lang='lat' dir='ltr'>aut</span> 
     </span>
     <span class='ocr_line' id='line_1_38' title="bbox 172 2377 848 2417; baseline -0.001 -7"><span class='ocrx_word' id='word_1_196' title='bbox 172 2389 276 2415; x_wconf 87' lang='lat' dir='ltr'>sacra,</span> <span class='ocrx_word' id='word_1_197' title='bbox 293 2378 383 2410; x_wconf 88' lang='lat' dir='ltr'>salvo</span> <span class='ocrx_word' id='word_1_198' title='bbox 403 2378 519 2414; x_wconf 87' lang='lat' dir='ltr'>reditu,</span> <span class='ocrx_word' id='word_1_199' title='bbox 535 2377 587 2409; x_wconf 91' lang='lat' dir='ltr'>die</span> <span class='ocrx_word' id='word_1_200' title='bbox 605 2378 684 2409; x_wconf 83' lang='lat' dir='ltr'>festo</span> <span class='ocrx_word' id='word_1_201' title='bbox 705 2379 848 2417; x_wconf 79' lang='lat' dir='ltr'>solebat3</span> 
     </span>
     <span class='ocr_line' id='line_1_39' title="bbox 173 2428 847 2470; baseline -0.003 -10"><span class='ocrx_word' id='word_1_202' title='bbox 173 2429 263 2470; x_wconf 86' lang='lat' dir='ltr'>Virg.</span> <span class='ocrx_word' id='word_1_203' title='bbox 280 2428 398 2470; x_wconf 84' lang='lat' dir='ltr'>Georg.</span> <span class='ocrx_word' id='word_1_204' title='bbox 416 2428 440 2459; x_wconf 91' lang='lat' dir='ltr'>i.</span> <span class='ocrx_word' id='word_1_205' title='bbox 458 2429 534 2459; x_wconf 88' lang='lat'>304.</span> <span class='ocrx_word' id='word_1_206' title='bbox 593 2428 725 2468; x_wconf 80' lang='lat' dir='ltr'>Operum</span> <span class='ocrx_word' id='word_1_207' title='bbox 748 2430 847 2465; x_wconf 78' lang='lat' dir='ltr'>rudis,</span> 
     </span>
     <span class='ocr_line' id='line_1_40' title="bbox 172 2477 848 2520; baseline 0 -11"><span class='ocrx_word' id='word_1_208' title='bbox 172 2478 296 2510; x_wconf 87' lang='lat' dir='ltr'>nullum</span> <span class='ocrx_word' id='word_1_209' title='bbox 309 2478 422 2520; x_wconf 84' lang='lat' dir='ltr'>jugum</span> <span class='ocrx_word' id='word_1_210' title='bbox 442 2488 547 2520; x_wconf 87' lang='lat' dir='ltr'>passa.</span> <span class='ocrx_word' id='word_1_211' title='bbox 597 2477 784 2520; x_wconf 60' lang='lat' dir='ltr'>Corrjugz&#39;nm</span> <span class='ocrx_word' id='word_1_212' title='bbox 809 2478 848 2509; x_wconf 88' lang='lat' dir='ltr'>de</span> 
     </span>
     <span class='ocr_line' id='line_1_41' title="bbox 174 2525 848 2567; baseline 0 -8"><span class='ocrx_word' id='word_1_213' title='bbox 174 2528 279 2567; x_wconf 89' lang='lat' dir='ltr'>coitu;</span> <span class='ocrx_word' id='word_1_214' title='bbox 301 2527 374 2559; x_wconf 91' lang='lat' dir='ltr'>vide</span> <span class='ocrx_word' id='word_1_215' title='bbox 390 2526 431 2558; x_wconf 89' lang='lat' dir='ltr'>ad</span> <span class='ocrx_word' id='word_1_216' title='bbox 452 2528 590 2558; x_wconf 88' lang='lat' dir='ltr'>Metam.</span> <span class='ocrx_word' id='word_1_217' title='bbox 608 2525 631 2557; x_wconf 93' lang='lat' dir='ltr'>i.</span> <span class='ocrx_word' id='word_1_218' title='bbox 648 2528 712 2558; x_wconf 89' lang='lat'>490</span> <span class='ocrx_word' id='word_1_219' title='bbox 726 2532 757 2558; x_wconf 90' lang='lat' dir='ltr'>et</span> <span class='ocrx_word' id='word_1_220' title='bbox 774 2528 848 2559; x_wconf 88' lang='lat'>660.</span> 
     </span>
    </p>

    <p class='ocr_par' dir='ltr' id='par_1_16' title="bbox 173 2576 850 2817">
     <span class='ocr_line' id='line_1_42' title="bbox 218 2576 850 2618; baseline -0.003 -8"><span class='ocrx_word' id='word_1_221' title='bbox 218 2579 294 2610; x_wconf 90' lang='lat'>337.</span> <span class='ocrx_word' id='word_1_222' title='bbox 318 2579 418 2614; x_wconf 84' lang='lat' dir='ltr'>Almo,</span> <span class='ocrx_word' id='word_1_223' title='bbox 437 2576 596 2613; x_wconf 88' lang='lat' dir='ltr'>fluviolus,</span> <span class='ocrx_word' id='word_1_224' title='bbox 613 2587 708 2618; x_wconf 89' lang='lat' dir='ltr'>quem</span> <span class='ocrx_word' id='word_1_225' title='bbox 727 2577 850 2609; x_wconf 89' lang='lat' dir='ltr'>Tiberis</span> 
     </span>
     <span class='ocr_line' id='line_1_43' title="bbox 173 2626 849 2671; baseline -0.003 -10"><span class='ocrx_word' id='word_1_226' title='bbox 173 2628 287 2671; x_wconf 87' lang='lat' dir='ltr'>recipit</span> <span class='ocrx_word' id='word_1_227' title='bbox 310 2638 406 2671; x_wconf 87' lang='lat' dir='ltr'>prope</span> <span class='ocrx_word' id='word_1_228' title='bbox 430 2628 592 2666; x_wconf 82' lang='lat' dir='ltr'>Romam3</span> <span class='ocrx_word' id='word_1_229' title='bbox 621 2627 759 2659; x_wconf 86' lang='lat' dir='ltr'>Metam.</span> <span class='ocrx_word' id='word_1_230' title='bbox 785 2626 849 2659; x_wconf 87' lang='lat' dir='ltr'>xiv.</span> 
     </span>
     <span class='ocr_line' id='line_1_44' title="bbox 173 2678 847 2711; baseline -0.004 1"><span class='ocrx_word' id='word_1_231' title='bbox 173 2680 249 2711; x_wconf 83' lang='lat'>329.</span> <span class='ocrx_word' id='word_1_232' title='bbox 264 2689 356 2710; x_wconf 79' lang='lat' dir='ltr'>cursu</span> <span class='ocrx_word' id='word_1_233' title='bbox 374 2679 559 2709; x_wconf 70' lang='lat' dir='ltr'>brevissimus</span> <span class='ocrx_word' id='word_1_234' title='bbox 574 2685 715 2708; x_wconf 85' lang='lat' dir='ltr'>vocatur.</span> <span class='ocrx_word' id='word_1_235' title='bbox 752 2678 847 2709; x_wconf 90' lang='lat' dir='ltr'>Hunc</span> 
     </span>
     <span class='ocr_line' id='line_1_45' title="bbox 176 2725 848 2770; baseline -0.003 -10"><span class='ocrx_word' id='word_1_236' title='bbox 176 2727 299 2770; x_wconf 87' lang='lat' dir='ltr'>Cybele</span> <span class='ocrx_word' id='word_1_237' title='bbox 326 2727 474 2770; x_wconf 85' lang='lat' dir='ltr'>Phrygiae</span> <span class='ocrx_word' id='word_1_238' title='bbox 502 2725 649 2758; x_wconf 85' lang='lat' dir='ltr'>amnibus</span> <span class='ocrx_word' id='word_1_239' title='bbox 672 2726 848 2770; x_wconf 84' lang='lat' dir='ltr'>praetulisse</span> 
     </span>
     <span class='ocr_line' id='line_1_46' title="bbox 174 2777 847 2817; baseline -0.003 -7"><span class='ocrx_word' id='word_1_240' title='bbox 174 2779 285 2817; x_wconf 84' lang='lat' dir='ltr'>fertur3</span> <span class='ocrx_word' id='word_1_241' title='bbox 313 2778 486 2810; x_wconf 88' lang='lat' dir='ltr'>Claudian.</span> <span class='ocrx_word' id='word_1_242' title='bbox 503 2789 554 2808; x_wconf 89' lang='lat' dir='ltr'>xv.</span> <span class='ocrx_word' id='word_1_243' title='bbox 573 2777 645 2810; x_wconf 91' lang='lat'>119.</span> <span class='ocrx_word' id='word_1_244' title='bbox 692 2778 847 2809; x_wconf 74' lang='lat' dir='ltr'>Lubricus</span> 
     </span>
    </p>
   </div>
   <div class='ocr_carea' id='block_1_12' title="bbox 912 1481 1595 2819">
    <p class='ocr_par' dir='ltr' id='par_1_17' title="bbox 912 1481 1595 2819">
     <span class='ocr_line' id='line_1_47' title="bbox 913 1481 1590 1525; baseline -0.003 -11"><span class='ocrx_word' id='word_1_245' title='bbox 913 1481 1041 1514; x_wconf 85' lang='lat' dir='ltr'>omnino</span> <span class='ocrx_word' id='word_1_246' title='bbox 1065 1483 1205 1515; x_wconf 84' lang='lat' dir='ltr'>amnium</span> <span class='ocrx_word' id='word_1_247' title='bbox 1237 1482 1416 1525; x_wconf 66' lang='lat' dir='ltr'>epithetong</span> <span class='ocrx_word' id='word_1_248' title='bbox 1448 1481 1490 1512; x_wconf 90' lang='lat' dir='ltr'>vi.</span> <span class='ocrx_word' id='word_1_249' title='bbox 1514 1482 1590 1512; x_wconf 83' lang='lat'>238.</span> 
     </span>
     <span class='ocr_line' id='line_1_48' title="bbox 913 1531 1590 1565; baseline -0.004 -1"><span class='ocrx_word' id='word_1_250' title='bbox 913 1535 1050 1565; x_wconf 80' lang='lat' dir='ltr'>lubricus</span> <span class='ocrx_word' id='word_1_251' title='bbox 1069 1533 1193 1564; x_wconf 81' lang='lat' dir='ltr'>Tiberis.</span> <span class='ocrx_word' id='word_1_252' title='bbox 1226 1532 1321 1564; x_wconf 88' lang='lat' dir='ltr'>Adde</span> <span class='ocrx_word' id='word_1_253' title='bbox 1338 1532 1449 1563; x_wconf 86' lang='lat' dir='ltr'>Amor.</span> <span class='ocrx_word' id='word_1_254' title='bbox 1467 1532 1532 1564; x_wconf 89' lang='lat' dir='ltr'>III.</span> <span class='ocrx_word' id='word_1_255' title='bbox 1548 1531 1590 1562; x_wconf 86' lang='lat' dir='ltr'>vi.</span> 
     </span>
     <span class='ocr_line' id='line_1_49' title="bbox 913 1581 1591 1624; baseline -0.004 -10"><span class='ocrx_word' id='word_1_256' title='bbox 913 1583 966 1614; x_wconf 84' lang='lat'>81.</span> <span class='ocrx_word' id='word_1_257' title='bbox 1013 1583 1124 1614; x_wconf 82' lang='lat' dir='ltr'>Perdit</span> <span class='ocrx_word' id='word_1_258' title='bbox 1146 1595 1164 1613; x_wconf 92' lang='lat' dir='ltr'>a</span> <span class='ocrx_word' id='word_1_259' title='bbox 1188 1593 1309 1624; x_wconf 82' lang='lat' dir='ltr'>magno,</span> <span class='ocrx_word' id='word_1_260' title='bbox 1339 1581 1442 1624; x_wconf 87' lang='lat' dir='ltr'>perdit</span> <span class='ocrx_word' id='word_1_261' title='bbox 1465 1586 1591 1623; x_wconf 85' lang='lat' dir='ltr'>propter</span> 
     </span>
     <span class='ocr_line' id='line_1_50' title="bbox 912 1631 1590 1675; baseline -0.003 -12"><span class='ocrx_word' id='word_1_262' title='bbox 912 1632 1164 1674; x_wconf 88' lang='lat' dir='ltr'>magnitudinem</span> <span class='ocrx_word' id='word_1_263' title='bbox 1189 1633 1270 1675; x_wconf 76' lang='lat' dir='ltr'>ejuS,</span> <span class='ocrx_word' id='word_1_264' title='bbox 1297 1633 1329 1663; x_wconf 88' lang='lat' dir='ltr'>in</span> <span class='ocrx_word' id='word_1_265' title='bbox 1351 1642 1445 1674; x_wconf 91' lang='lat' dir='ltr'>quem</span> <span class='ocrx_word' id='word_1_266' title='bbox 1472 1631 1590 1662; x_wconf 88' lang='lat' dir='ltr'>influit.</span> 
     </span>
     <span class='ocr_line' id='line_1_51' title="bbox 913 1681 1589 1724; baseline -0.003 -11"><span class='ocrx_word' id='word_1_267' title='bbox 913 1683 939 1712; x_wconf 85' lang='lat' dir='ltr'><em>A</em></span> <span class='ocrx_word' id='word_1_268' title='bbox 966 1692 1050 1724; x_wconf 87' lang='lat' dir='ltr'>saepe</span> <span class='ocrx_word' id='word_1_269' title='bbox 1075 1692 1206 1713; x_wconf 86' lang='lat' dir='ltr'>causam</span> <span class='ocrx_word' id='word_1_270' title='bbox 1230 1681 1363 1713; x_wconf 89' lang='lat' dir='ltr'>indicat.</span> <span class='ocrx_word' id='word_1_271' title='bbox 1410 1681 1486 1712; x_wconf 89' lang='lat' dir='ltr'>Vid.</span> <span class='ocrx_word' id='word_1_272' title='bbox 1513 1681 1589 1711; x_wconf 84' lang='lat' dir='ltr'>Ern.</span> 
     </span>
     <span class='ocr_line' id='line_1_52' title="bbox 913 1729 1590 1771; baseline -0.003 -9"><span class='ocrx_word' id='word_1_273' title='bbox 913 1731 1020 1763; x_wconf 90' lang='lat' dir='ltr'>Gloss.</span> <span class='ocrx_word' id='word_1_274' title='bbox 1035 1731 1107 1762; x_wconf 91' lang='lat' dir='ltr'>Liv.</span> <span class='ocrx_word' id='word_1_275' title='bbox 1139 1731 1243 1762; x_wconf 85' lang='lat' dir='ltr'>Canus</span> <span class='ocrx_word' id='word_1_276' title='bbox 1257 1732 1404 1767; x_wconf 81' lang='lat' dir='ltr'>sacerdos,</span> <span class='ocrx_word' id='word_1_277' title='bbox 1418 1729 1590 1771; x_wconf 86' lang='lat' dir='ltr'>Archigal-</span> 
     </span>
     <span class='ocr_line' id='line_1_53' title="bbox 913 1780 1590 1823; baseline -0.001 -12"><span class='ocrx_word' id='word_1_278' title='bbox 913 1781 963 1812; x_wconf 91' lang='lat' dir='ltr'>lus</span> <span class='ocrx_word' id='word_1_279' title='bbox 991 1791 1101 1817; x_wconf 88' lang='lat' dir='ltr'>senex,</span> <span class='ocrx_word' id='word_1_280' title='bbox 1126 1791 1222 1823; x_wconf 89' lang='lat' dir='ltr'>quem</span> <span class='ocrx_word' id='word_1_281' title='bbox 1251 1792 1410 1821; x_wconf 79' lang='lat' dir='ltr'>purpurea</span> <span class='ocrx_word' id='word_1_282' title='bbox 1438 1786 1516 1811; x_wconf 84' lang='lat' dir='ltr'>veste</span> <span class='ocrx_word' id='word_1_283' title='bbox 1541 1780 1590 1810; x_wconf 89' lang='lat' dir='ltr'>in-</span> 
     </span>
     <span class='ocr_line' id='line_1_54' title="bbox 915 1830 1592 1873; baseline 0 -12"><span class='ocrx_word' id='word_1_284' title='bbox 915 1830 1026 1862; x_wconf 83' lang='lat' dir='ltr'>dutum</span> <span class='ocrx_word' id='word_1_285' title='bbox 1065 1830 1160 1862; x_wconf 85' lang='lat' dir='ltr'>fuisse</span> <span class='ocrx_word' id='word_1_286' title='bbox 1193 1830 1347 1873; x_wconf 84' lang='lat' dir='ltr'>Neapolis</span> <span class='ocrx_word' id='word_1_287' title='bbox 1381 1830 1485 1861; x_wconf 87' lang='lat' dir='ltr'>docet.</span> <span class='ocrx_word' id='word_1_288' title='bbox 1530 1830 1592 1861; x_wconf 89' lang='lat' dir='ltr'>Per</span> 
     </span>
     <span class='ocr_line' id='line_1_55' title="bbox 914 1879 1591 1922; baseline -0.001 -11"><span class='ocrx_word' id='word_1_289' title='bbox 914 1881 1065 1911; x_wconf 80' lang='lat' dir='ltr'>dominam</span> <span class='ocrx_word' id='word_1_290' title='bbox 1088 1886 1120 1911; x_wconf 93' lang='lat' dir='ltr'>et</span> <span class='ocrx_word' id='word_1_291' title='bbox 1143 1890 1228 1911; x_wconf 79' lang='lat' dir='ltr'>sacra</span> <span class='ocrx_word' id='word_1_292' title='bbox 1254 1879 1407 1922; x_wconf 88' lang='lat' dir='ltr'>Neapolis</span> <span class='ocrx_word' id='word_1_293' title='bbox 1430 1885 1463 1910; x_wconf 85' lang='lat' dir='ltr'>et</span> <span class='ocrx_word' id='word_1_294' title='bbox 1484 1879 1591 1910; x_wconf 88' lang='lat' dir='ltr'>Taub-</span> 
     </span>
     <span class='ocr_line' id='line_1_56' title="bbox 916 1928 1591 1971; baseline -0.003 -10"><span class='ocrx_word' id='word_1_295' title='bbox 916 1940 1008 1961; x_wconf 85' lang='lat' dir='ltr'>uerus</span> <span class='ocrx_word' id='word_1_296' title='bbox 1024 1930 1168 1961; x_wconf 80' lang='lat' dir='ltr'>eamdem</span> <span class='ocrx_word' id='word_1_297' title='bbox 1190 1941 1256 1961; x_wconf 91' lang='lat' dir='ltr'>rem</span> <span class='ocrx_word' id='word_1_298' title='bbox 1279 1929 1473 1970; x_wconf 83' lang='lat' dir='ltr'>intelligunt,</span> <span class='ocrx_word' id='word_1_299' title='bbox 1488 1928 1591 1971; x_wconf 86' lang='lat' dir='ltr'>ipsam</span> 
     </span>
     <span class='ocr_line' id='line_1_57' title="bbox 917 1979 1590 2023; baseline -0.004 -11"><span class='ocrx_word' id='word_1_300' title='bbox 917 1981 1032 2017; x_wconf 84' lang='lat' dir='ltr'>Deam,</span> <span class='ocrx_word' id='word_1_301' title='bbox 1056 1981 1160 2023; x_wconf 88' lang='lat' dir='ltr'>ipsum</span> <span class='ocrx_word' id='word_1_302' title='bbox 1183 1981 1271 2011; x_wconf 90' lang='lat' dir='ltr'>illum</span> <span class='ocrx_word' id='word_1_303' title='bbox 1288 1979 1429 2021; x_wconf 87' lang='lat' dir='ltr'>lapidem</span> <span class='ocrx_word' id='word_1_304' title='bbox 1451 1989 1590 2010; x_wconf 89' lang='lat' dir='ltr'>sacrum.</span> 
     </span>
     <span class='ocr_line' id='line_1_58' title="bbox 915 2029 1591 2073; baseline -0.003 -12"><span class='ocrx_word' id='word_1_305' title='bbox 915 2030 976 2061; x_wconf 90' lang='lat' dir='ltr'>Sed</span> <span class='ocrx_word' id='word_1_306' title='bbox 992 2041 1080 2061; x_wconf 82' lang='lat' dir='ltr'>sacra</span> <span class='ocrx_word' id='word_1_307' title='bbox 1096 2041 1180 2073; x_wconf 86' lang='lat' dir='ltr'>saepe</span> <span class='ocrx_word' id='word_1_308' title='bbox 1196 2036 1280 2066; x_wconf 84' lang='lat' dir='ltr'>sunt,</span> <span class='ocrx_word' id='word_1_309' title='bbox 1297 2040 1367 2072; x_wconf 87' lang='lat' dir='ltr'>quae</span> <span class='ocrx_word' id='word_1_310' title='bbox 1384 2029 1486 2060; x_wconf 89' lang='lat' dir='ltr'>cultui</span> <span class='ocrx_word' id='word_1_311' title='bbox 1503 2029 1591 2060; x_wconf 90' lang='lat' dir='ltr'>Deo-</span> 
     </span>
     <span class='ocr_line' id='line_1_59' title="bbox 915 2080 1593 2117; baseline -0.003 -6"><span class='ocrx_word' id='word_1_312' title='bbox 915 2091 985 2111; x_wconf 89' lang='lat' dir='ltr'>rum</span> <span class='ocrx_word' id='word_1_313' title='bbox 1004 2080 1191 2117; x_wconf 86' lang='lat' dir='ltr'>inserviunt,</span> <span class='ocrx_word' id='word_1_314' title='bbox 1208 2080 1280 2111; x_wconf 89' lang='lat' dir='ltr'>Diis</span> <span class='ocrx_word' id='word_1_315' title='bbox 1302 2085 1487 2111; x_wconf 83' lang='lat' dir='ltr'>consecrata</span> <span class='ocrx_word' id='word_1_316' title='bbox 1506 2084 1593 2110; x_wconf 84' lang='lat' dir='ltr'>sunt.</span> 
     </span>
     <span class='ocr_line' id='line_1_60' title="bbox 915 2129 1593 2171; baseline -0.001 -10"><span class='ocrx_word' id='word_1_317' title='bbox 915 2131 963 2161; x_wconf 89' lang='lat' dir='ltr'>Ex</span> <span class='ocrx_word' id='word_1_318' title='bbox 995 2130 1176 2167; x_wconf 87' lang='lat' dir='ltr'>Ammiano,</span> <span class='ocrx_word' id='word_1_319' title='bbox 1204 2129 1294 2161; x_wconf 85' lang='lat' dir='ltr'>xxiii.</span> <span class='ocrx_word' id='word_1_320' title='bbox 1322 2130 1354 2160; x_wconf 88' lang='lat'>4.</span> <span class='ocrx_word' id='word_1_321' title='bbox 1388 2135 1530 2171; x_wconf 87' lang='lat' dir='ltr'>apparet,</span> <span class='ocrx_word' id='word_1_322' title='bbox 1561 2137 1593 2160; x_wconf 83' lang='lat' dir='ltr'>et</span> 
     </span>
     <span class='ocr_line' id='line_1_61' title="bbox 915 2179 1592 2221; baseline -0.003 -10"><span class='ocrx_word' id='word_1_323' title='bbox 915 2179 1119 2211; x_wconf 88' lang='lat' dir='ltr'>simulacrum</span> <span class='ocrx_word' id='word_1_324' title='bbox 1156 2186 1189 2211; x_wconf 83' lang='lat' dir='ltr'>et</span> <span class='ocrx_word' id='word_1_325' title='bbox 1235 2184 1423 2221; x_wconf 85' lang='lat' dir='ltr'>carpentum</span> <span class='ocrx_word' id='word_1_326' title='bbox 1461 2180 1592 2220; x_wconf 87' lang='lat' dir='ltr'>Magnae</span> 
     </span>
     <span class='ocr_line' id='line_1_62' title="bbox 916 2228 1594 2268; baseline -0.001 -7"><span class='ocrx_word' id='word_1_327' title='bbox 916 2229 1034 2261; x_wconf 87' lang='lat' dir='ltr'>Matris</span> <span class='ocrx_word' id='word_1_328' title='bbox 1057 2229 1144 2261; x_wconf 88' lang='lat' dir='ltr'>ablui</span> <span class='ocrx_word' id='word_1_329' title='bbox 1165 2230 1312 2268; x_wconf 77' lang='lat' dir='ltr'>solitum3</span> <span class='ocrx_word' id='word_1_330' title='bbox 1337 2230 1408 2260; x_wconf 81' lang='lat' dir='ltr'>lotio</span> <span class='ocrx_word' id='word_1_331' title='bbox 1431 2228 1515 2260; x_wconf 89' lang='lat' dir='ltr'>enim</span> <span class='ocrx_word' id='word_1_332' title='bbox 1537 2228 1594 2260; x_wconf 87' lang='lat' dir='ltr'>illa</span> 
     </span>
     <span class='ocr_line' id='line_1_63' title="bbox 917 2278 1595 2321; baseline -0.003 -11"><span class='ocrx_word' id='word_1_333' title='bbox 917 2279 1090 2321; x_wconf 84' lang='lat' dir='ltr'>quotannis</span> <span class='ocrx_word' id='word_1_334' title='bbox 1116 2280 1319 2321; x_wconf 86' lang='lat' dir='ltr'>repetebatur</span> <span class='ocrx_word' id='word_1_335' title='bbox 1346 2278 1485 2320; x_wconf 81' lang='lat' dir='ltr'>Phrygio</span> <span class='ocrx_word' id='word_1_336' title='bbox 1510 2288 1595 2309; x_wconf 87' lang='lat' dir='ltr'>more</span> 
     </span>
     <span class='ocr_line' id='line_1_64' title="bbox 917 2328 1594 2370; baseline -0.001 -11"><span class='ocrx_word' id='word_1_337' title='bbox 917 2328 950 2359; x_wconf 91' lang='lat' dir='ltr'>in</span> <span class='ocrx_word' id='word_1_338' title='bbox 961 2328 1110 2365; x_wconf 90' lang='lat' dir='ltr'>Almone,</span> <span class='ocrx_word' id='word_1_339' title='bbox 1122 2339 1184 2370; x_wconf 92' lang='lat' dir='ltr'>quo</span> <span class='ocrx_word' id='word_1_340' title='bbox 1192 2329 1265 2360; x_wconf 86' lang='lat' dir='ltr'>Dea</span> <span class='ocrx_word' id='word_1_341' title='bbox 1275 2328 1385 2360; x_wconf 89' lang='lat' dir='ltr'>essedo</span> <span class='ocrx_word' id='word_1_342' title='bbox 1397 2328 1572 2358; x_wconf 89' lang='lat' dir='ltr'>vehebatur</span> <span class='ocrx_word' id='word_1_343' title='bbox 1585 2339 1594 2366; x_wconf 90' lang='lat'>;</span> 
     </span>
     <span class='ocr_line' id='line_1_65' title="bbox 917 2376 1593 2417; baseline -0.003 -8"><span class='ocrx_word' id='word_1_344' title='bbox 917 2377 1112 2409; x_wconf 88' lang='lat' dir='ltr'>Prudentius</span> <span class='ocrx_word' id='word_1_345' title='bbox 1127 2378 1240 2409; x_wconf 90' lang='lat' dir='ltr'>Perist.</span> <span class='ocrx_word' id='word_1_346' title='bbox 1253 2389 1284 2409; x_wconf 87' lang='lat' dir='ltr'>x.</span> <span class='ocrx_word' id='word_1_347' title='bbox 1303 2379 1386 2417; x_wconf 74' lang='lat'>1563</span> <span class='ocrx_word' id='word_1_348' title='bbox 1409 2377 1516 2414; x_wconf 89' lang='lat' dir='ltr'>Silius,</span> <span class='ocrx_word' id='word_1_349' title='bbox 1527 2376 1593 2408; x_wconf 85' lang='lat' dir='ltr'>viii.</span> 
     </span>
     <span class='ocr_line' id='line_1_66' title="bbox 917 2426 1592 2459; baseline -0.001 0"><span class='ocrx_word' id='word_1_350' title='bbox 917 2428 993 2459; x_wconf 82' lang='lat'>365.</span> <span class='ocrx_word' id='word_1_351' title='bbox 1040 2427 1124 2458; x_wconf 91' lang='lat' dir='ltr'>Vide</span> <span class='ocrx_word' id='word_1_352' title='bbox 1155 2427 1284 2458; x_wconf 91' lang='lat' dir='ltr'>omnino</span> <span class='ocrx_word' id='word_1_353' title='bbox 1310 2426 1494 2458; x_wconf 85' lang='lat' dir='ltr'>Cluverium</span> <span class='ocrx_word' id='word_1_354' title='bbox 1517 2426 1592 2458; x_wconf 87' lang='lat' dir='ltr'>Ital.</span> 
     </span>
     <span class='ocr_line' id='line_1_67' title="bbox 917 2475 1591 2519; baseline -0.003 -11"><span class='ocrx_word' id='word_1_355' title='bbox 917 2476 1030 2519; x_wconf 91' lang='lat' dir='ltr'>Antiq.</span> <span class='ocrx_word' id='word_1_356' title='bbox 1056 2477 1102 2508; x_wconf 94' lang='lat' dir='ltr'>II.</span> <span class='ocrx_word' id='word_1_357' title='bbox 1127 2488 1159 2508; x_wconf 89' lang='lat' dir='ltr'>x.</span> <span class='ocrx_word' id='word_1_358' title='bbox 1182 2488 1214 2519; x_wconf 89' lang='lat' dir='ltr'>p.</span> <span class='ocrx_word' id='word_1_359' title='bbox 1233 2477 1309 2508; x_wconf 85' lang='lat'>718.</span> <span class='ocrx_word' id='word_1_360' title='bbox 1334 2476 1389 2508; x_wconf 87' lang='lat' dir='ltr'>ubi</span> <span class='ocrx_word' id='word_1_361' title='bbox 1415 2482 1448 2507; x_wconf 89' lang='lat' dir='ltr'>et</span> <span class='ocrx_word' id='word_1_362' title='bbox 1468 2475 1508 2507; x_wconf 89' lang='lat' dir='ltr'>de</span> <span class='ocrx_word' id='word_1_363' title='bbox 1532 2476 1591 2507; x_wconf 93' lang='lat' dir='ltr'>Al-</span> 
     </span>
     <span class='ocr_line' id='line_1_68' title="bbox 917 2525 1592 2568; baseline -0.003 -10"><span class='ocrx_word' id='word_1_364' title='bbox 917 2537 1022 2564; x_wconf 88' lang='lat' dir='ltr'>mone,</span> <span class='ocrx_word' id='word_1_365' title='bbox 1050 2533 1082 2558; x_wconf 91' lang='lat' dir='ltr'>et</span> <span class='ocrx_word' id='word_1_366' title='bbox 1111 2527 1153 2558; x_wconf 90' lang='lat' dir='ltr'>de</span> <span class='ocrx_word' id='word_1_367' title='bbox 1176 2526 1236 2558; x_wconf 91' lang='lat' dir='ltr'>hoc</span> <span class='ocrx_word' id='word_1_368' title='bbox 1266 2527 1345 2558; x_wconf 86' lang='lat' dir='ltr'>festo</span> <span class='ocrx_word' id='word_1_369' title='bbox 1375 2525 1450 2568; x_wconf 84' lang='lat' dir='ltr'>agit.</span> <span class='ocrx_word' id='word_1_370' title='bbox 1497 2525 1592 2557; x_wconf 90' lang='lat' dir='ltr'>Adde</span> 
     </span>
     <span class='ocr_line' id='line_1_69' title="bbox 917 2575 1591 2619; baseline -0.004 -11"><span class='ocrx_word' id='word_1_371' title='bbox 917 2575 1145 2619; x_wconf 87' lang='lat' dir='ltr'>Spanhemium</span> <span class='ocrx_word' id='word_1_372' title='bbox 1176 2576 1217 2608; x_wconf 89' lang='lat' dir='ltr'>ad</span> <span class='ocrx_word' id='word_1_373' title='bbox 1252 2576 1488 2608; x_wconf 87' lang='lat' dir='ltr'>Callimachum</span> <span class='ocrx_word' id='word_1_374' title='bbox 1518 2575 1591 2607; x_wconf 86' lang='lat' dir='ltr'>Pal.</span> 
     </span>
     <span class='ocr_line' id='line_1_70' title="bbox 915 2624 1591 2663; baseline -0.004 -6"><span class='ocrx_word' id='word_1_375' title='bbox 915 2626 986 2658; x_wconf 90' lang='lat' dir='ltr'>init.</span> <span class='ocrx_word' id='word_1_376' title='bbox 1046 2626 1075 2657; x_wconf 88' lang='lat' dir='ltr'><strong><em>F</em></strong></span> <span class='ocrx_word' id='word_1_377' title='bbox 1077 2629 1190 2663; x_wconf 76' lang='lat' dir='ltr'>uriosa,</span> <span class='ocrx_word' id='word_1_378' title='bbox 1238 2627 1374 2658; x_wconf 83' lang='lat' dir='ltr'>furorem</span> <span class='ocrx_word' id='word_1_379' title='bbox 1420 2624 1591 2657; x_wconf 86' lang='lat' dir='ltr'>incutiens.</span> 
     </span>
     <span class='ocr_line' id='line_1_71' title="bbox 918 2674 1591 2714; baseline -0.004 -7"><span class='ocrx_word' id='word_1_380' title='bbox 918 2677 1028 2710; x_wconf 85' lang='lat' dir='ltr'>Molles</span> <span class='ocrx_word' id='word_1_381' title='bbox 1047 2688 1175 2714; x_wconf 85' lang='lat' dir='ltr'>manus,·</span> <span class='ocrx_word' id='word_1_382' title='bbox 1200 2676 1273 2708; x_wconf 87' lang='lat' dir='ltr'>vide</span> <span class='ocrx_word' id='word_1_383' title='bbox 1295 2677 1335 2708; x_wconf 89' lang='lat' dir='ltr'>ad</span> <span class='ocrx_word' id='word_1_384' title='bbox 1354 2687 1419 2707; x_wconf 91' lang='lat' dir='ltr'>ver.</span> <span class='ocrx_word' id='word_1_385' title='bbox 1445 2676 1516 2706; x_wconf 82' lang='lat'>185.</span> <span class='ocrx_word' id='word_1_386' title='bbox 1537 2674 1591 2705; x_wconf 91' lang='lat' dir='ltr'>ubi</span> 
     </span>
     <span class='ocr_line' id='line_1_72' title="bbox 916 2725 1591 2766; baseline -0.004 -9"><span class='ocrx_word' id='word_1_387' title='bbox 916 2728 1014 2758; x_wconf 84' lang='lat' dir='ltr'>mollis</span> <span class='ocrx_word' id='word_1_388' title='bbox 1028 2729 1128 2758; x_wconf 70' lang='lat' dir='ltr'>cervix</span> <span class='ocrx_word' id='word_1_389' title='bbox 1144 2725 1308 2759; x_wconf 85' lang='lat' dir='ltr'>comitum.</span> <span class='ocrx_word' id='word_1_390' title='bbox 1357 2726 1477 2756; x_wconf 77' lang='lat' dir='ltr'>Taurea</span> <span class='ocrx_word' id='word_1_391' title='bbox 1492 2730 1591 2766; x_wconf 82' lang='lat' dir='ltr'>terga,</span> 
     </span>
     <span class='ocr_line' id='line_1_73' title="bbox 916 2781 1080 2819; baseline 0 -12"><span class='ocrx_word' id='word_1_392' title='bbox 916 2781 1080 2819; x_wconf 87' lang='lat' dir='ltr'>tympana.</span> 
     </span>
    </p>
   </div>
  </div>
 </body>
</html>
