1830 3220
597 187 671 230 IN
704 188 920 232 OVIDII
952 190 1111 233 IBIN.
1469 195 1556 237 525)

133 299 247 342 Item
280 318 391 345 vers.
422 304 523 345 513.
557 305 631 345 ubi
662 305 832 355 leaenas,
868 308 1022 361 quibus
1055 313 1193 350 scatet
1222 308 1387 357 Africa,
1414 309 1550 352 Ibidis

130 371 360 424 populares
381 378 521 414 vocat.
583 372 749 414 Verum
781 375 895 416 enim
925 390 1041 424 vero,
1066 376 1102 417 si
1135 376 1396 431 conjecturae
1430 378 1550 420 locus

129 438 271 488 detur,
295 440 433 481 dicam
461 442 564 495 quid
595 456 678 496 ego
708 456 895 490 sensero,
920 450 977 492 et,
1002 450 1050 485 ut
1079 446 1193 499 apud
1220 445 1423 488 Plautum
1443 447 1548 489 Tra—

131 506 282 556 chalio,
297 511 554 563 promittam
577 510 792 564 capillum,
810 511 1092 568 incipiantque
1113 512 1337 555 hariolari.
1387 514 1548 570 Neque

130 576 244 617 enim
268 579 507 632 cymbalum
535 579 638 619 illud
669 580 819 620 mundi
839 579 1088 634 Appionem
1109 583 1435 635 grammaticum
1456 584 1548 625 imi—

132 646 308 686 tandum
343 646 444 687 mihi
476 647 694 701 proposui,
726 648 799 702 qui
833 654 945 689 teste
983 649 1137 698 Plinio,
1161 650 1231 692 lib.
1256 666 1366 692 xxx.
1389 667 1481 707 cap.
1504 653 1546 694 2.

132 715 333 768 prodidit,
357 730 402 756 se
428 730 630 757 evocasse
658 716 827 758 umbras
851 718 903 758 ad
926 721 1265 772 percontandum
1291 720 1548 771 Homerum,

132 797 218 837 qua
238 784 386 838 patria,
411 785 621 839 quibusve
650 786 899 839 parentibus
929 787 1100 841 genitus
1130 795 1269 837 esset;
1303 796 1548 831 nontamen

131 866 281 893 ausum
319 853 523 907 profiteri,
554 853 658 908 quid
692 854 772 894 sibi
805 856 1112 909 respondisset.
1175 857 1278 898 Non
1312 857 1550 914 Georgium

128 920 402 963 Joaohimum
425 922 672 970 Rheticum,
694 919 927 977 Copernioi
949 924 1217 979 discipulum,
1238 941 1365 980 quem
1388 927 1548 977 ferunt,

131 990 233 1031 dum
262 991 304 1031 in
331 997 449 1031 motu
474 991 627 1032 Martis
655 991 838 1033 haereret
860 992 1153 1043 mirabundus,
1178 1009 1321 1050 neque
1345 1010 1390 1036 se
1413 996 1547 1051 expli—

129 1065 264 1107 caret,
283 1060 336 1100 ad
361 1058 494 1100 Genii
516 1060 732 1101 familiaris
755 1061 975 1102 oraculum
997 1062 1266 1117 confugisse:
1300 1070 1430 1119 atque
1453 1065 1549 1107 hinc

131 1134 434 1183 exasperatum
459 1129 671 1171 Daemona
692 1131 966 1172 sciscitatoris
988 1131 1220 1186 importuni
1246 1139 1376 1187 caput
1397 1135 1451 1175 ad
1474 1135 1548 1175 im-

130 1198 298 1239 minens
321 1199 496 1253 laquear
513 1199 729 1248 afflixisse,
745 1200 989 1255 iterumque
1011 1201 1174 1242 dimissi
1193 1217 1347 1257 corpus
1365 1203 1417 1244 ad
1435 1204 1551 1258 pavi-

130 1272 322 1307 mentum
356 1267 643 1321 proturbasse‚
667 1269 816 1309 addito
848 1284 1079 1323 responso;
1116 1269 1227 1311 huno
1261 1285 1356 1312 esse
1390 1279 1551 1313 motum

133 1335 302 1384 Martis,
334 1342 381 1376 ut
416 1336 550 1376 refert
576 1337 770 1379 Joannes
808 1337 1044 1392 Keplerus,
1074 1339 1256 1392 epistola
1290 1340 1555 1382 dedicatoria

130 1405 183 1446 ad
208 1404 488 1459 Rudolphum
516 1406 836 1460 imperatorem.
897 1407 1009 1448 Tota
1041 1421 1109 1448 res
1142 1408 1401 1462 conjecturis
1429 1424 1551 1464 pera-

129 1479 270 1529 getur.
333 1473 489 1528 Itaque
524 1475 718 1529 suspicor
748 1474 800 1516 C.
823 1475 989 1517 Julium
1021 1475 1248 1531 Hyginum
1282 1491 1393 1527 esse,
1423 1493 1551 1533 quem

131 1543 313 1584 Ovidius
335 1543 433 1584 ficto
456 1544 626 1584 nomine
644 1543 739 1584 Ibin
765 1544 968 1598 appellat.
1029 1544 1159 1585 Illum
1182 1545 1369 1600 inquam,
1388 1547 1443 1588 de
1465 1562 1550 1601 quo

129 1612 378 1660 Suetonius,
404 1612 512 1653 libro
536 1613 590 1653 de
614 1612 859 1654 Illustribus
883 1612 1201 1662 Grammaticis,
1227 1613 1374 1655 retulit
1394 1615 1436 1655 in
1460 1616 1549 1656 baeo

129 1681 286 1722 verba:
322 1687 347 1703 “
373 1681 504 1722 Caius
526 1681 668 1723 Julius
694 1681 912 1736 Hyginus,
936 1681 1126 1737 Augusti
1159 1683 1353 1732 libertus,
1378 1685 1550 1725 natione

133 1749 372 1804 Hispanus,
395 1752 477 1791 etsi
500 1750 692 1792 nonrmlli
708 1750 1053 1792 Alexandrinum
1077 1758 1245 1806 putant,
1263 1759 1308 1793 et
1330 1767 1354 1793 a
1377 1752 1551 1795 Caesare

131 1834 314 1873 puerum
345 1819 530 1861 Romam
564 1820 794 1860 advectum
817 1818 1088 1861 Alexandria
1120 1827 1260 1875 capta,
1285 1822 1475 1863 studiose
1509 1830 1554 1863 et

131 1889 258 1930 avide
292 1889 483 1929 imitatus
517 1895 584 1929 est
615 1887 865 1929 Cornelium
887 1888 1203 1937 Alexandrum,
1227 1891 1551 1944 grammaticum

131 1972 336 2013 graecum,
361 1972 487 2012 quem
511 1962 687 2011 propter
708 1957 975 2012 antiquitatis
1000 1958 1215 1998 notionem
1239 1958 1552 2013 Polyhistorem

133 2027 271 2074 multi,
316 2027 488 2082 quidam
534 2026 771 2067 Historiam
816 2027 1039 2067 vocabant.
1111 2026 1295 2068 Praefuit
1342 2027 1551 2069 Palatinae

133 2095 418 2143 bibliothecae,
460 2109 539 2135 nee
581 2094 715 2135 multo
759 2095 899 2135 secius
940 2095 1144 2150 plurimos
1185 2096 1346 2144 docuit,
1383 2096 1552 2152 fuitque

134 2164 293 2206 Ovidio
334 2170 475 2219 poetae
516 2164 884 2212 familiarissimus,
917 2172 963 2205 et
1000 2164 1105 2206 Caio
1144 2165 1308 2206 Licinio
1345 2166 1557 2206 consulari

133 2234 345 2281 historico,
371 2234 445 2289 qui
478 2248 576 2274 eum
611 2234 841 2274 admodum
875 2249 1110 2289 pauperem
1141 2235 1380 2275 decessisse
1410 2235 1553 2283 tradit,

134 2309 180 2343 et
202 2302 456 2344 liberalitate
480 2317 570 2350 sua,
594 2303 735 2356 quoad
759 2302 879 2351 vixit,
904 2309 1206 2344 sustentatum.
1259 2303 1405 2358 Hujus
1430 2304 1554 2345 liber-

134 2379 202 2413 tus
224 2373 305 2413 fuit
324 2372 468 2414 Julius
492 2372 734 2420 Modestus,
757 2372 798 2412 in
824 2372 974 2412 studiis
997 2378 1127 2426 atque
1154 2372 1349 2413 doctrina
1370 2373 1554 2428 vestigia

137 2441 302 2495 patroni
325 2441 539 2481 secutus.’'
601 2441 713 2481 Haec
736 2441 821 2488 iile,
847 2441 969 2495 cujus
993 2441 1122 2482 verba
1150 2441 1380 2496 diligenter
1401 2447 1446 2481 et
1466 2442 1553 2481 acri

127 2509 292 2564 judicio
312 2523 529 2563 perpensa
548 2523 630 2549 non
653 2508 794 2549 levem
817 2510 1048 2564 suspicioni
1064 2525 1173 2551 meae
1190 2524 1335 2550 ansam
1356 2511 1552 2564 praebere

130 2578 348 2619 videntur.
412 2577 558 2630 Quum
592 2578 705 2618 enim
728 2578 954 2633 Hyginum
984 2578 1142 2619 ovidio
1177 2579 1551 2620 familiarissimum

131 2647 266 2688 fuisse
289 2647 405 2695 dicit,
433 2647 505 2687 ubi
532 2647 657 2688 modo
678 2647 747 2688 vel
774 2647 814 2686 in
838 2648 1033 2688 omnibus
1056 2648 1280 2702 utriusque
1302 2663 1552 2689 monumen-

131 2717 182 2757 tis
206 2722 336 2757 tantae
359 2716 688 2758 necessitudinis
705 2716 934 2772 vestigium
957 2722 1102 2758 exstat
1116 2717 1130 2758 ‘3
1166 2716 1349 2759 Ovidius
1371 2717 1425 2757 ad
1449 2731 1551 2758 uxo-

196 2796 308 2825 von.
335 2797 380 2825 v.
1055 2786 1082 2825 53
1110 2797 1136 2825 γ
