1830 3220
257 218 314 259 70
662 217 713 257 P.
748 215 963 257 OVIDII
998 214 1282 257 NASONIS

262 333 414 389 Ecce,
443 333 577 380 velut
603 339 794 379 torrens
822 331 968 378 undis
996 330 1301 395 pluvialibus
1329 338 1523 386 auctus,

327 411 430 458 Aut
454 411 583 467 nive,
612 426 725 474 quae
752 411 974 474 zephyro
1000 410 1135 456 victa
1159 415 1367 473 repente
1391 408 1519 463 fluit,
1569 410 1669 454 220

259 489 359 537 Per
384 497 507 546 sata,
536 505 728 553 perque
752 488 858 535 vias
883 488 1066 546 fertur3
1097 503 1206 542 nec,
1234 494 1291 533 ut
1315 493 1431 534 ante
1457 485 1667 541 solebat,

325 567 571 631 Riparum
597 567 796 613 clausas
822 566 1046 628 margine
1070 565 1180 611 finit
1205 580 1391 627 aquas:

260 644 344 692 Sic
372 645 515 692 Fabii
541 644 654 692 latis
676 644 856 691 vallem
883 643 1192 691 discursibus
1220 643 1459 706 implent;

324 721 569 786 Quosque
584 721 769 778 vident,
788 729 1019 769 sternunt
1036 738 1045 768 :
1077 737 1170 768 nec
1187 728 1351 768 metus
1372 720 1498 767 alter
1513 718 1662 766 inest.

257 799 370 854 Quo
397 799 554 856 ruitis,
584 815 828 860 generosa
853 798 1069 845 domus?
1095 799 1226 845 male
1252 798 1472 845 creditur
1498 795 1631 844 hosti
1653 795 1662 842 !

323 877 553 941 Simplex
579 877 814 925 nobilitas
840 877 1034 941 perfida
1059 878 1161 924 tela
1185 893 1322 924 cave.

1565 876 1662 922 226

255 955 450 1002 Fraude
482 955 608 1019 perit
633 955 816 1011 virtus3
847 955 897 1001 in
924 961 1123 1019 apertos
1151 955 1374 1017 undique
1398 969 1604 1017 campos

320 1032 596 1080 Prosiliunt
620 1033 808 1088 hostes,
837 1040 888 1079 et
910 1032 1042 1079 latus
1068 1048 1216 1079 omne
1241 1039 1432 1080 tenent.

252 1110 386 1166 Quid
412 1110 600 1158 faciant
625 1110 774 1174 pauci
800 1117 976 1158 contra
999 1117 1074 1157 tot
1099 1109 1255 1156 millia
1279 1109 1467 1157 fortes?

317 1188 530 1245 Quidve,
554 1189 693 1252 quod
718 1189 767 1236 in
790 1189 971 1236 misero
990 1196 1217 1252 tempore
1242 1195 1414 1245 restet,
1432 1187 1657 1235 habent?

250 1267 394 1315 Sicut
419 1284 552 1332 aper,
582 1267 718 1314 silvis
744 1268 893 1330 longe
922 1266 1256 1315 Laurentibus
1283 1273 1442 1322 actus,

1556 1268 1649 1313 231

315 1345 578 1393 Fulmineo
603 1346 793 1393 celeres
819 1345 1034 1409 dissipat
1056 1362 1140 1393 ore
1165 1361 1346 1403 canes;

247 1423 373 1470 Mox
399 1430 568 1471 tamen
593 1424 702 1488 ipse
728 1424 884 1488 perit:
916 1423 987 1470 sic
1013 1440 1112 1471 non
1138 1423 1415 1470 moriuntur
1439 1421 1613 1477 inulti;

310 1501 634 1564 Vulneraque
661 1502 854 1549 alterna
878 1501 1103 1564 dantque
1129 1501 1397 1564 feruntque
1424 1515 1591 1547 manu.

244 1578 360 1626 Una
384 1579 492 1626 dies
522 1579 704 1626 Fabios
731 1579 793 1626 ad
819 1579 1008 1626 bellum
1035 1579 1240 1626 miserat
1264 1594 1455 1635 omnes,

1551 1579 1649 1624 235

309 1652 389 1704 Ad
416 1657 601 1705 bellum
627 1657 806 1705 missos
832 1656 1051 1721 perdidit
1076 1673 1174 1704 una
1199 1657 1323 1705 dies,

282 1836 356 1866 219.
380 1835 500 1867 Eadem
527 1835 709 1872 similitudo,
733 1836 788 1867 sed
814 1846 905 1867 orna-

239 1885 307 1921 tior,
326 1886 401 1915 [En.
417 1884 448 1915 ii.
466 1886 660 1923 304—308;
686 1885 740 1916 ubi
762 1885 906 1926 Heynius

238 1934 328 1975 plura
338 1934 451 1975 virgil.
465 1941 495 1965 et
512 1935 642 1965 alioruin
660 1935 727 1965 loca
744 1946 903 1977 compara-

236 1983 292 2012 vit.
338 1983 530 2024 Plerumque
548 1990 664 2013 torrens
678 1984 831 2026 impetum
850 1995 903 2015 ex-

235 2032 351 2074 primit,
369 2043 430 2074 quo
451 2033 547 2064 fertur
570 2034 707 2075 aliqui53
732 2045 815 2065 nunc
837 2042 905 2066 tan·

235 2087 303 2111 tum
325 2080 496 2112 discursus.
543 2083 642 2119 Fluit,
665 2083 789 2119 diffluit,
813 2085 906 2115 resol-

235 2129 329 2160 vitur.
365 2131 586 2171 Cluztsasfiuit,
603 2138 736 2168 coercet,
752 2133 901 2164 continet.

237 2179 341 2210 RIetus
356 2181 448 2216 alter,
469 2191 530 2211 non
547 2188 693 2212 metuunt
709 2182 796 2219 alios,
813 2194 901 2224 quos,

240 2229 357 2271 quippe
381 2228 412 2260 in
435 2229 556 2261 insidiis
577 2231 758 2267 collocatos,
776 2243 839 2263 non
856 2234 899 2264 vi-

234 2278 321 2308 dent.
355 2279 481 2310 Livius:
509 2284 528 2296 “
545 2280 682 2322 Jamque
708 2282 798 2312 Fabii
822 2282 901 2313 adeo

234 2332 464 2358 contemserant
492 2329 624 2366 hostem,
644 2337 677 2361 ut
701 2341 759 2361 sua
782 2331 901 2363 invicta

232 2386 318 2406 arma
342 2387 444 2418 neque
464 2377 544 2410 loco,
561 2389 663 2420 neque
680 2386 818 2422 tempore
835 2382 899 2412 ullo

233 2425 397 2456 crederent
407 2427 552 2458 sustineri
565 2429 687 2470 posse.'’
713 2430 814 2460 Paulo
825 2438 898 2462 ante

231 2477 356 2515 implent
380 2477 478 2519 copiae
503 2478 658 2509 notionem
680 2479 800 2518 habet3
826 2481 899 2512 Me-

231 2530 307 2556 tam.
330 2525 395 2557 viii.
425 2527 503 2557 166:
538 2532 560 2544 ‘¹
578 2528 694 2570 Implet
721 2528 900 2561 innumeras

232 2584 333 2606 errore
350 2575 449 2606 vias.'’
496 2577 556 2607 Pro
571 2588 607 2608 eo
621 2578 729 2609 Tibul.
745 2579 772 2609 Ι.
788 2579 830 2610 iv.
846 2581 898 2611 69.

230 2626 356 2664 explere.
404 2625 576 2663 Nobititas;
609 2637 628 2658 a
652 2627 743 2659 Floro
768 2636 800 2659 et
820 2629 897 2661 Silio

227 2677 378 2713 patricius
400 2677 546 2706 exercitus
567 2683 705 2708 vocatur.
752 2679 892 2719 Simplea,

230 2733 291 2754 non
306 2729 412 2760 cauta,
430 2725 561 2757 credens
576 2726 667 2758 hosti.

1019 1836 1094 1866 231.
1119 1835 1290 1866 Laurentes
1303 1836 1372 1875 apri
1392 1834 1507 1877 passim
1527 1845 1645 1867 memo-

975 1890 1092 1915 rantur.
1126 1885 1208 1916 Vide
1224 1885 1336 1916 Heins.
1352 1885 1390 1916 ad
1409 1885 1439 1915 h.
1456 1885 1477 1916 1.
1489 1891 1521 1916 et
1536 1885 1643 1916 Bentl.

976 1934 1016 1964 ad
1031 1935 1206 1971 Horatium,
1222 1935 1324 1977 Epod.
1339 1946 1369 1965 v.
1386 1936 1438 1966 28.

1017 1985 1092 2015 235.
1114 1985 1152 2015 In
1176 1984 1304 2015 interitu
1328 1995 1430 2015 rerum
1456 1995 1643 2025 magnarum

973 2033 1137 2076 scriptores
1163 2033 1240 2064 talia
1258 2040 1365 2065 notare
1385 2034 1498 2065 solent.
1536 2035 1606 2066 Liv.
1622 2034 1644 2066 i.

976 2083 1030 2113 29.
1056 2084 1096 2114 de
1126 2084 1219 2114 Albae
1247 2084 1390 2115 excidio:
1427 2089 1448 2102 “
1469 2085 1543 2116 Una
1567 2084 1643 2117 hora

970 2132 1269 2174 quadringentorum
1290 2144 1440 2164 annorum
1460 2144 1538 2176 opus
1553 2134 1640 2165 exci-

970 2181 1021 2212 dio
1037 2192 1074 2213 ac
1089 2182 1186 2214 ruinis
1201 2183 1321 2214 dedit.”
1367 2183 1430 2214 Sed
1454 2195 1537 2215 nunc
1553 2184 1640 2215 lusus

970 2231 1001 2262 in
1032 2232 1152 2274 duplici
1181 2245 1245 2263 una
1283 2235 1346 2264 dies
1382 2244 1492 2275 parum
1522 2234 1639 2276 placet.

970 2281 1057 2318 Quid
1077 2281 1161 2313 enim
1182 2282 1306 2320 mirum,
1323 2294 1386 2314 una
1407 2283 1458 2314 die
1478 2283 1550 2314 illos
1570 2294 1638 2316 esse

968 2332 1078 2362 missos
1093 2332 1133 2363 ad
1147 2332 1265 2364 bellum
1281 2334 1293 2363 Ἴ.
1318 2334 1369 2364 De
1385 2345 1446 2364 uno
1461 2333 1558 2365 Fabio
1573 2345 1635 2366 ser-

969 2388 1041 2412 vato
1059 2387 1154 2413 veter.
1168 2383 1379 2414 consentiunt.
1411 2383 1555 2415 Dubium
1571 2394 1637 2416 mo-

968 2436 1020 2461 vet
1035 2431 1171 2472 Dionys.
1195 2431 1250 2462 sed
1273 2432 1397 2463 frustra.
1434 2432 1467 2463 Si
1489 2432 1584 2470 enim,
1601 2441 1636 2465 ut

967 2490 1062 2522 supra
1077 2487 1235 2512 ostensum
1252 2486 1311 2517 est,
1327 2481 1421 2524 pauci
1437 2487 1559 2513 tantum
1575 2483 1601 2514 F
1602 2493 1636 2515 a·

967 2529 1010 2559 bii
1033 2529 1064 2560 id
1084 2529 1205 2560 bellum
1228 2537 1444 2572 susceperunt,
1458 2531 1523 2563 fieri
1539 2532 1634 2565 facile

966 2578 1081 2620 potuit,
1098 2585 1133 2610 ut
1148 2579 1195 2610 illi
1206 2580 1256 2611 vel
1268 2591 1329 2611 non
1345 2580 1404 2611 nisi
1419 2593 1518 2613 unum
1533 2582 1632 2614 filiurn

966 2627 1160 2669 impuberem
1175 2629 1353 2666 habuerint,
1364 2630 1413 2661 vel
1427 2631 1544 2673 plures,
1555 2642 1634 2673 quo-

964 2688 1032 2708 rum
1051 2689 1133 2709 unus
1156 2685 1279 2710 tantum
1303 2680 1343 2711 ad
1360 2681 1478 2713 virilem
1503 2688 1630 2714 aetatem

963 2728 1153 2768 pervenerit.
1200 2729 1275 2760 Vid.
1304 2730 1447 2763 Perizon.
1479 2732 1629 2765 Animad.
