1830 3220
572 159 925 203 FASTORUM
958 159 1082 202 LIB.
1117 160 1183 202 ΙΙ.
1543 165 1601 207 93

179 276 360 324 Conde
379 281 510 333 tuas,
533 274 831 342 Hymenaee,
849 276 1016 336 faces3
1047 284 1099 326 et
1124 278 1188 325 ab
1214 278 1416 342 ignibus
1443 279 1565 328 atris

243 353 402 402 Aufer
423 372 433 402 ;
474 355 665 402 habent
688 354 813 403 alias
839 362 1020 403 maesta
1045 356 1281 420 sepulcra
1306 356 1459 406 faces.

177 432 244 480 Di
269 448 475 496 quoque
500 434 806 498 templorum
831 432 1020 481 foribus
1043 434 1271 482 celentur
1296 436 1514 499 opertis;

242 510 377 559 Ture
402 518 585 559 vacent
609 528 731 569 arae;
774 517 1017 574 stentque
1043 510 1152 559 sine
1179 511 1295 574 igne
1320 512 1436 561 foci.

176 588 223 636 N
230 605 327 636 unc
355 589 534 637 animae
560 596 759 646 tenues,
789 596 842 637 et
866 605 1080 653 corpora
1103 589 1278 638 functa
1303 592 1551 656 sepulcris

245 667 458 726 Errant3
501 684 634 715 nunc
662 667 827 732 posito
853 667 1079 732 pascitur
1099 668 1279 716 umbra
1303 669 1434 717 cibo.
1499 674 1597 720 566

177 745 287 794 Nec
308 753 478 794 tamen
494 747 602 793 haec
624 745 772 802 ultra,
792 762 946 810 quam
968 752 1044 793 tot
1065 746 1129 794 de
1149 763 1323 795 mense
1342 749 1599 812 supersint

243 824 478 881 Luciferi,
507 831 634 888 quot
659 824 850 872 habent
875 825 1098 872 carmina
1122 833 1295 873 nostra
1314 827 1488 891 pedes.

175 902 340 960 Hanc,
368 902 490 967 quia
508 903 648 966 justa
674 902 857 960 ferunt,
878 892 1061 951 ¹dixere
1089 903 1287 952 Feralia
1310 905 1506 954 lucem:

243 981 439 1029 Ultima
464 981 727 1046 placandis
755 981 998 1030 Manibus
1025 982 1111 1029 illa
1136 982 1264 1031 dies.
1497 988 1595 1033 570

174 1059 311 1109 Ecce
339 1076 464 1108 anus
491 1060 540 1107 in
568 1060 748 1108 mediis
775 1062 1003 1110 residens
1031 1078 1224 1110 annosa
1248 1063 1449 1127 puellis,

244 1139 401 1187 Sacra
426 1138 546 1187 facit
570 1139 792 1189 Tacitae:
820 1142 905 1189 vix
932 1149 1102 1189 tamen
1128 1141 1241 1206 ipsa
1265 1147 1428 1200 tacet;

173 1217 241 1265 Et
266 1217 437 1281 digitis
464 1217 559 1265 tria
585 1224 697 1266 tura
722 1218 882 1266 tribus
911 1220 1004 1266 sub
1030 1218 1203 1267 limine
1229 1219 1389 1283 ponit,

240 1296 356 1352 Qua
379 1295 545 1344 brevis
572 1296 832 1344 occultum
859 1315 971 1345 mus
998 1298 1094 1345 sibi
1120 1298 1241 1345 fecit
1266 1297 1376 1346 iter.

173 1374 303 1422 Tum
332 1381 538 1422 cantata
561 1374 688 1438 ligat
711 1392 827 1423 cum
850 1376 992 1424 fusco
1018 1377 1134 1425 licia
1159 1377 1400 1437 rhombo3
1494 1382 1591 1427 575

241 1454 308 1504 Et
333 1461 532 1519 septem
557 1454 726 1519 nigras
753 1464 921 1505 versat
946 1457 995 1504 in
1022 1472 1107 1505 ore
1133 1455 1305 1504 fabas:

168 1662 293 1693 funesto
314 1661 411 1694 etiam
438 1667 551 1694 statuae
576 1663 718 1694 Deorum
738 1662 770 1694 in
789 1663 847 1694 viis

167 1722 272 1754 panno
290 1711 490 1750 velabantur,
506 1714 743 1754 templorumque
757 1713 846 1755 fores

167 1761 414 1798 claudebantur,
442 1773 481 1793 ne
506 1762 563 1793 Dii
587 1762 740 1805 adspectu
765 1763 845 1794 tristi

168 1810 400 1853 polluerentur.
451 1812 553 1849 Cibrw,
571 1812 675 1854 epulae
692 1812 846 1844 Manibus

169 1860 336 1904 appositae.

211 1912 290 1942 567.
313 1912 416 1943 Locus
433 1912 518 1943 varie
541 1916 641 1944 tortus
656 1918 688 1943 et
703 1913 844 1955 explica-

168 1967 230 1993 tus.
262 1962 328 1993 Nec
344 1969 444 1993 tamem
460 1963 521 1994 haec
532 1964 632 2000 ultra,
648 1974 711 1994 non
726 1963 845 1995 diutius

166 2013 236 2044 haec
251 2023 343 2044 sacra
358 2013 484 2050 durent,
497 2025 588 2055 quam
604 2020 659 2051 tot,
670 2019 732 2045 etc.
748 2024 844 2055 quam

166 2062 268 2094 donec
285 2068 331 2094 tot
343 2062 413 2094 dies
425 2063 596 2106 supersint.
621 2063 741 2105 Vulgo,
753 2075 845 2105 quum

166 2120 432 2155 tot—supersunt,
447 2125 512 2156 quo
525 2114 577 2146 die
591 2119 637 2146 tot
652 2115 721 2146 dies
735 2126 844 2158 super-

165 2170 250 2197 sunt.
297 2165 435 2201 Feralia,
456 2164 525 2196 scil.
544 2165 690 2196 ultimam
712 2165 845 2208 placan-

118 2238 121 2240 -
166 2215 216 2246 dis
239 2214 395 2246 Manibus
419 2215 516 2252 diem,
539 2216 677 2246 collocat
700 2215 843 2246 Kalend.

167 2271 231 2298 vet.
255 2264 288 2296 in
318 2265 375 2297 xii.
406 2265 551 2297 Kalend.
583 2266 683 2297 Mart.
708 2277 733 2296 s-
757 2265 845 2297 xviii.

165 2315 260 2347 Febr.
301 2316 407 2353 Quem
431 2314 517 2347 diem
541 2316 566 2347 si
590 2327 676 2347 more
697 2316 846 2348 Romano

165 2365 261 2396 simul
299 2376 457 2403 numeras,
488 2371 658 2409 supersunt
695 2366 845 2398 undecim

165 2416 283 2448 mensis
298 2415 386 2455 dies;
412 2421 444 2448 et
459 2415 590 2447 totidem
613 2418 703 2457 pedes
724 2415 845 2448 habent

165 2472 198 2497 et
227 2465 297 2497 haec
327 2468 468 2497 carmina
497 2465 621 2498 Ovidii.
668 2466 783 2508 Itaque
813 2471 845 2497 et

165 2515 426 2548 antecedentium
460 2516 583 2548 dierum
614 2516 746 2559 quidam
775 2517 845 2559 pla-

165 2566 276 2598 candis
290 2566 445 2598 Manibus
460 2566 559 2598 dicati
580 2567 698 2599 fuerint
714 2578 844 2599 necesse

164 2623 224 2649 est.
258 2617 318 2649 Sex
335 2617 434 2660 pedes
446 2617 741 2660 carminisintelligi
759 2628 844 2649 nunc

167 2679 229 2699 non
254 2673 399 2710 possunt,
416 2674 451 2699 ut
473 2667 597 2699 Feralia
618 2667 684 2699 viii.
704 2667 846 2699 Kalend.

167 2718 268 2749 Mart.
292 2718 383 2750 finita
408 2718 484 2755 sint,
506 2723 634 2761 propter
649 2729 715 2750 ver.
732 2718 796 2749 686
814 2724 847 2749 et

169 2767 311 2800 Kalend.
329 2775 394 2800 vet.
412 2769 516 2806 Justa,
530 2779 600 2811 quae
615 2768 770 2801 debentur
787 2768 844 2800 ali-

916 1664 983 1701 cui,
1002 1663 1191 1695 nominatim
1215 1664 1357 1702 mortuis,
1372 1663 1489 1707 quibus
1503 1667 1595 1705 justa

917 1716 964 1746 vel
973 1715 1063 1756 fieri,
1080 1714 1130 1746 vel
1148 1715 1225 1746 solvi
1240 1714 1402 1746 dicuntur.

959 1765 1146 1796 571—616.
1158 1765 1241 1797 Cum
1258 1764 1423 1796 Feralibus
1440 1764 1592 1807 conjunc-

915 1819 949 1845 ta
965 1825 1057 1846 sacra
1077 1814 1189 1845 Tacitae
1209 1813 1346 1856 magica.
1384 1815 1434 1845 Ea
1457 1819 1593 1855 praeerat

915 1863 1156 1906 compescendis
1192 1862 1428 1895 detrahentium
1466 1863 1595 1905 linguis.

914 1914 1025 1945 Numa
1040 1924 1136 1945 unam
1152 1924 1191 1945 ex
1208 1913 1374 1945 Camoenis
1391 1913 1595 1956 peculiariter

914 1970 947 1996 et
963 1964 1196 2006 religiosissime
1213 1964 1275 1995 coli
1291 1963 1402 2001 voluit,
1419 1974 1516 2006 quarn
1534 1964 1593 1995 Ta-

914 2018 1007 2047 citam
1029 2014 1219 2046 nominavit.
1260 2015 1425 2046 Plutarch.
1442 2015 1541 2046 Num.
1559 2016 1594 2047 8.

914 2065 969 2108 qui
993 2064 1096 2101 addit,
1112 2075 1149 2096 eo
1172 2064 1335 2096 silentium
1352 2063 1594 2107 Pythagoreum

915 2126 983 2148 esse
1012 2125 1195 2158 expressum
1225 2121 1257 2146 et
1287 2114 1484 2146 honoratum.
1529 2114 1594 2146 Sed

914 2166 983 2197 haec
999 2170 1105 2197 nostra
1121 2165 1250 2207 garrula
1266 2166 1306 2196 ab
1322 2165 1380 2196 illa
1395 2164 1520 2196 diversa
1535 2171 1595 2196 est.

915 2216 1052 2248 Ovidius
1062 2214 1198 2259 primum
1210 2216 1278 2258 ejus
1289 2226 1382 2247 sacra
1394 2226 1474 2247 vers.
1483 2216 1593 2247 572—-

916 2268 991 2299 582.
1010 2272 1076 2298 tum
1093 2266 1196 2309 ipsam
1217 2265 1368 2298 describit
1382 2278 1391 2305 ;
1415 2265 1497 2297 conf.
1514 2276 1593 2307 quos

915 2317 1083 2349 laudamus
1108 2316 1149 2347 ad
1166 2327 1233 2348 ver.
1258 2317 1334 2348 599.
1381 2316 1500 2352 Brevis,
1520 2326 1593 2358 par-

914 2379 982 2404 vus,
999 2367 1146 2409 exiguus.

957 2419 1036 2450 575.
1054 2418 1208 2449 Rhombus
1222 2416 1256 2448 in
1272 2417 1367 2449 rebus
1381 2415 1513 2459 magicis
1529 2422 1591 2448 tro-

914 2468 993 2500 chus
1022 2473 1101 2504 erat,
1130 2478 1187 2499 seu
1213 2467 1317 2505 turbo,
1345 2467 1400 2510 qui
1430 2467 1593 2498 rotabatur

915 2520 1005 2556 liciis,
1035 2518 1105 2550 scil.
1135 2518 1197 2549 filis
1233 2529 1318 2549 nunc
1348 2517 1593 2549 versicoloribus

913 2568 1025 2611 (Virg.
1034 2567 1105 2599 Ecl.
1115 2566 1181 2599 viii.
1194 2567 1268 2607 73.)
1281 2578 1364 2599 nunc
1374 2566 1470 2610 pullis
1482 2577 1592 2598 nexus.

914 2619 1082 2655 Amorum,
1098 2619 1129 2650 Ι.
1147 2618 1214 2649 viii.
1234 2618 1264 2649 7.
1289 2618 1329 2650 de
1346 2628 1461 2659 maga:
1488 2620 1508 2633 ‘¹
1525 2616 1592 2647 Scit

913 2669 1008 2706 bene,
1025 2668 1103 2710 quid
1118 2679 1261 2710 gramen,
1275 2668 1352 2710 quid
1367 2673 1449 2699 torto
1466 2665 1592 2697 concita

914 2719 1045 2751 rhombo
1062 2718 1187 2750 Licia.’'
1235 2718 1297 2750 Sed
1322 2723 1354 2749 et
1370 2717 1456 2758 vulg.
1468 2716 1591 2755 plumbo

916 2769 1021 2800 locum
1051 2769 1160 2805 habet,
1190 2768 1267 2810 quia
1292 2773 1324 2800 et
1352 2765 1474 2810 plumbi
1511 2764 1590 2807 nigri
