1830 3220
589 151 938 194 FASTORUM
975 151 1095 194 LIB.
1130 153 1168 194 Ι.
1530 156 1587 196 43

170 268 318 323 Quod
348 269 497 316 simul
530 270 758 317 evulsum
784 275 877 325 est,
904 268 1070 332 fragor
1093 269 1282 317 aethera
1305 270 1483 317 terruit
1508 271 1581 334 ip-

235 346 450 410 Ictaque
477 347 708 395 subsedit
728 347 952 411 pondere
977 347 1121 395 molis
1148 347 1349 394 humus.
1414 350 1578 411 [sum3

164 424 337 472 Prima
361 431 528 473 movet
555 425 721 473 Cacus
747 426 932 473 collata
958 426 1129 489 praelia
1153 425 1356 484 dextra;

233 502 467 565 Remque
493 502 633 550 ferox
660 503 796 550 saxis
824 502 1186 567 stipitibusque
1211 504 1355 566 gerit.

1481 507 1580 552 570

163 578 286 634 Quis
312 580 398 627 ubi
424 580 493 627 nil
520 581 711 644 agitur;
753 581 942 645 patrias
969 581 1100 629 male
1125 581 1265 628 fortis
1291 581 1355 628 ad
1381 589 1515 630 artes

230 657 489 721 Confugit,
517 665 568 706 et
592 659 821 707 flammas
847 675 931 706 ore
957 666 1168 706 sonante
1188 658 1344 706 vomit
1359 678 1370 717 3

160 735 299 790 Quas
327 735 527 799 quoties
554 736 752 800 proflat,
781 737 971 801 spirare
994 736 1239 801 Typhoea
1263 737 1460 792 credas,

227 813 294 861 Et
319 814 549 879 rapidum
576 815 773 863 AEtnaeo
799 816 966 879 fulgur
992 817 1055 863 ab
1082 817 1197 878 igne
1217 815 1337 879 jaci.

160 891 395 957 Occupat
416 892 640 951 Alcides,
669 894 997 957 adductaque
1024 895 1168 941 clava
1193 893 1404 941 trinodis

1476 896 1573 941 575

224 970 323 1018 Ter
348 979 528 1035 quater
553 972 748 1020 adversi
775 972 907 1020 sedit
932 971 981 1019 in
1007 987 1092 1019 ore
1118 971 1224 1018 viri.

157 1047 250 1095 Ille
276 1049 429 1106 cadit,
452 1050 744 1114 mixtosque
764 1049 919 1098 vomit
940 1066 1056 1097 cum
1083 1048 1329 1112 sanguine
1355 1048 1536 1106 fumos,

224 1126 290 1174 Et
315 1128 415 1176 lato
442 1129 659 1176 moriens
686 1137 890 1193 pectore
916 1129 1113 1193 plangit
1138 1128 1364 1175 humum.

155 1204 392 1253 Immolat
416 1223 480 1254 ex
508 1206 605 1253 illis
632 1215 831 1254 taurum
858 1206 966 1261 tibi,
994 1205 1210 1270 Jupiter,
1238 1221 1396 1251 unum

221 1282 412 1340 Victor,
441 1292 494 1332 et
520 1284 810 1332 Evandrum
837 1284 1182 1347 ruricolasque
1208 1290 1384 1330 vocat:

150 1440 262 1471 Burm.
280 1440 368 1485 addit
383 1442 474 1472 simul
491 1441 628 1472 construi
646 1452 719 1472 cum
735 1442 823 1473 abla—

149 1489 224 1520 tivo.
271 1491 401 1522 AEtlzera
418 1494 544 1522 cerruit.
568 1490 658 1532 Virg.
675 1496 694 1508 ⁸‘
710 1491 824 1534 impul-

150 1550 198 1576 su,
230 1551 293 1581 quo
331 1542 489 1572 maximus
527 1541 654 1572 insonat
690 1542 826 1573 aether.’'

149 1590 213 1621 Sed
229 1593 340 1622 terruit
362 1591 489 1633 gravius
510 1591 620 1623 etiam.
666 1591 825 1634 Equidem

152 1639 208 1670 viri
231 1640 317 1672 docti
339 1641 462 1684 judicio
484 1641 589 1673 minus
605 1641 724 1673 leniato
740 1642 825 1673 haud

149 1690 313 1722 assentior.

193 1741 269 1772 569.
294 1741 397 1772 Movet
418 1741 556 1782 puelia]
587 1741 724 1782 Dionys·
748 1739 822 1783 Τρέ-

150 1802 247 1822 πεται
267 1792 351 1833 πρὸς
367 1790 491 1830 α’λκὴν.
539 1791 624 1822 Male
633 1791 745 1833 furtis,
762 1802 824 1822 non

148 1839 246 1877 fortis,
258 1841 394 1873 Metam.
404 1840 446 1872 iv.
456 1842 532 1872 285.
551 1841 677 1872 Patr-ias
691 1842 731 1872 ud
744 1848 826 1872 artes

149 1889 245 1921 habet
271 1891 311 1922 ad
337 1891 427 1933 Virg.
455 1896 478 1908 “
495 1890 580 1922 illius
612 1891 744 1922 Vulcani
767 1902 823 1931 pa-

149 1943 204 1972 tris
220 1947 303 1972 atros
319 1942 383 1973 Ore
398 1952 528 1972 vomens
543 1940 644 1982 ignes,
659 1952 776 1983 magna
790 1953 822 1972 se

148 1991 230 2023 mole
247 1992 400 2023 ferebat.”
446 1992 498 2022 De
517 1991 654 2033 Typhoeo
665 1991 737 2022 vide
748 1992 820 2022 Me-

149 2049 224 2072 tam.
239 2041 284 2073 iii.
300 2043 386 2081 3033
411 2054 440 2073 v.
463 2043 549 2081 3463
572 2042 659 2074 unde
680 2050 821 2085 apparet,

147 2092 207 2123 hac
224 2092 462 2134 comparatione
483 2092 560 2124 satis
576 2092 749 2124 terribilem
766 2103 820 2123 no-

148 2142 206 2173 tari
230 2143 366 2174 Cacum.
413 2144 559 2174 Adducta
583 2144 685 2178 clava,
704 2150 739 2173 ut
762 2142 822 2173 IV.

145 2192 240 2224 Trist.
270 2192 302 2224 ii.
333 2195 364 2224 5.
394 2195 530 2224 adducta
560 2194 683 2224 seem-is.
738 2192 822 2224 Vide

148 2243 316 2273 Drakenb.
333 2242 374 2274 ad
390 2242 446 2274 Sil.
463 2242 485 2274 i.
503 2244 578 2274 334.
619 2243 670 2274 De
687 2247 823 2273 tormen-

145 2293 196 2330 tis,
232 2304 303 2335 quae
340 2293 560 2330 intenduntur,
588 2294 712 2334 legatur
754 2292 822 2324 Cic.

149 2342 244 2373 Tusc.
273 2342 307 2374 ii.
334 2344 390 2374 24.
440 2343 469 2374 A
502 2343 594 2385 Virg.
623 2344 699 2374 220.
730 2342 824 2374 clava

147 2392 206 2423 illa
238 2394 324 2423 undis
357 2399 523 2435 gravatum
556 2394 647 2424 robur·
679 2398 820 2423 vocatur.

148 2443 232 2473 Sedit
247 2444 280 2473 in
295 2454 358 2479 ore,
373 2442 494 2474 inflicta
513 2448 562 2474 est
577 2443 635 2474 ori.
683 2443 735 2473 De
751 2442 822 2473 telis

145 2503 259 2534 corpus
296 2492 536 2535 penetrantibus
573 2503 659 2534 saepe
696 2492 822 2534 legitur.

147 2543 294 2579 Adversa,
311 2552 382 2584 quae
399 2541 470 2584 quis
491 2540 550 2573 sibi
566 2542 713 2584 opposita
729 2541 821 2583 petit.

148 2591 253 2623 Cacus
280 2592 368 2622 varia
396 2602 484 2623 arma
514 2596 636 2630 tentat3
667 2590 822 2622 Hercules

148 2653 211 2674 una
230 2642 322 2674 clava
344 2642 453 2678 utitur,
471 2642 527 2674 sed
552 2642 692 2685 repetitis
706 2640 823 2673 ictibus

146 2703 226 2734 opus
241 2698 308 2723 erat
322 2691 362 2722 ad
378 2698 552 2722 monstrum
569 2691 807 2722 debellandum.

192 2743 268 2775 577.
291 2742 488 2783 Miitosque]
518 2742 567 2773 Ita
592 2741 732 2773 Rhoetus
756 2751 821 2771 cum

1472 1286 1570 1330 580

892 1442 1044 1483 sanguine
1072 1441 1165 1470 mista
1198 1439 1276 1470 Vina
1305 1438 1402 1481 refert
1431 1442 1572 1475 moriens,

895 1492 972 1522 AEn.
986 1490 1030 1521 ix.
1050 1491 1125 1521 349.

939 1541 1014 1571 579.
1037 1539 1136 1571 Caede
1160 1538 1300 1580 expiata,
1318 1538 1474 1569 Hercules
1497 1538 1570 1569 Jovi

894 1589 1055 1621 Inventori
1084 1599 1172 1620 aram
1204 1588 1326 1624 statuit,
1357 1598 1427 1629 quae
1456 1586 1569 1618 Romae

893 1645 962 1671 erat
988 1639 1028 1670 ad
1060 1645 1183 1681 portam
1220 1636 1448 1679 Trigeminam,
1473 1636 1568 1679 eique

894 1696 1018 1720 taurum
1043 1699 1142 1720 unum
1168 1687 1369 1718 immolavit:
1395 1686 1492 1728 idque
1519 1697 1569 1718 sa-

893 1739 1047 1770 crificium
1062 1738 1201 1770 Romani
1215 1738 1329 1769 Graeco
1344 1737 1406 1768 ritu
1422 1736 1569 1778 Dionysii

893 1788 1001 1820 Halic.
1014 1788 1119 1820 adhuc
1132 1793 1227 1818 aetate
1239 1787 1437 1828 repetebant.
1460 1786 1568 1818 Evan-

893 1838 960 1875 der,
980 1837 1034 1880 qui
1059 1847 1097 1868 ex
1123 1842 1224 1868 matre
1253 1836 1409 1871 audierat,
1434 1834 1466 1866 in
1495 1835 1569 1867 fatis

893 1899 974 1925 esse,
989 1893 1023 1919 ut
1039 1887 1192 1918 Hercules
1208 1886 1289 1917 inter
1301 1886 1389 1916 Deos
1403 1884 1567 1922 referatur,

891 1937 1011 1979 primus
1035 1937 1063 1968 ei
1089 1947 1180 1968 sacra
1205 1936 1291 1972 fecit,
1316 1946 1372 1966 ara
1394 1940 1568 1967 exstructa.

891 1987 972 2018 Tum
990 1986 1147 2018 Hercules
1164 1997 1183 2017 a
1197 1984 1335 2027 regionis
1352 1985 1438 2016 illius
1454 1984 1568 2016 incolis

891 2038 994 2080 petiit,
1019 2043 1054 2069 ut
1080 2037 1136 2068 illa
1159 2047 1250 2068 sacra
1277 2041 1431 2078 perpetuo
1460 2046 1567 2066 serva-

892 2093 972 2124 rent,
1004 2089 1118 2119 Graeco
1147 2086 1277 2129 quidem
1304 2086 1379 2121 ritu,
1406 2085 1566 2127 elegitque

892 2137 1025 2169 Potitios
1042 2145 1074 2168 et
1088 2136 1245 2172 Pinarios,
1261 2135 1342 2166 duas
1359 2134 1495 2165 familias
1510 2145 1567 2165 no-

891 2187 984 2224 biles,
999 2198 1078 2230 quos
1089 2187 1184 2219 ritum
1198 2186 1289 2217 illum
1305 2185 1443 2217 doceret.
1481 2185 1570 2227 Ipse,

892 2250 949 2268 ara
966 2244 1084 2274 erecta,
1097 2236 1239 2268 decimas
1253 2246 1290 2267 ex
1305 2234 1414 2278 praeda
1429 2234 1545 2266 obtulit
1558 2247 1566 2274 ;

893 2299 964 2329 quae
981 2298 1035 2318 ara
1049 2288 1178 2318 maxima
1197 2285 1369 2316 vocabatur
1389 2290 1420 2316 et
1436 2284 1570 2316 sanetis-

891 2337 970 2369 sime
999 2337 1164 2368 colebatur
1195 2346 1214 2367 a
1243 2334 1410 2371 Romanis,
1435 2340 1566 2378 eratque

891 2398 986 2430 prope
1014 2387 1115 2419 sorum
1142 2385 1306 2423 boarium3
1331 2384 1467 2426 Dionys.
1494 2384 1529 2415 d.
1547 2384 1569 2414 l.

891 2444 922 2469 et
938 2438 1006 2469 Liv.
1043 2438 1122 2468 Haec
1135 2436 1230 2478 igitur
1246 2445 1336 2465 sacra
1351 2434 1484 2476 antiqua
1498 2434 1565 2465 Ro-

891 2488 995 2520 mulus
1024 2487 1158 2529 accepit.
1207 2485 1275 2520 Quo
1305 2485 1397 2516 tellus
1426 2486 1466 2515 sit
1495 2485 1567 2514 sati>⁴

891 2550 956 2575 usa,
981 2548 1044 2580 quo
1069 2537 1143 2568 hinc
1167 2535 1309 2567 abiturus
1333 2533 1372 2565 sit
1397 2534 1438 2565 ad
1463 2534 1564 2564 Deos.

890 2588 953 2620 Sed
977 2588 1035 2619 hoc
1057 2587 1102 2619 ita
1123 2587 1268 2618 elocutus
1284 2590 1343 2621 est,
1360 2590 1395 2615 ut
1410 2582 1566 2615 utilitates

891 2638 1094 2680 significaret,
1121 2646 1202 2678 quas
1228 2634 1324 2666 tellus
1354 2644 1392 2665 ex
1418 2631 1567 2664 Herculis

892 2689 1054 2720 laboribus
1088 2685 1276 2729 perceperit.
1322 2681 1447 2716 Desinit
1477 2682 1566 2714 locus

893 2739 923 2769 in
940 2739 1119 2770 Carmentae
1136 2735 1312 2778 apotheosi.
