1809 3220
195 189 282 232 310

595 187 647 228 P.
683 186 901 228 OVIDII
939 184 1220 227 NASONIS

193 305 418 353 Venerat
443 304 506 350 ad
533 319 718 360 cunas3
760 302 952 350 flebant
977 308 1240 365 materque
1266 307 1540 365 paterque:

263 381 438 428 Sistite
463 397 550 427 vos
576 379 844 443 lacrymas,
873 379 984 443 ipsa
1010 378 1267 434 medebor,
1297 378 1383 425 ait.

192 459 433 506 Protinus
460 458 669 505 arbutea
694 464 865 520 postes
893 463 969 504 ter
990 455 1041 502 in
1067 455 1240 503 ordine
1266 455 1430 518 tangit

1517 456 1612 501 155

260 535 488 592 Fronde;
530 542 606 582 ter
631 535 842 582 arbutea
865 533 1041 581 limina
1064 533 1241 581 fronde
1267 539 1437 589 notat;

195 614 228 661 S
236 613 402 678 pargit
418 612 563 676 aquis
581 612 764 668 aditus,
778 619 829 659 et
844 627 988 674 aquae
1006 609 1322 658 medicamen
1338 609 1612 666 habebant,

260 690 498 753 Extaque
523 690 587 737 de
615 705 768 753 porca
793 689 951 736 cruda
975 689 1216 736 bimestre
1242 695 1410 735 tenet:

191 769 365 831 Atque
390 767 476 822 ita,
507 766 687 813 Noctis
714 782 848 822 aves,
878 767 1008 814 extis
1036 765 1332 830 puerilibus,
1361 764 1544 829 inquit,

257 844 489 901 Parcite;
533 860 622 907 pro
649 859 802 907 parvo
828 843 1033 890 victima
1058 859 1211 907 parva
1237 843 1403 890 cadit:

1519 844 1613 890 160

192 922 294 970 Cor
319 938 409 986 pro
435 921 604 975 corde,
633 937 826 984 precor,
855 937 944 984 pro
970 920 1109 967 fibris
1137 920 1322 967 sumite
1347 920 1528 977 fibras;

261 998 407 1046 Hanc
434 999 653 1046 animam
679 998 820 1045 vobis
848 1014 938 1061 pro
964 998 1170 1045 meliore
1196 999 1392 1045 damus.

191 1077 276 1125 Sic
302 1077 389 1124 ubi
415 1076 607 1133 libavit,
638 1083 873 1140 prosecta
898 1077 991 1123 sub
1019 1076 1206 1124 aethere
1232 1076 1402 1139 ponit;

257 1154 463 1217 Quique
490 1154 646 1201 sacris
675 1154 862 1201 adsunt
889 1153 1141 1217 respicere
1168 1154 1253 1200 illa
1277 1159 1442 1200 vetat:

188 1231 446 1294 Virgaque
471 1230 501 1277 J
508 1231 664 1278 analis
691 1231 755 1278 de
783 1231 929 1295 spina
955 1231 1158 1295 ponitur
1183 1232 1315 1285 alba,

1518 1231 1611 1277 165

257 1308 372 1363 Qua
396 1309 567 1357 lumen
593 1310 830 1356 thalamis
857 1325 1011 1373 parva
1036 1309 1259 1357 fenestra
1283 1308 1454 1356 dabat.

189 1385 316 1434 Post
341 1387 464 1433 illud
490 1403 583 1434 nec
611 1403 728 1434 aves
754 1403 910 1434 cunas
937 1387 1152 1434 violasse
1178 1386 1436 1442 feruntur;

258 1463 326 1511 Et
351 1464 500 1512 rediit
525 1481 698 1528 puero,
728 1464 814 1528 qui
841 1464 934 1511 fuit
960 1473 1092 1520 ante,
1122 1465 1273 1511 color.

187 1540 408 1604 Pinguia
432 1558 520 1589 cur
546 1542 644 1589 illis
671 1549 939 1604 gustentur
963 1542 1106 1589 larda
1133 1541 1396 1597 Kalendis,

256 1618 529 1682 Mixtaque
555 1635 672 1666 cum
698 1619 863 1666 calido
890 1621 955 1666 sit
980 1619 1095 1667 faba
1121 1619 1266 1675 farre,
1294 1619 1474 1682 rogas?
1515 1621 1608 1665 170

232 1733 303 1764 155.
345 1734 482 1764 tii-buten
500 1734 621 1775 fronde
655 1734 763 1771 utitur,
795 1735 860 1766 sive

185 1781 262 1823 quia
278 1788 325 1813 est
339 1782 457 1824 spinosi
473 1783 606 1820 fruticis,
622 1784 688 1814 sive
709 1784 785 1825 quia
806 1785 860 1815 ob-

182 1831 233 1862 via
249 1841 336 1870 erat;
358 1833 401 1863 iv.
416 1833 490 1864 656.
507 1844 568 1874 quo
584 1834 654 1865 loco
670 1835 797 1865 Numa:
821 1836 863 1865 bis

182 1892 238 1912 sua
257 1882 395 1924 faginea
427 1890 559 1923 tempora
586 1883 706 1925 fronde
734 1887 860 1924 premit.

186 1930 284 1961 Notat
308 1931 391 1962 idem
418 1932 503 1973 quod
532 1935 644 1973 tangit.
694 1933 773 1963 Eira
800 1932 860 1964 diis

182 1978 398 2011 offerebantur
433 1988 464 2011 et
494 1984 603 2016 cruda,
634 1989 664 2012 et
696 1988 799 2018 cocta,
829 1988 861 2013 et

183 2028 368 2064 semicocta,
385 2036 417 2060 et
434 2040 505 2060 assa
520 2042 527 2067 3
554 2030 716 2061 Arnobius
732 2031 858 2062 advers.

183 2078 316 2114 Gentes,
341 2078 373 2110 ii.
398 2091 429 2121 p.
450 2080 503 2110 91.
552 2080 701 2111 Bimestre
728 2083 860 2120 porcello

182 2129 354 2159 curabatur
383 2134 415 2159 et
442 2129 584 2168 Genius,
609 2130 771 2167 Horatius,
795 2131 860 2161 III.

183 2176 248 2207 Od.
264 2178 339 2208 xvii.
358 2179 410 2209 15.

230 2228 304 2267 159.
340 2228 436 2259 Sacra
460 2228 608 2270 strigibus
633 2228 729 2260 facta.
780 2231 859 2261 Exta

180 2282 213 2306 et
228 2277 408 2318 moxfibra‘,
422 2277 553 2309 viscera.
601 2279 709 2309 Fibras
723 2279 857 2311 distinx-

180 2325 241 2356 isse
262 2325 362 2357 videri
386 2328 483 2368 possit
508 2339 526 2358 a
550 2328 680 2369 reliquis
703 2329 855 2370 partibus,

181 2385 280 2416 quum
297 2375 471 2417 aliasfibroe
487 2377 549 2408 sint
562 2377 631 2419 ipsa
645 2385 723 2413 eata,
737 2378 770 2408 in
786 2379 856 2421 qui-

178 2424 238 2455 bus
253 2430 285 2455 et
297 2436 370 2462 cor,-
388 2426 441 2456 sed
457 2426 535 2458 talia
551 2437 613 2457 non
629 2427 771 2467 urgenda
783 2434 857 2459 sunt

178 2474 211 2505 in
228 2474 345 2506 talibus
360 2476 519 2516 precibus.
566 2477 650 2507 Exta
663 2485 811 2516 prosecta,
824 2478 856 2509 in

178 2531 285 2566 partes
319 2531 418 2560 secta,
460 2525 539 2556 alias
576 2525 735 2556 adolenda
768 2526 854 2568 injici

178 2573 271 2604 altari
299 2574 465 2614 solebant3
499 2585 584 2606 nunc
610 2582 771 2615 ponuntur
801 2578 854 2608 sub

177 2624 296 2659 aethere,
313 2624 372 2655 sub
397 2624 460 2661 dio,
484 2624 665 2655 devoranda
689 2625 851 2666 strigibus.

178 2672 350 2712 Respicere,
389 2679 468 2704 retro
507 2680 671 2716 spectare3
714 2674 783 2705 vide
823 2687 851 2706 v.

180 2721 255 2752 437.

980 1736 1049 1766 165.
1073 1735 1209 1770 Janalis,
1230 1744 1248 1765 a
1273 1734 1358 1764 Jano
1380 1737 1526 1775 accepta,
1549 1743 1605 1763 no-

931 1796 1005 1816 vum
1032 1784 1223 1816 vocabulum
1253 1783 1339 1826 quod
1368 1789 1494 1826 propter
1524 1782 1607 1814 inso-

931 1834 1063 1865 lentiam
1094 1834 1227 1865 Heinsio
1262 1840 1294 1864 et
1326 1834 1510 1864 Burmanno
1543 1832 1608 1863 dis-

931 1883 1083 1925 plicebat.
1130 1883 1282 1914 Heinsius
1309 1881 1439 1924 conjicit
1463 1881 1510 1913 vel
1538 1882 1605 1912 Ma-

933 1935 1013 1970 lulis,
1028 1934 1078 1964 vel
1094 1934 1232 1969 ramulis,
1251 1931 1338 1974 virga
1355 1943 1394 1963 ex
1410 1942 1496 1962 ramo
1517 1932 1607 1962 arbo-

930 1984 983 2014 ris.
1032 1983 1237 2013 Burmannus
1267 1981 1367 2017 addit,
1394 1981 1492 2023 spinae
1523 1980 1606 2012 albae

929 2043 1019 2074 posse
1044 2043 1146 2063 ramos
1170 2032 1276 2069 tribui,
1293 2042 1392 2073 quum
1415 2030 1608 2066 Columella,

930 2081 982 2112 vii.
1007 2083 1054 2112 19.
1080 2092 1149 2112 eam
1172 2082 1253 2111 inter
1278 2082 1403 2111 arbores
1430 2086 1606 2111 recenseat.

930 2130 1020 2161 Idem
1036 2137 1067 2162 et
1083 2131 1228 2173 proponit
1242 2131 1442 2166 rhamnulem,
1453 2129 1529 2172 quia
1542 2129 1605 2171 spi-

929 2191 1002 2211 nam
1030 2180 1119 2211 illam
1146 2181 1253 2212 Graeci
1284 2178 1415 2222 ῥάμνον
1445 2179 1604 2216 dixerunt,

929 2241 1124 2272 quamquam
1144 2230 1211 2272 ipse
1232 2230 1306 2261 huic
1331 2230 1520 2272 conjecturae
1542 2240 1605 2261 non

928 2279 1063 2310 multum
1082 2279 1203 2311 tribuit.
1235 2280 1344 2316 Quum
1362 2278 1498 2310 Ovidius
1513 2278 1605 2321 plura

928 2330 1084 2360 vocabula
1117 2330 1254 2366 finxerit,
1288 2341 1350 2360 non
1389 2329 1531 2361 offendor
1566 2341 1603 2361 eo

927 2380 1012 2421 quod
1029 2379 1080 2410 hic
1097 2380 1244 2421 legimus,
1259 2379 1344 2422 quod
1361 2379 1404 2411 rei
1419 2379 1602 2411 indicandae

927 2430 1004 2460 satis
1021 2429 1308 2465 accommodatum,
1323 2436 1420 2471 atque
1435 2429 1464 2461 ei
1481 2429 1604 2461 similli-

927 2490 1012 2510 mum
1029 2485 1090 2515 est,
1109 2479 1192 2521 quod
1211 2490 1277 2510 ver.
1293 2480 1348 2511 63.
1362 2479 1489 2521 legitur,
1501 2479 1604 2510 Juno-

925 2529 1016 2559 vialis.
1063 2528 1140 2559 Alia
1163 2528 1315 2559 adversus
1338 2528 1396 2559 has
1421 2538 1496 2559 aves
1518 2529 1601 2559 anti-

925 2577 1000 2608 dota
1024 2577 1178 2619 Neapolis
1201 2584 1364 2615 memorat,
1387 2583 1423 2608 ut
1447 2578 1599 2615 carmina,

925 2627 1035 2658 allium
1053 2627 1228 2659 infantibus
1244 2638 1414 2659 annexum.

970 2677 1043 2708 169.
1067 2678 1252 2709 Macrobius
1276 2677 1360 2709 dicto
1380 2677 1469 2709 loco:
1498 2681 1520 2694 ‘¹
1535 2677 1597 2709 Cui

922 2725 1070 2766 (Carme)
1088 2727 1176 2769 pulte
1195 2727 1316 2759 fabaria
1332 2733 1364 2759 et
1380 2727 1482 2758 larido
1498 2727 1597 2759 sacri-
