1809 3220
201 176 289 219 272

604 174 653 214 P.
688 171 904 214 OVIDII
939 170 1223 213 NASONIS

202 292 283 340 An
310 291 429 355 quia
454 290 664 337 maturis
690 289 904 337 albescit
929 286 1108 335 messis
1135 287 1327 344 aristis3

270 368 337 416 Et
360 368 497 415 color
521 374 572 415 et
597 367 794 431 species
820 366 1027 413 floribus
1057 364 1218 412 omnis
1245 364 1410 412 inest?

200 445 420 501 Adnuit3
463 452 514 493 et
538 444 686 492 motis
713 445 861 492 flores
887 443 1116 491 cecidere
1142 441 1354 506 capillis,

267 522 516 570 Accidere
541 523 590 569 in
618 538 817 570 mensas
846 529 901 568 ut
926 537 1038 568 rosa
1062 520 1217 567 missa
1242 520 1384 566 solet.

1515 521 1614 566 36O

201 599 414 648 Lumina
439 601 711 656 restabant,
741 615 957 663 quorum
983 615 1064 645 me
1090 613 1246 645 causa
1269 597 1488 654 latebat;

268 677 439 732 Quum
466 678 537 725 sic
564 694 756 725 errores
783 677 994 725 abstulit
1018 676 1104 724 illa
1129 692 1296 724 meos:

199 755 295 803 Vel
320 755 440 818 quia
464 756 729 819 purpureis
755 755 1011 802 collucent
1036 754 1243 802 floribus
1271 752 1392 816 agri,

270 833 484 880 Lumina
509 842 625 880 sunt
651 841 847 881 nostros
871 833 980 880 visa
1004 833 1184 881 decere
1211 832 1344 880 dies:

199 910 294 959 Vel
315 910 436 975 quia
455 927 548 959 nec
569 911 660 959 flos
683 920 762 959 est
786 911 957 959 hebeti
982 927 1074 959 nec
1095 910 1300 958 flamma
1315 909 1496 964 colore,
1515 910 1613 954 365

269 988 442 1053 Atque
468 989 640 1036 oculos
667 989 717 1035 in
744 1005 797 1036 se
825 989 1062 1053 splendor
1087 995 1302 1051 uterque
1329 986 1508 1034 trahit:

199 1065 296 1114 Vel
321 1066 443 1130 quia
465 1066 661 1114 deliciis
688 1073 935 1113 nocturna
958 1065 1164 1113 licentia
1189 1065 1372 1113 nostris

269 1144 547 1201 Convenit3
589 1161 618 1191 a
642 1160 758 1191 vero
784 1143 931 1191 tertia
957 1159 1113 1191 causa
1136 1143 1288 1190 venit.

201 1222 295 1271 Est
318 1223 468 1270 breve
495 1230 753 1286 praeterea,
784 1222 848 1269 de
875 1239 976 1285 quo
1003 1221 1125 1269 mihi
1152 1235 1378 1285 quaerere
1405 1226 1576 1274 restat,

274 1300 328 1347 Si
354 1300 520 1355 liceat,
548 1300 684 1348 dixi:
725 1300 858 1348 dixit
882 1309 934 1348 et
959 1301 1059 1357 illa,
1090 1299 1249 1348 Licet.

1515 1300 1615 1345 370

200 1377 307 1425 Cur
329 1377 418 1425 tibi
444 1394 533 1441 pro
561 1377 766 1442 Libycis
793 1378 1093 1426 claudantur
1118 1385 1224 1426 rete
1248 1377 1420 1425 leaenis

268 1455 506 1503 Imbelles
532 1472 745 1520 capreae,
773 1457 1123 1521 sollicitusque
1149 1456 1328 1520 lepus?

198 1611 329 1643 timento
366 1611 466 1642 Florae
506 1611 547 1642 ad
578 1622 642 1642 ver.
673 1612 747 1642 217.
798 1613 869 1643 Tali

198 1661 317 1692 amictu
337 1660 381 1692 uti
404 1660 590 1691 mulieribus
607 1661 760 1692 Romanis
775 1661 869 1692 inter-

197 1711 319 1742 dictum
331 1716 397 1741 erat
407 1710 476 1751 lege
489 1710 594 1751 Oppia
607 1721 614 1747 ;
632 1710 750 1745 Livius,
763 1711 870 1741 xxxiv.

203 1761 228 1791 l.
277 1761 434 1795 Accidere,
461 1759 589 1795 cadere.
617 1760 746 1790 verbum
779 1761 868 1792 bonae

196 1816 291 1846 notae,
308 1815 343 1841 ut
362 1809 473 1840 Heius.
492 1809 533 1840 ad
550 1809 632 1840 liunc
653 1810 768 1846 locum,
783 1814 814 1840 et
829 1809 869 1841 ad

198 1860 323 1896 Silium,
345 1859 389 1891 iv.
406 1861 484 1890 238.
505 1858 634 1897 docuit3
664 1864 696 1890 et
717 1858 869 1900 reperitur

197 1911 230 1940 in
259 1910 354 1940 MSS.
382 1909 540 1940 veteribus
569 1909 748 1951 plerisque:
774 1909 869 1950 vulgo

197 1965 305 1990 autem
322 1961 459 1990 decidere
472 1958 587 1990 editur.
610 1958 712 1989 Rosas
727 1959 870 2001 dejectas

198 2019 265 2040 esse
281 2009 313 2040 in
328 2019 451 2040 mensas
467 2008 705 2039 convivantium
717 2009 784 2050 jam
801 2019 868 2039 ver.

197 2059 272 2090 336.
288 2058 435 2089 vidimus.
459 2059 529 2088 Hac
542 2057 638 2099 igitur
649 2057 868 2094 similitudine,

200 2119 339 2139 rosarum
367 2118 384 2139 e
414 2108 514 2138 Florae
536 2107 660 2149 capillis
685 2107 869 2138 cadentium

198 2157 370 2189 multitudo
386 2157 574 2188 declaratur.

240 2208 424 2239 361—368.
449 2208 548 2238 Faces
563 2217 718 2238 accensae.
753 2207 806 2238 Me
822 2208 866 2237 la-

196 2259 301 2296 tebat‚·
340 2259 525 2289 Burmanno
557 2256 701 2287 Latinius
731 2256 867 2293 videtur,

197 2307 282 2350 quod
313 2307 466 2338 MazarIn.
489 2307 596 2342 habet,
634 2307 709 2337 mihi
746 2307 868 2337 latebat.

199 2357 283 2388 Vide
314 2356 507 2388 Gronovium
546 2356 586 2386 ad
617 2356 728 2387 Senec.
757 2355 866 2399 OEdip.

196 2407 272 2438 295.
296 2407 408 2437 Burm.
420 2406 634 2437 accusativum
649 2417 694 2436 me
708 2416 764 2447 per
776 2406 866 2436 Grae-

198 2455 330 2487 cismum
360 2455 502 2486 excusari
528 2460 640 2496 putat;
673 2455 799 2495 quidvis
828 2455 868 2485 ad

198 2505 257 2536 hoc
273 2504 370 2541 dicat,
387 2515 444 2546 ego
459 2504 506 2535 illi
522 2514 584 2534 non
602 2504 772 2535 adsentior.
808 2505 868 2534 Er-

197 2566 289 2591 rores,
316 2553 585 2590 incertitudinem,
615 2559 650 2584 ut
686 2564 781 2595 supra
810 2554 868 2585 ali-

197 2604 333 2646 quotieS.
378 2603 631 2634 Fluctuationem
655 2608 756 2645 poetae
787 2604 865 2634 refe-

198 2660 271 2685 runt
294 2665 400 2685 versus
428 2664 498 2695 sqq.
522 2663 624 2694 usque
647 2652 686 2683 ad
709 2654 865 2684 Convenit.

197 2704 279 2735 Tum
299 2704 390 2734 Flora
409 2713 483 2734 eum
504 2702 684 2745 interpellat
703 2708 735 2733 et
755 2703 866 2733 certio-

200 2763 263 2783 rem
285 2752 388 2783 reddit
405 2752 524 2783 verbis:
551 2765 567 2782 a
587 2764 652 2783 rev-0
668 2755 758 2783 {ertia
775 2764 864 2783 causa

938 1616 1032 1645 venit.
1079 1614 1237 1653 Purpuret'
1255 1612 1349 1643 flores
1369 1611 1470 1654 poetis
1485 1610 1612 1642 omnino

938 1670 1011 1695 sunt
1029 1663 1165 1705 pulchri,
1187 1663 1291 1694 colore
1312 1661 1492 1704 splendido.
1541 1661 1611 1691 Col-

939 1715 1043 1744 lucent
1070 1716 1140 1755 agri
1172 1712 1335 1743 hominum
1365 1713 1502 1751 operibus
1529 1710 1610 1741 dixit

938 1763 1052 1795 Cicero
1076 1763 1152 1794 Nat.
1175 1763 1274 1793 Deor.
1297 1761 1332 1792 ii.
1356 1762 1419 1799 39;
1444 1760 1500 1792 sed
1525 1770 1609 1791 nunc

937 1822 1007 1843 cum
1034 1812 1064 1842 vi
1088 1811 1236 1854 positum,
1260 1811 1338 1852 quia
1355 1812 1505 1842 luminum
1530 1809 1610 1841 ratio

937 1861 1088 1893 redditur.
1137 1862 1199 1893 Pro
1208 1862 1341 1903 floribus
1362 1861 1490 1893 Marsus
1510 1859 1614 1891 edidit

938 1912 1068 1952 ignibus,
1107 1919 1204 1953 atque
1241 1910 1286 1941 ita
1313 1916 1345 1941 et
1377 1921 1456 1942 unus
1486 1908 1609 1941 Heinsii

938 1960 1051 1991 codex.
1099 1960 1190 2002 Ignes
1213 1966 1319 1991 autem
1342 1970 1430 2002 posse
1453 1960 1544 1991 flores
1563 1959 1610 2001 ig-

939 2009 1006 2040 neis
1042 2009 1198 2040 coloribus
1236 2008 1370 2050 intelligi
1408 2009 1611 2040 Burmannus

938 2059 1092 2100 exemplis
1114 2058 1218 2089 docet.
1266 2058 1362 2088 Hebes
1383 2057 1468 2088 color
1486 2063 1534 2088 est
1553 2058 1610 2088 ob-

938 2118 1058 2144 scurus,
1075 2118 1136 2138 non
1151 2107 1297 2145 lucidus;
1321 2107 1406 2138 unde
1421 2112 1454 2138 et
1474 2108 1610 2137 hebetare

937 2168 992 2200 pro
1006 2158 1173 2188 obscurare
1189 2156 1324 2198 ponitur.

981 2207 1056 2238 371.
1079 2205 1243 2238 venatorii
1263 2205 1341 2242 ludi,
1357 2205 1443 2236 haud
1464 2204 1560 2237 dubie
1575 2205 1607 2236 in

938 2256 1021 2288 circo
1038 2257 1146 2288 Florae.
1184 2257 1301 2287 Eorum
1316 2254 1461 2286 meminit
1476 2261 1508 2287 et
1520 2256 1609 2288 Mar-

937 2306 1034 2342 tialis,
1066 2306 1133 2336 viii.
1165 2307 1223 2337 67:
1269 2304 1483 2336 “Floralitias
1511 2305 1608 2337 lasset

937 2367 1032 2387 arena
1061 2357 1175 2387 feras.’⁷
1222 2355 1404 2387 Venatoriis
1432 2355 1516 2386 ludis
1539 2355 1608 2397 ple-

937 2416 1069 2448 rumque
1094 2405 1307 2437 inserviebant
1330 2405 1448 2436 belluae
1474 2405 1607 2446 Libye-er,

936 2456 1097 2497 panthera-⁵
1113 2455 1266 2498 inprimis,
1284 2465 1355 2497 quae
1375 2460 1408 2485 et
1425 2454 1609 2496 simpliciter

938 2506 1094 2545 Africanae
1130 2505 1334 2543 dicebantur3
1378 2503 1512 2541 Plinius,
1549 2505 1606 2537 VI.

937 2555 999 2597 Ep.
1017 2555 1126 2585 xxxiv.
1143 2555 1175 2585 3.
1201 2554 1262 2585 Sed
1277 2554 1310 2584 in
1325 2553 1503 2584 Floralibus
1517 2554 1607 2586 mitia

937 2603 1089 2634 animalia
1138 2602 1438 2640 committebantur3
1489 2602 1607 2634 Caelius

935 2652 1136 2694 Rhodiginus
1173 2652 1287 2694 Antiq.
1324 2652 1399 2683 lect.
1436 2663 1510 2682 xxv·
1541 2653 1605 2683 30:

934 2703 1040 2733 Galba
1055 2708 1168 2744 prae-tor
1186 2707 1207 2719 “
1220 2702 1438 2733 commissione
1459 2701 1604 2732 ludorum

937 2753 1104 2783 Floralium
1145 2762 1259 2783 novum
1291 2751 1463 2794 spectaculi
1493 2761 1603 2793 genus,
