1809 3220
211 176 298 219 286

609 176 659 217 P.
694 173 909 216 OVIDII
945 173 1228 215 NASONIS

211 292 428 340 Voverat
453 292 548 338 hoc
567 289 767 353 juvenis
786 297 923 345 tunc,
943 305 1100 353 quum
1126 288 1210 352 pia
1231 287 1436 335 sustulit
1456 301 1615 333 arina:

277 369 322 416 A
347 368 499 416 tantis
527 367 761 432 princeps
787 367 1107 432 incipiendus
1133 375 1256 414 erat.

1523 366 1621 410 570

210 446 303 495 Ille
330 462 506 493 manus
533 445 763 501 tendens,
791 445 908 492 hinc
935 446 1084 492 stanti
1114 444 1272 491 milite
1291 445 1447 506 justO.

282 523 414 570 Hinc
439 522 730 584 conjuratis,
759 522 880 570 talia
904 522 1040 570 dicta
1064 522 1232 569 dedit:

216 601 270 649 Si
296 600 417 648 mihi
443 599 662 648 bellandi
690 607 833 664 pater
858 607 951 656 est,
979 599 1255 662 Vestaeque
1280 596 1516 645 sacerdos

279 679 484 733 Auctor,
513 685 562 725 et
588 677 764 724 ulcisci
791 693 979 725 numen
1004 684 1276 739 utrumque
1303 690 1454 739 paro:

214 756 371 811 Mars,
399 755 548 812 ades;
592 762 644 802 et
669 754 797 801 satia
822 754 1069 802 scelerato
1095 753 1340 815 sanguine
1365 751 1578 805 ferrum;

282 835 497 898 Stetque
522 833 659 880 favor
683 849 838 880 causa
863 849 952 897 pro
979 832 1184 879 meliore
1210 839 1344 878 tuus.

1528 830 1625 875 576

213 913 426 977 Templa
450 912 609 969 feres;
652 918 720 967 et,
747 927 827 959 ine
853 911 1059 966 victore,
1086 909 1346 957 vocaberis
1375 907 1540 954 Ultor.

281 991 525 1046 Voverat3
567 997 619 1037 et
643 988 752 1036 fuso
778 990 922 1036 laetus
950 990 1012 1036 ab
1039 989 1184 1035 hoste
1211 987 1367 1034 redit:

217 1069 327 1117 Nec
354 1067 475 1115 satis
502 1075 581 1114 est
605 1066 848 1114 meruisse
875 1066 1031 1113 semel
1056 1065 1360 1128 cognomina
1385 1061 1567 1110 Marti:

286 1145 618 1208 Persequitur
645 1144 819 1191 Parthi
846 1144 989 1207 signa
1014 1151 1212 1191 retenta
1238 1157 1404 1189 manu.

1530 1141 1628 1186 580

220 1224 360 1271 Gens
385 1222 479 1270 fuit
503 1231 554 1270 et
579 1222 789 1286 campis,
818 1230 868 1270 et
893 1222 1055 1285 equis,
1085 1229 1135 1268 et
1160 1229 1269 1267 tuta
1294 1217 1507 1280 sagittis,

285 1300 353 1348 Et
377 1299 691 1347 circumfusis
717 1299 849 1345 invia
873 1298 1179 1345 fluminibus.

218 1473 238 1485 “
252 1467 368 1499 „Edem
392 1466 489 1497 Marti
509 1466 594 1496 bello
614 1464 811 1507 Philippensi
836 1476 889 1507 pro

217 1517 336 1549 ultione
374 1521 507 1558 paterna
544 1521 692 1557 suscepto
729 1514 890 1545 voverat.''

221 1567 366 1606 Princeps
391 1566 582 1605 incipiendus
606 1571 684 1599 erut,
706 1563 891 1605 principalis

220 1615 357 1657 dignitas
379 1625 398 1646 a
423 1614 519 1645 tantis
542 1614 635 1644 rebus
658 1612 812 1655 proficisci
836 1612 891 1643 de-

219 1666 329 1697 behat.

264 1717 341 1748 571.
366 1716 438 1757 Ipse
455 1724 573 1745 vovens
590 1713 761 1744 inducitur.
808 1712 892 1742 Hinc

220 1769 326 1801 stanti,
343 1772 405 1797 etc.
462 1765 513 1795 De
536 1763 624 1795 Julio
644 1763 781 1798 Caesare,
802 1762 893 1793 I'estoe

221 1818 383 1852 sacerdote,
401 1814 564 1846 interfecto
580 1813 651 1843 vide
665 1812 707 1842 iii.
724 1812 799 1843 699.
825 1811 894 1841 Nu-

223 1878 289 1898 men
325 1873 502 1906 utrumque,
543 1862 641 1905 patris
668 1868 700 1892 et
737 1861 895 1904 pontificis

223 1915 363 1947 maximi.

263 1967 339 1997 579.
367 1965 460 1995 Anno
482 1963 521 1994 U.
539 1963 580 1994 C.
603 1963 678 1993 699.
698 1962 746 1992 Μ.
763 1962 896 1992 Crassus

223 2026 241 2046 a
257 2014 383 2046 Parthis
398 2018 465 2044 erat
480 2011 614 2046 occisus.
635 2010 741 2041 Orode
761 2019 894 2051 regnan-

223 2071 266 2101 te,
287 2062 507 2103 exercitusque
532 2062 600 2102 ejus
620 2060 736 2102 partim
761 2059 895 2093 deletus,

223 2114 335 2156 partim
353 2117 478 2153 captus.
529 2111 642 2141 Postea
657 2108 816 2139 Antonius
832 2108 897 2137 cla-

224 2163 297 2193 dem
313 2163 352 2193 ab
367 2160 480 2191 iisdem
497 2159 639 2189 hostibus
655 2157 790 2199 accepit.
835 2155 897 2186 Sed

226 2221 309 2242 anno
334 2211 377 2242 U.
398 2209 437 2240 C.
458 2208 532 2238 734.
556 2217 653 2248 quum
678 2206 844 2247 Augustus
867 2205 898 2235 in

227 2260 305 2291 Asia
333 2263 521 2293 versaretur,
547 2257 713 2291 Phraates,
742 2265 796 2286 rex
823 2254 896 2284 Par-

226 2311 362 2345 thorum,
384 2314 416 2339 et
436 2313 594 2342 metuens,
623 2317 661 2336 ne
687 2304 772 2336 bello
798 2304 838 2334 ab
864 2314 901 2334 eo

227 2365 396 2402 peteretur,
412 2364 444 2388 et
467 2357 532 2387 suis
550 2355 707 2391 diffidens,
723 2355 814 2395 signa
834 2353 900 2384 Ro-

228 2407 329 2439 manis
344 2407 419 2438 olim
435 2405 586 2446 adempta
601 2406 629 2435 ei
645 2411 755 2446 sponte
770 2402 901 2434 remisit.

229 2458 281 2489 De
295 2467 334 2488 ea
349 2467 381 2488 re
397 2461 559 2496 tamquam
576 2453 615 2484 de
628 2454 761 2483 victoria
773 2451 900 2493 insigni,

229 2508 343 2537 mirum
363 2506 397 2536 iu
417 2503 546 2535 modum
567 2502 693 2533 laetatus
712 2508 759 2532 est
774 2501 900 2542 Augus-

230 2562 292 2593 tus,
312 2555 344 2586 in
368 2553 474 2596 gaudii
497 2552 681 2583 societatem
701 2550 901 2581 venientibus

232 2605 398 2640 Romanis,
414 2604 468 2646 qui
487 2613 557 2633 eam
579 2608 611 2633 et
633 2600 769 2632 nummis
787 2607 818 2631 et
833 2610 900 2630 car-

232 2656 370 2687 minibus
389 2654 610 2689 celebrarunt3
634 2650 754 2683 Justin.
779 2649 844 2680 xlii.
860 2651 899 2680 5:

230 2707 342 2737 “Plus
372 2704 482 2736 Caesar
519 2700 738 2743 magnitudine
769 2699 902 2730 nominis

233 2756 279 2787 sui
297 2755 381 2789 fecit,
400 2764 495 2795 quam
518 2751 610 2783 armis
632 2750 713 2782 alius
735 2749 902 2791 imperator

958 1465 1062 1496 facere
1078 1462 1265 1506 potuisset.‘'
1313 1460 1395 1492 Vide
1413 1459 1562 1494 Dionem,
1578 1458 1633 1490 liv.

959 1515 989 1545 8.
1007 1514 1060 1556 qui
1077 1520 1108 1544 et
1123 1512 1217 1555 hujus
1235 1511 1345 1554 templi
1358 1508 1518 1542 meminit:
1535 1507 1632 1541 Νεὼν

953 1563 1077 1605 Ἀρεως
1106 1563 1255 1604 Τιμωροῦ
1283 1561 1320 1592 ἐν
1349 1560 1400 1602 τῳ·
1427 1557 1633 1599 Καπιτωλίῳ

960 1614 1044 1645 κατὰ
1065 1614 1103 1644 τὸ
1125 1613 1183 1644 τοῦ
1201 1612 1276 1648 Διὸς
1298 1609 1464 1652 φερετρίου
1482 1607 1631 1649 ζήλωμα,

962 1664 1046 1705 πρὸς
1068 1663 1133 1700 τὴν
1149 1664 1218 1693 τῶν
1242 1660 1386 1702 σημείων
1406 1657 1565 1690 ἀνάθεσιν
1580 1658 1635 1688 καὶ

959 1712 1167 1753 ψηφισθῆναι
1196 1710 1351 1746 ἐκέλευσε,
1379 1709 1435 1740 καὶ
1469 1707 1636 1746 ἐποίησεν.

962 1763 1021 1793 His
1048 1762 1150 1792 verbis
1171 1769 1267 1802 atque
1294 1760 1381 1790 varia
1403 1759 1513 1794 forma,
1538 1767 1634 1798 quam

962 1811 1077 1842 Martis
1102 1810 1222 1841 Ultoris
1252 1809 1406 1851 templum
1437 1808 1470 1838 in
1499 1806 1637 1837 nummis

963 1862 1070 1898 habet,
1095 1860 1186 1902 (vide
1213 1859 1319 1890 Patin.
1340 1858 1381 1889 ad
1407 1855 1549 1888 Suetonii
1569 1855 1636 1886 dic-

963 1918 1029 1942 tum
1052 1910 1175 1946 locum)
1201 1909 1277 1940 moti
1302 1907 1445 1939 nonnulli
1470 1911 1636 1948 putarunt,

963 1960 1026 1991 duo
1050 1959 1170 2001 templa
1193 1959 1376 1999 Augustum
1400 1956 1473 1987 huic
1497 1955 1557 1986 deo
1581 1965 1638 1996 po-

964 2009 1077 2045 suisse,
1096 2009 1230 2039 alterum
1248 2006 1351 2038 Ultori
1369 2006 1401 2036 in
1413 2006 1491 2036 Foro
1505 2015 1572 2040 suo,
1590 2004 1636 2035 al-

965 2066 1078 2094 terum,
1109 2056 1245 2099 receptis
1281 2055 1391 2097 signis,
1426 2054 1458 2085 in
1488 2053 1638 2096 capitolio

966 2108 1064 2138 Marti
1081 2105 1241 2138 Bisultori.
1266 2105 1328 2136 Sed
1343 2115 1399 2136 nec
1417 2103 1565 2139 Ovidius,
1581 2113 1639 2134 nec

967 2157 1048 2187 alius
1067 2156 1197 2197 scriptor
1217 2155 1299 2185 hanc
1325 2153 1503 2196 opinionem
1527 2152 1638 2184 confir-

967 2212 1043 2236 mat.
1074 2206 1187 2246 Itaque
1205 2205 1346 2234 Masson.
1363 2210 1395 2234 et
1411 2202 1554 2233 Reimar.
1573 2212 1640 2232 mo-

971 2260 1055 2291 nent,
1073 2253 1159 2295 apud
1176 2253 1314 2283 Dionem
1332 2252 1427 2282 verba
1447 2250 1482 2282 ἐν
1505 2251 1554 2292 τῷ
1570 2254 1641 2282 Κα-

971 2304 1115 2345 πιτωλίῳ
1129 2302 1167 2334 ad
1180 2302 1317 2344 ζήλωμα
1330 2301 1498 2343 pertinere,
1509 2307 1564 2331 aut
1574 2310 1641 2331 cor-

969 2361 1061 2396 rupta
1069 2364 1135 2385 esse
1147 2364 1155 2391 3
1171 2362 1316 2382 nummos
1327 2357 1434 2382 autern
1447 2361 1508 2381 non
1519 2349 1644 2380 diversa

968 2403 1099 2445 templa,
1115 2401 1170 2433 sed
1186 2400 1290 2432 varias
1306 2400 1451 2442 ejusdem
1471 2398 1581 2440 templi
1597 2399 1644 2429 fa-

969 2453 1033 2484 cies
1057 2451 1220 2483 exhibere.
1261 2452 1333 2487 Quo
1352 2449 1424 2490 jure
1452 2454 1546 2490 poeta
1574 2447 1643 2479 haec

970 2501 1122 2533 Parthica
1133 2499 1302 2534 addiderit,
1311 2498 1376 2529 dixi
1387 2497 1427 2529 ad
1435 2508 1559 2529 versum
1570 2498 1645 2529 545.

1013 2553 1088 2583 581.
1117 2549 1340 2591 Amplificatur
1368 2547 1506 2589 Augusti
1534 2546 1646 2578 honor.

971 2602 1043 2638 Quo
1071 2598 1228 2631 diffieilior
1259 2598 1346 2629 aditu
1375 2597 1433 2628 illa
1463 2607 1552 2638 genS,
1581 2606 1644 2637 quo

971 2649 1101 2681 ferocior
1121 2650 1214 2680 rebus
1235 2648 1300 2679 suis
1317 2646 1476 2680 secundis.
1491 2655 1553 2687 quo
1574 2643 1645 2675 tris-

972 2699 1029 2730 tior
1046 2697 1219 2740 ignominia
1232 2695 1386 2727 Romanis
1401 2694 1475 2726 inde
1490 2694 1592 2729 illata,
1606 2704 1644 2724 eo

973 2748 1068 2789 major
1095 2747 1230 2788 Augusti
1254 2745 1353 2788 gloria
1378 2743 1512 2785 receptis
1535 2741 1645 2784 signis.
