1830 3220
580 192 931 236 FASTORUM
964 191 1087 234 LIB.
1121 191 1215 233 III.

1522 192 1607 234 171

182 309 382 357 Dicitur
406 310 603 358 infirma
628 326 783 357 cornu
810 310 1035 358 tenuisse
1062 309 1266 356 sinistra

249 386 474 444 Femina,
501 403 659 452 quum
685 388 748 435 de
775 403 829 435 se
856 386 1061 434 nomina
1085 386 1208 434 fecit
1232 402 1396 450 aquae.

1506 388 1604 433 870

180 464 336 512 Paene
362 465 511 512 simul
537 465 702 529 periit,
725 465 847 512 dum
872 466 978 512 vult
1004 481 1297 512 succurrere
1323 464 1479 528 lapsae

249 543 438 600 Frater,
467 551 517 592 et
541 552 776 592 extentas
804 542 1015 607 porrigit
1041 559 1203 605 usque
1232 559 1427 589 [nanus.

181 620 376 678 Flebat,
406 629 462 669 ut
487 623 673 670 amissa
698 622 885 685 gemini
913 628 1146 668 consorte
1173 620 1366 684 pericli,

250 700 482 749 Caeruleo
501 702 735 764 junctam
761 700 962 748 nescius
990 715 1103 746 esse
1132 698 1260 745 Deo.

179 776 431 826 Litoribus
457 779 606 826 tactis
634 779 780 828 Aries
808 779 863 826 fit
889 778 1058 825 sidus:
1103 785 1153 824 at
1178 777 1262 838 huj
1274 792 1330 822 us

1506 777 1602 823 875

247 856 488 905 Pervenit
515 858 562 905 in
592 857 812 905 Colchas
839 873 990 906 aurea
1014 857 1132 903 lana
1157 855 1353 901 domos.

178 933 324 981 TREs
353 936 439 982 ubi
467 935 725 984 Luciferos
750 936 957 984 veniens
983 932 1284 999 praemiserit
1311 931 1431 988 Eos,

244 1012 497 1078 Tempora
521 1014 780 1062 nocturnis
806 1030 955 1077 aequa
979 1013 1161 1060 diurna
1185 1010 1334 1058 feres.

178 1090 324 1138 INDE
352 1099 533 1156 quater
558 1099 729 1157 pastor
755 1099 956 1139 saturos
984 1090 1070 1138 ubi
1096 1088 1335 1137 clauserit
1359 1087 1549 1144 haedos,

247 1169 529 1218 Canuerint
553 1170 722 1217 herbae
749 1185 858 1217 rore
884 1175 1090 1217 recente
1116 1173 1325 1231 quater;

1506 1168 1604 1213 880

175 1247 206 1295 J
212 1264 338 1296 anus
364 1248 668 1303 adorandus,
697 1264 918 1311 cumque
945 1248 1040 1295 hoc
1070 1244 1360 1294 Concordia
1386 1243 1543 1300 mitis,

246 1325 316 1373 Et
342 1326 575 1374 Romana
604 1325 769 1383 Salus,
798 1341 988 1389 araque
1015 1323 1168 1372 Pacis
1195 1322 1304 1370 erit.

180 1405 345 1453 LUNA
363 1405 491 1469 regit
511 1421 735 1453 menses:
765 1405 916 1468 hujus
939 1419 1144 1468 quoque
1166 1408 1397 1465 tempora
1412 1397 1602 1447 mensis

247 1483 382 1532 Finit
408 1483 660 1532 Aventino
688 1482 831 1531 Luna
856 1481 1071 1531 colenda
1090 1481 1234 1544 jugO.

173 1625 243 1662 λος.
282 1625 356 1657 Jam
373 1623 533 1656 Hesiodus
549 1630 581 1656 et
602 1623 803 1666 Pherecydes
819 1623 847 1654 ei

173 1685 305 1706 aureum
321 1675 421 1706 vellus
433 1675 608 1713 dederant3
628 1675 747 1717 Hygin.
759 1675 850 1705 Poet.

175 1727 263 1757 Astr.
275 1725 361 1757 dicto
377 1725 457 1757 loco.
496 1724 594 1767 Apud
611 1723 849 1760 eumdem,fal›.

175 1777 206 1806 3.
222 1781 323 1807 mater
346 1776 479 1807 arietem
501 1774 683 1805 inauratum
707 1773 849 1809 adducit,

174 1826 318 1868 Neptuni
335 1832 367 1856 et
380 1825 593 1867 Theophanes
608 1823 720 1854 filium.
769 1823 847 1853 Pur-

174 1886 309 1918 pureum
332 1875 413 1907 illud
438 1875 539 1906 vellus
563 1874 734 1905 Acusilaus
756 1879 851 1904 vocat

174 1925 207 1956 in
237 1925 342 1956 Schol.
367 1925 407 1956 ad
437 1924 656 1966 Apollonium,
682 1923 724 1954 iv.
752 1923 848 1953 1147.

173 1975 258 2006 Vide
274 1975 380 2006 Vossii
402 1975 575 2016 llIytlzolog.
594 1973 712 2016 Briqfe,
731 1979 807 2003 tom.
825 1972 848 2004 i.

173 2035 248 2068 pag.
275 2026 357 2056 254:
398 2024 593 2066 Apollodoro
623 2029 654 2054 et
678 2023 790 2054 Tzetze
817 2022 850 2053 in

173 2074 331 2117 Lycophr.
369 2085 442 2117 pag.
477 2075 507 2106 7.
543 2072 736 2109 auctoribus,
769 2072 851 2104 aries

175 2124 266 2156 dorso
293 2125 456 2167 impositos
482 2128 561 2155 vexit
588 2134 651 2154 non
672 2134 727 2164 per
745 2122 849 2164 freta.

174 2174 229 2206 sed
256 2185 313 2217 per
342 2185 426 2206 aera.
474 2173 614 2206 Omnino
643 2173 713 2204 haec
740 2173 850 2204 fabula

175 2223 316 2256 maxima
330 2224 484 2255 varietate
500 2224 601 2254 relata
616 2229 674 2254 est.

219 2275 294 2305 877.
317 2275 548 2316 AEquinoctium
563 2285 689 2304 vernum
705 2271 769 2303 viii.
783 2272 850 2303 Ka-

174 2324 261 2356 lend.
278 2324 407 2366 Aprilis.
436 2324 520 2356 Vide
537 2324 576 2354 ad
593 2333 658 2354 ver.
674 2323 749 2354 851.
782 2322 849 2353 Pli-

176 2373 258 2410 nius,
275 2373 363 2404 xviii.
384 2374 445 2404 66:
472 2377 492 2389 “
510 2371 752 2414 AEquinoctium
781 2381 851 2401 ver-

177 2434 253 2454 num
277 2422 317 2454 ad
333 2422 418 2457 diem
434 2421 498 2453 viii.
516 2422 592 2452 Kal.
608 2420 729 2463 Aprilis
745 2420 852 2462 peragi

176 2472 338 2504 videtur.''
387 2472 485 2504 Varie
513 2477 619 2503 autem
649 2470 724 2501 olim
752 2469 852 2512 aequi-

177 2523 286 2554 noctia
317 2521 613 2554 constituebantur:
660 2519 853 2557 Columella,

176 2574 218 2605 ix.
239 2574 289 2604 14.
306 2577 327 2590 “
347 2573 417 2604 Nec
439 2583 491 2603 me
506 2571 589 2604 fallit
603 2569 778 2613 Hipparchi
802 2580 851 2601 ra-

919 1622 974 1660 tio,
991 1633 1061 1665 quae
1087 1621 1181 1652 docet
1202 1618 1339 1651 solstitia
1361 1623 1393 1650 et
1413 1616 1605 1660 aequinoctia

920 1684 983 1704 non
999 1672 1132 1707 octavis,
1143 1670 1199 1702 sed
1214 1668 1324 1711 primis
1339 1668 1482 1711 partibus
1496 1667 1601 1709 signo-

919 1734 988 1754 rum
1018 1720 1145 1753 confiei.
1199 1720 1322 1750 Verum
1358 1718 1390 1749 in
1426 1717 1485 1748 hac
1520 1715 1602 1748 ruris

919 1771 1092 1814 disciplina
1106 1780 1221 1812 sequor
1236 1778 1321 1799 nuuc
1339 1766 1465 1798 Eudoxi
1481 1772 1513 1797 et
1528 1766 1601 1796 Me-

918 1821 1012 1858 tonis,
1037 1820 1304 1861 antiquorumque
1335 1816 1432 1848 fastos
1453 1815 1600 1847 Astrolo-

918 1882 1040 1913 gorum,
1057 1871 1112 1912 qui
1128 1875 1203 1900 sunt
1225 1865 1326 1910 aptati
1346 1865 1483 1909 publicis
1499 1864 1599 1896 sacri-

919 1920 1040 1952 ficiis.”

964 1971 1041 2001 879.
1089 1966 1360 2009 Circumloquitur
1389 1977 1422 1996 v.
1453 1964 1597 1996 Kalend.

919 2019 1040 2063 Aprilis
1053 2019 1119 2050 sive
1132 2018 1215 2049 diem
1228 2016 1325 2048 xxvii.
1337 2014 1460 2051 Martii,
1474 2025 1536 2056 quo
1549 2014 1601 2045 die

921 2071 1045 2101 Festum
1070 2069 1160 2104 Jani,
1180 2068 1309 2103 Salutis,
1330 2066 1518 2100 Concordiae,
1536 2064 1600 2094 Pa-

918 2124 971 2152 cis.
1018 2120 1119 2155 Salus,
1138 2117 1298 2150 valetudo.
1344 2116 1510 2157 Augustus
1534 2119 1598 2145 tres

918 2175 1041 2201 statuas
1059 2168 1164 2210 posuit
1184 2166 1327 2209 ’Υγίειας
1349 2164 1520 2207 δημοσίας,
1541 2165 1597 2195 καὶ

917 2219 1096 2263 Ὁμονοίας
1126 2218 1181 2249 καὶ
1205 2216 1364 2258 Εἰρήνης·
1392 2215 1538 2250 Zonaras,
1562 2225 1595 2244 x.

920 2271 973 2301 34.
1020 2270 1072 2299 De
1088 2279 1144 2298 ara
1162 2267 1254 2298 Pacis
1269 2266 1341 2297 vide
1359 2265 1379 2296 i.
1396 2265 1471 2296 709.

965 2320 1040 2350 883.
1066 2319 1163 2349 Lunae
1179 2316 1265 2348 aedes
1285 2317 1318 2346 in
1336 2316 1498 2346 Aventino.
1546 2312 1597 2344 Li-

918 2370 999 2406 vius,
1025 2369 1068 2400 xl.
1096 2370 1137 2407 23
1174 2366 1281 2397 Rufus
1309 2365 1342 2396 in
1372 2364 1517 2407 Regione
1543 2364 1599 2394 xii.

919 2420 1024 2451 Etiam
1051 2418 1184 2450 Tacitus
1213 2416 1333 2447 Annal.
1361 2427 1412 2446 xv.
1437 2416 1489 2445 41.
1514 2419 1594 2445 tem-

919 2470 1007 2511 plum
1039 2468 1136 2499 Lunae
1166 2474 1330 2503 memorat,
1354 2464 1439 2508 quod
1468 2462 1597 2495 Servius

919 2519 1043 2550 Tullius
1061 2516 1250 2550 condiderit.
