1830 3220
829 173 974 216 IBIS.

1517 174 1600 216 491

187 289 363 355 thue
389 307 566 356 parurn
592 291 718 346 miti,
746 291 836 338 sed
861 306 961 338 non
987 289 1210 354 impune,
1241 289 1595 345 Prometheus,

249 368 429 417 Aerias
456 370 684 417 volucres
710 369 954 431 sanguine
979 367 1110 415 fixus
1138 368 1273 415 alas:
1443 360 1448 364 ’

183 445 276 502 Ac,
303 447 442 494 velut
462 446 726 494 Etracides
743 461 925 508 magno
944 452 1020 493 ter
1036 445 1099 491 ab
1120 443 1342 493 Hercule
1367 445 1593 508 quintus,

256 524 433 572 Caesus
460 525 511 571 in
536 525 839 575 immensum
866 522 1130 587 projiciare
1155 522 1338 570 fretum
1359 537 1369 568 ε

1499 524 1597 569 296

185 600 306 656 Aut,
335 610 389 650 ut
413 602 778 667 Amyntiaden,
805 600 939 664 turpi
964 600 1181 647 dilectus
1207 615 1377 647 amore

256 679 452 736 Oderit,
481 688 532 728 et
557 697 688 728 saevo
713 680 943 727 vulneret
968 694 1089 725 ense
1114 694 1268 742 puer:

187 756 297 805 Nec
324 758 415 805 tibi
440 758 543 806 fida
566 757 729 820 magis
755 755 954 803 misceri
981 755 1165 819 pocula
1190 755 1403 819 possint,

254 835 421 890 Quam
448 837 535 900 qui
560 836 822 898 cornigero
848 835 912 881 de
937 833 1063 880 Jove
1088 841 1236 881 natus
1263 840 1384 880 erat.

1501 835 1600 878 300

188 911 333 960 More
357 915 435 961 vel
463 915 681 962 intereas
708 913 844 977 capti
872 928 1151 976 suspensus
1178 912 1370 967 Achaei,

253 989 353 1045 Qui
378 992 531 1040 miser
555 991 770 1039 aurifera
794 997 924 1037 teste
950 990 1196 1054 pependit
1221 1006 1381 1053 aqua:

187 1068 292 1115 Aut
318 1077 371 1117 ut
398 1068 665 1118 Achillidae
692 1075 910 1132 cognato
937 1068 1139 1116 nomine
1165 1069 1357 1115 clarum

257 1147 527 1212 Opprimat
552 1147 723 1196 hostili
747 1147 921 1209 tegula
941 1147 1079 1209 jacta
1105 1164 1287 1195 manu:

188 1222 299 1274 Nec
325 1234 413 1273 tua
438 1243 590 1290 quam
613 1225 813 1291 Pyrrhi,
836 1224 1030 1272 felicius
1057 1242 1172 1273 ossa
1198 1226 1481 1289 quiescant,
1503 1224 1601 1270 305

186 1330 235 1356 est
271 1324 458 1355 exstinctus.
518 1324 708 1355 Exanimum
747 1334 861 1365 corpus

187 1373 328 1405 reddidit
354 1374 458 1410 sociis,
488 1374 658 1405 adfirmans
685 1384 757 1404 eum
786 1383 861 1404 casu

188 1424 312 1466 lapsum
324 1425 356 1455 in
369 1435 469 1466 aquas
480 1424 600 1454 calidas
610 1428 768 1454 mortuum
783 1433 862 1453 esse.

231 1474 307 1504 293.
336 1474 436 1514 thue
462 1485 574 1513 purum
604 1472 714 1513 milis]
755 1472 863 1502 Scribe

188 1526 270 1560 mizi,
287 1529 319 1554 et
334 1523 414 1554 refer
428 1523 470 1554 ad
485 1524 521 1555 τὸ
537 1525 701 1564 sanguine.
720 1522 763 1552 ΙΙ.
801 1522 863 1552 Im-

187 1584 280 1613 pune,
321 1573 527 1604 Prometheus.
589 1572 808 1607 Prometheus,
847 1582 864 1602 a

190 1623 339 1653 Vulcano
359 1622 511 1664 religatus
527 1623 559 1653 in
576 1623 722 1653 Caucaso
744 1626 862 1658 monte,

189 1671 292 1714 pascit
306 1671 463 1714 aquilam:
482 1671 631 1714 quoniam
646 1676 677 1702 et
694 1670 767 1701 olim
779 1671 865 1702 Deos

191 1721 365 1764 deceperit,
396 1726 428 1752 et
459 1721 566 1763 ignem
596 1720 787 1763 subripuerit
824 1720 864 1751 de

187 1771 282 1803 coelo.

234 1823 311 1854 295.
338 1823 404 1853 Aut
431 1822 515 1853 velut
543 1821 732 1862 Etracides]
774 1821 864 1851 Etra-

190 1872 290 1908 eides,
319 1883 417 1914 quum
448 1871 582 1903 Clebam
611 1881 756 1914 puerum,
786 1870 863 1901 Dori

191 1922 304 1958 filiurn,
327 1923 360 1953 in
384 1921 508 1953 deliciis
532 1921 672 1958 haberet,
694 1921 787 1963 eique
812 1921 866 1952 tri-

193 1973 306 2004 bueret
321 1973 437 2008 omnia,
449 1973 488 2002 ab
503 1982 540 2003 eo
557 1972 680 2003 occisus
695 1976 756 2002 est.
780 1971 867 2001 Nam

191 2033 270 2064 puer
290 2022 323 2053 in
345 2021 514 2053 militarem
536 2022 678 2053 ardorem
698 2021 868 2057 excitatus,

193 2078 307 2104 necato
331 2071 471 2108 domino,
495 2071 670 2102 exercitum
701 2070 868 2107 contraxit,

193 2121 324 2164 lateque
360 2127 514 2163 evagatus
552 2121 694 2152 condidit
734 2121 869 2152 Cumam

198 2170 460 2213 Phryconitiden.
485 2171 580 2202 Dour.
628 2171 745 2212 Magno
771 2176 816 2200 tei·
834 2171 871 2200 ab

196 2221 334 2252 Hercule
359 2224 494 2262 quintus.
540 2221 603 2258 Qui
631 2221 761 2262 quintus
788 2221 870 2251 Her—

196 2271 284 2302 cules
308 2276 437 2301 vocatus
467 2277 525 2307 est,
553 2276 623 2313 post
648 2275 695 2301 ter
719 2280 870 2311 magnum

196 2320 288 2351 illum
312 2320 495 2357 Herculem,
511 2320 602 2362 cujus
621 2319 765 2362 ingentia
786 2319 872 2350 facta

195 2369 336 2400 Theseus
351 2375 398 2400 est
412 2370 592 2401 aemulatus.

242 2419 318 2451 297.
353 2420 428 2456 Aut,
454 2426 491 2450 ut
521 2421 747 2460 Amyntiadem,
788 2422 873 2460 turpi

195 2471 327 2502 dilectus
344 2481 443 2500 tunore
460 2470 578 2507 Oderit,
595 2476 624 2500 et
645 2481 718 2501 saevo
734 2470 874 2500 vulneret

198 2531 266 2552 ense
280 2520 387 2561 paen]
416 2520 593 2562 Philippus,
610 2520 760 2562 Amyntae
779 2520 874 2557 filius,

198 2569 415 2601 Macedonum
428 2580 494 2606 rex,
508 2571 547 2600 ab
558 2570 684 2601 oraculo
696 2579 874 2612 acceperat,

198 2627 235 2651 ut
250 2619 422 2661 quadrIgas
437 2619 587 2651 evitaret:
605 2630 679 2650 narn
693 2626 760 2650 erat
776 2620 816 2650 ab
831 2619 876 2651 eis

199 2670 233 2701 in
257 2670 330 2700 fatis
356 2676 392 2700 ut
413 2670 623 2701 occideretur.
670 2670 744 2700 Non
767 2676 874 2701 tamen

200 2719 258 2750 fati
279 2719 456 2762 periculum
479 2719 619 2761 effugere
642 2719 757 2762 potuit.
802 2720 874 2751 Stu-

176 2778 183 2782 ·
200 2775 290 2812 prato
306 2770 422 2803 etenim
437 2770 598 2802 Pausania
615 2771 654 2802 ab
671 2770 781 2802 Attalo
798 2770 875 2803 Phi—

930 1322 1007 1365 lippi
1034 1324 1161 1360 sororio,
1187 1324 1272 1366 apud
1302 1334 1409 1365 regem
1431 1323 1604 1365 saepissime

931 1374 1109 1405 Pausanias
1125 1380 1318 1415 conquestus
1333 1380 1397 1404 est:
1423 1374 1478 1404 ille
1498 1378 1604 1404 autem

933 1422 991 1453 hoc
1002 1423 1211 1464 protrahendo
1222 1423 1310 1464 parvi
1320 1423 1412 1461 secit;
1428 1421 1607 1453 Pausanias

931 1472 1051 1503 inimici
1070 1472 1171 1503 Attali
1189 1473 1336 1515 injuriam
1357 1473 1388 1503 in
1404 1473 1507 1514 ipsum
1520 1472 1606 1514 judi-

933 1531 1002 1553 cem
1018 1522 1124 1558 vertit,
1136 1533 1230 1564 quein
1247 1522 1364 1563 gladio,
1378 1522 1409 1553 in
1427 1533 1489 1564 quo
1505 1521 1607 1563 quad-

933 1571 1008 1613 rigae
1025 1578 1124 1609 erant,
1140 1572 1311 1603 interfecit.
1334 1573 1417 1603 ΖΛΗ.

979 1622 1055 1652 300.
1084 1622 1180 1656 Quum
1210 1624 1262 1662 qui
1284 1624 1442 1663 cornigero
1472 1624 1507 1652 (Ie
1534 1621 1608 1651 Jove

934 1678 1026 1702 uatus
1039 1671 1131 1711 erat]
1158 1671 1316 1713 Intelligit
1331 1672 1482 1712 Salvagn.
1509 1670 1608 1701 Alex-

934 1720 1080 1757 andrum,
1108 1720 1162 1763 qui
1184 1721 1393 1751 Hammonem
1415 1721 1528 1751 Jovem
1554 1730 1608 1762 ge-

934 1771 1017 1802 neris
1032 1771 1080 1802 sui
1094 1778 1254 1802 auctorem
1270 1770 1357 1801 credi
1374 1770 1513 1801 volebat.

978 1823 1052 1852 301.
1070 1821 1200 1861 Achoei.]
1228 1819 1377 1861 Intellige
1393 1819 1610 1851 Andromachi

934 1871 1047 1907 filium,
1064 1871 1128 1913 qui,
1146 1881 1244 1912 quum
1264 1870 1442 1901 universam
1464 1869 1510 1900 cis
1525 1869 1609 1900 Tau-

935 1932 1003 1952 rum
1034 1921 1147 1952 Asiam
1185 1920 1316 1962 imperio
1343 1931 1399 1951 suo
1429 1927 1561 1961 regeret,
1594 1930 1612 1951 a

938 1971 1052 2002 Bolide
1082 1977 1114 2002 et
1144 1970 1300 2012 Cambylo
1330 1969 1482 2011 proditus,
1509 1975 1540 2000 et
1570 1969 1612 2000 ad

937 2032 1042 2063 regem
1061 2020 1254 2052 Antiochum
1271 2019 1442 2056 adductus,
1460 2019 1612 2051 crudelis-

938 2072 1015 2102 simo
1040 2071 1196 2113 supplicio
1220 2069 1351 2106 interiit,
1371 2075 1405 2101 ut
1422 2070 1536 2112 Polyb.
1557 2070 1613 2101 lib.

939 2121 1007 2152 viii.
1024 2132 1054 2162 p.
1070 2122 1148 2152 528.
1162 2119 1324 2151 describit.

984 2173 1058 2203 303.
1078 2173 1143 2201 Aut
1154 2178 1189 2201 ut
1202 2169 1407 2210 Achilliden]
1428 2168 1494 2201 Alii
1507 2170 1614 2200 Achil-

942 2223 1021 2253 lidae.
1045 2222 1154 2252 Scribe
1171 2222 1346 2256 Achillidae,
1364 2220 1422 2251 hoc
1436 2226 1483 2251 est
1499 2220 1613 2262 Pyrrhi

940 2271 1157 2314 Neoptolemi.
1183 2271 1228 2302 H.
1276 2271 1340 2301 Aut
1366 2277 1401 2300 ut
1427 2271 1614 2302 Achilliden.

940 2321 1081 2363 Pyrrhus
1112 2326 1254 2351 materno
1283 2330 1396 2361 genere
1423 2320 1463 2350 ab
1486 2319 1615 2351 Achille

940 2370 1103 2406 oriundus,
1127 2376 1257 2412 paterno
1281 2370 1321 2400 ab
1343 2369 1496 2404 Hercule,
1517 2380 1616 2411 quum

941 2421 1091 2452 adversus
1107 2419 1304 2461 Antigonum
1319 2420 1422 2460 Argos
1442 2418 1613 2455 obsideret,

942 2482 1020 2503 anus
1037 2482 1053 2502 e
1069 2477 1153 2502 tecto
1173 2476 1322 2513 spectans
1340 2470 1440 2500 filium
1458 2469 1615 2511 prodeun-

942 2527 1006 2553 tem
1031 2521 1062 2552 in
1087 2521 1199 2558 aciem,
1223 2526 1255 2551 et
1282 2518 1423 2561 periculo
1448 2524 1616 2555 commota,

942 2579 1077 2614 utraque
1100 2582 1196 2602 manu
1223 2570 1364 2612 tegulam
1391 2568 1528 2605 demisit,
1553 2580 1617 2611 qua

943 2622 1145 2653 exanimatus
1160 2627 1207 2652 est
1217 2619 1366 2662 Pyrrhus,
1380 2625 1413 2650 ut
1423 2619 1616 2650 Plutarchus

942 2677 975 2703 et
991 2671 1159 2703 Cornelius
1174 2671 1325 2701 scribunt.
1349 2669 1445 2700 DoM.

989 2722 1064 2752 305.
1082 2721 1146 2752 Nec
1161 2727 1214 2750 tua
1230 2730 1319 2760 quam
1331 2719 1461 2760 Pyrrhi,
1472 2718 1552 2759 etc.]
1564 2718 1616 2750 De

946 2770 1066 2812 Pyrrho
1108 2769 1318 2812 Neoptolemo
1363 2767 1616 2810 intelligendum,
