<?xml version="1.0" encoding="UTF-8"?>
<!DOCTYPE html PUBLIC "-//W3C//DTD XHTML 1.0 Transitional//EN"
    "http://www.w3.org/TR/xhtml1/DTD/xhtml1-transitional.dtd">
<html xmlns="http://www.w3.org/1999/xhtml" xml:lang="en" lang="en">
 <head>
  <title>
</title>
<meta http-equiv="Content-Type" content="text/html;charset=utf-8" />
  <meta name='ocr-system' content='tesseract 3.04.00' />
  <meta name='ocr-capabilities' content='ocr_page ocr_carea ocr_par ocr_line ocrx_word'/>
</head>
<body>
  <div class='ocr_page' id='page_1' title='image "./povidiinasonisop05oviduoft_0350.png"; bbox 0 0 1809 3220; ppageno 0'>
   <div class='ocr_carea' id='block_1_1' title="bbox 199 163 1214 208">
    <p class='ocr_par' dir='ltr' id='par_1_1' title="bbox 199 163 1214 208">
     <span class='ocr_line' id='line_1_1' title="bbox 199 163 1214 208; baseline 0 0"><span class='ocrx_word' id='word_1_1' title='bbox 199 165 287 208; x_wconf 75' lang='grc'>322</span> <span class='ocrx_word' id='word_1_2' title='bbox 588 165 639 206; x_wconf 93' lang='lat' dir='ltr'>P.</span> <span class='ocrx_word' id='word_1_3' title='bbox 675 163 893 206; x_wconf 92' lang='lat' dir='ltr'>OVIDII</span> <span class='ocrx_word' id='word_1_4' title='bbox 930 163 1214 208; x_wconf 91' lang='lat' dir='ltr'><strong>NASONIS</strong></span> 
     </span>
    </p>
   </div>
   <div class='ocr_carea' id='block_1_2' title="bbox 203 281 1629 1372">
    <p class='ocr_par' dir='ltr' id='par_1_2' title="bbox 203 281 1629 1372">
     <span class='ocr_line' id='line_1_2' title="bbox 207 281 1624 347; baseline 0 -16"><span class='ocrx_word' id='word_1_5' title='bbox 207 282 357 331; x_wconf 90' lang='lat' dir='ltr'>Nunc</span> <span class='ocrx_word' id='word_1_6' title='bbox 382 298 605 347; x_wconf 90' lang='lat' dir='ltr'>quoque,</span> <span class='ocrx_word' id='word_1_7' title='bbox 629 298 788 345; x_wconf 88' lang='lat' dir='ltr'>quum</span> <span class='ocrx_word' id='word_1_8' title='bbox 814 282 943 329; x_wconf 85' lang='lat' dir='ltr'>fiunt</span> <span class='ocrx_word' id='word_1_9' title='bbox 968 281 1191 346; x_wconf 85' lang='lat' dir='ltr'>antiquae</span> <span class='ocrx_word' id='word_1_10' title='bbox 1219 299 1364 331; x_wconf 88' lang='lat' dir='ltr'>sacra</span> <span class='ocrx_word' id='word_1_11' title='bbox 1383 282 1624 340; x_wconf 87' lang='lat' dir='ltr'>Vacunae,</span> 
     </span>
     <span class='ocr_line' id='line_1_3' title="bbox 273 361 1482 426; baseline 0 -16"><span class='ocrx_word' id='word_1_12' title='bbox 273 362 408 410; x_wconf 88' lang='lat' dir='ltr'>Ante</span> <span class='ocrx_word' id='word_1_13' title='bbox 435 361 721 410; x_wconf 83' lang='lat' dir='ltr'>Vacunales</span> <span class='ocrx_word' id='word_1_14' title='bbox 747 367 987 424; x_wconf 85' lang='lat' dir='ltr'>stantque</span> <span class='ocrx_word' id='word_1_15' title='bbox 1014 361 1298 426; x_wconf 86' lang='lat' dir='ltr'>sedentque</span> <span class='ocrx_word' id='word_1_16' title='bbox 1325 361 1482 410; x_wconf 90' lang='lat' dir='ltr'>focos.</span> 
     </span>
     <span class='ocr_line' id='line_1_4' title="bbox 203 438 1465 502; baseline -0.001 -14"><span class='ocrx_word' id='word_1_17' title='bbox 203 441 358 489; x_wconf 85' lang='lat' dir='ltr'>Venit</span> <span class='ocrx_word' id='word_1_18' title='bbox 382 441 432 488; x_wconf 94' lang='lat' dir='ltr'>in</span> <span class='ocrx_word' id='word_1_19' title='bbox 458 440 549 488; x_wconf 87' lang='lat' dir='ltr'>hos</span> <span class='ocrx_word' id='word_1_20' title='bbox 577 456 734 487; x_wconf 90' lang='lat' dir='ltr'>annos</span> <span class='ocrx_word' id='word_1_21' title='bbox 761 438 954 502; x_wconf 91' lang='lat' dir='ltr'>aliquid</span> <span class='ocrx_word' id='word_1_22' title='bbox 979 438 1044 487; x_wconf 92' lang='lat' dir='ltr'>de</span> <span class='ocrx_word' id='word_1_23' title='bbox 1070 455 1209 487; x_wconf 89' lang='lat' dir='ltr'>more</span> <span class='ocrx_word' id='word_1_24' title='bbox 1234 447 1465 488; x_wconf 85' lang='lat' dir='ltr'>vetusto:</span> 
     </span>
     <span class='ocr_line' id='line_1_5' title="bbox 273 517 1629 582; baseline -0.001 -15"><span class='ocrx_word' id='word_1_25' title='bbox 273 519 393 567; x_wconf 83' lang='lat' dir='ltr'><strong>Fert</strong></span> <span class='ocrx_word' id='word_1_26' title='bbox 418 517 599 566; x_wconf 87' lang='lat' dir='ltr'>missos</span> <span class='ocrx_word' id='word_1_27' title='bbox 626 517 799 566; x_wconf 87' lang='lat' dir='ltr'>Vestae</span> <span class='ocrx_word' id='word_1_28' title='bbox 827 533 953 582; x_wconf 89' lang='lat' dir='ltr'>pura</span> <span class='ocrx_word' id='word_1_29' title='bbox 979 518 1168 582; x_wconf 87' lang='lat' dir='ltr'>patella</span> <span class='ocrx_word' id='word_1_30' title='bbox 1193 518 1351 566; x_wconf 91' lang='lat' dir='ltr'>cibos.</span> <span class='ocrx_word' id='word_1_31' title='bbox 1529 521 1629 566; x_wconf 90' lang='lat'>310</span> 
     </span>
     <span class='ocr_line' id='line_1_6' title="bbox 206 596 1326 662; baseline -0.002 -16"><span class='ocrx_word' id='word_1_32' title='bbox 206 597 360 653; x_wconf 89' lang='lat' dir='ltr'>Ecce,</span> <span class='ocrx_word' id='word_1_33' title='bbox 389 596 641 645; x_wconf 88' lang='lat' dir='ltr'>coronatis</span> <span class='ocrx_word' id='word_1_34' title='bbox 668 597 813 662; x_wconf 90' lang='lat' dir='ltr'>panis</span> <span class='ocrx_word' id='word_1_35' title='bbox 839 597 1101 661; x_wconf 79' lang='lat' dir='ltr'>dependet</span> <span class='ocrx_word' id='word_1_36' title='bbox 1127 597 1326 653; x_wconf 84' lang='lat' dir='ltr'>asellis;</span> 
     </span>
     <span class='ocr_line' id='line_1_7' title="bbox 275 676 1332 725; baseline -0.002 -1"><span class='ocrx_word' id='word_1_37' title='bbox 275 676 341 725; x_wconf 87' lang='lat' dir='ltr'>Et</span> <span class='ocrx_word' id='word_1_38' title='bbox 367 677 535 724; x_wconf 85' lang='lat' dir='ltr'>velant</span> <span class='ocrx_word' id='word_1_39' title='bbox 559 677 765 724; x_wconf 86' lang='lat' dir='ltr'>scabras</span> <span class='ocrx_word' id='word_1_40' title='bbox 791 676 970 724; x_wconf 86' lang='lat' dir='ltr'>florida</span> <span class='ocrx_word' id='word_1_41' title='bbox 996 683 1130 724; x_wconf 82' lang='lat' dir='ltr'>serta</span> <span class='ocrx_word' id='word_1_42' title='bbox 1157 676 1332 723; x_wconf 85' lang='lat' dir='ltr'>molas.</span> 
     </span>
     <span class='ocr_line' id='line_1_8' title="bbox 205 752 1334 820; baseline 0 -18"><span class='ocrx_word' id='word_1_43' title='bbox 205 754 325 803; x_wconf 86' lang='lat' dir='ltr'>Sola</span> <span class='ocrx_word' id='word_1_44' title='bbox 350 756 489 820; x_wconf 86' lang='lat' dir='ltr'>prius</span> <span class='ocrx_word' id='word_1_45' title='bbox 515 752 672 803; x_wconf 88' lang='lat' dir='ltr'>furnis</span> <span class='ocrx_word' id='word_1_46' title='bbox 701 755 961 803; x_wconf 80' lang='lat' dir='ltr'>torrebant</span> <span class='ocrx_word' id='word_1_47' title='bbox 987 754 1116 803; x_wconf 87' lang='lat' dir='ltr'>farra</span> <span class='ocrx_word' id='word_1_48' title='bbox 1140 755 1334 812; x_wconf 87' lang='lat' dir='ltr'>coloni;</span> 
     </span>
     <span class='ocr_line' id='line_1_9' title="bbox 276 833 1216 883; baseline 0.001 -2"><span class='ocrx_word' id='word_1_49' title='bbox 276 833 343 882; x_wconf 86' lang='lat' dir='ltr'>Et</span> <span class='ocrx_word' id='word_1_50' title='bbox 369 834 632 882; x_wconf 80' lang='lat' dir='ltr'>Fornacali</span> <span class='ocrx_word' id='word_1_51' title='bbox 660 841 779 882; x_wconf 88' lang='lat' dir='ltr'>sunt</span> <span class='ocrx_word' id='word_1_52' title='bbox 804 851 896 882; x_wconf 85' lang='lat' dir='ltr'>sua</span> <span class='ocrx_word' id='word_1_53' title='bbox 922 851 1065 882; x_wconf 85' lang='lat' dir='ltr'>sacra</span> <span class='ocrx_word' id='word_1_54' title='bbox 1090 835 1216 883; x_wconf 78' lang='lat' dir='ltr'>deae.</span> 
     </span>
     <span class='ocr_line' id='line_1_10' title="bbox 206 911 1628 978; baseline 0.001 -19"><span class='ocrx_word' id='word_1_55' title='bbox 206 911 538 977; x_wconf 76' lang='lat' dir='ltr'>Subpositam</span> <span class='ocrx_word' id='word_1_56' title='bbox 565 913 718 960; x_wconf 90' lang='lat' dir='ltr'>cineri</span> <span class='ocrx_word' id='word_1_57' title='bbox 747 929 932 978; x_wconf 88' lang='lat' dir='ltr'>panem</span> <span class='ocrx_word' id='word_1_58' title='bbox 959 913 1100 961; x_wconf 84' lang='lat' dir='ltr'>focus</span> <span class='ocrx_word' id='word_1_59' title='bbox 1128 913 1236 977; x_wconf 85' lang='lat' dir='ltr'>ipse</span> <span class='ocrx_word' id='word_1_60' title='bbox 1265 913 1504 978; x_wconf 87' lang='lat' dir='ltr'>parabat;</span> <span class='ocrx_word' id='word_1_61' title='bbox 1528 916 1628 960; x_wconf 87' lang='lat'>315</span> 
     </span>
     <span class='ocr_line' id='line_1_11' title="bbox 275 990 1447 1056; baseline 0.003 -19"><span class='ocrx_word' id='word_1_62' title='bbox 275 990 550 1055; x_wconf 81' lang='lat' dir='ltr'>Strataque</span> <span class='ocrx_word' id='word_1_63' title='bbox 577 1001 685 1040; x_wconf 86' lang='lat' dir='ltr'>erat</span> <span class='ocrx_word' id='word_1_64' title='bbox 712 992 884 1056; x_wconf 87' lang='lat' dir='ltr'>tepido</span> <span class='ocrx_word' id='word_1_65' title='bbox 912 993 1085 1055; x_wconf 81' lang='lat' dir='ltr'>tegula</span> <span class='ocrx_word' id='word_1_66' title='bbox 1110 1009 1298 1056; x_wconf 85' lang='lat' dir='ltr'>quassa</span> <span class='ocrx_word' id='word_1_67' title='bbox 1323 992 1447 1040; x_wconf 87' lang='lat' dir='ltr'>solo.</span> 
     </span>
     <span class='ocr_line' id='line_1_12' title="bbox 204 1068 1576 1136; baseline 0.001 -20"><span class='ocrx_word' id='word_1_68' title='bbox 204 1068 331 1119; x_wconf 91' lang='lat' dir='ltr'>Inde</span> <span class='ocrx_word' id='word_1_69' title='bbox 357 1069 525 1119; x_wconf 89' lang='lat' dir='ltr'>focum</span> <span class='ocrx_word' id='word_1_70' title='bbox 552 1079 716 1119; x_wconf 84' lang='lat' dir='ltr'>servat</span> <span class='ocrx_word' id='word_1_71' title='bbox 742 1072 916 1136; x_wconf 78' lang='lat' dir='ltr'>pistor,</span> <span class='ocrx_word' id='word_1_72' title='bbox 945 1071 1308 1134; x_wconf 87' lang='lat' dir='ltr'>dominamque</span> <span class='ocrx_word' id='word_1_73' title='bbox 1335 1070 1576 1127; x_wconf 82' lang='lat' dir='ltr'>focorum,</span> 
     </span>
     <span class='ocr_line' id='line_1_13' title="bbox 272 1148 1350 1216; baseline 0.002 -20"><span class='ocrx_word' id='word_1_74' title='bbox 272 1148 339 1197; x_wconf 87' lang='lat' dir='ltr'>Et</span> <span class='ocrx_word' id='word_1_75' title='bbox 364 1167 477 1214; x_wconf 85' lang='lat' dir='ltr'>quae</span> <span class='ocrx_word' id='word_1_76' title='bbox 505 1151 766 1216; x_wconf 84' lang='lat' dir='ltr'>pumiceas</span> <span class='ocrx_word' id='word_1_77' title='bbox 792 1157 962 1199; x_wconf 85' lang='lat' dir='ltr'>versat</span> <span class='ocrx_word' id='word_1_78' title='bbox 988 1150 1146 1198; x_wconf 82' lang='lat' dir='ltr'>asella</span> <span class='ocrx_word' id='word_1_79' title='bbox 1173 1150 1350 1198; x_wconf 89' lang='lat' dir='ltr'>molas.</span> 
     </span>
     <span class='ocr_line' id='line_1_14' title="bbox 204 1226 1566 1293; baseline 0.001 -19"><span class='ocrx_word' id='word_1_80' title='bbox 204 1226 528 1285; x_wconf 70' lang='lat' dir='ltr'>praeteream,</span> <span class='ocrx_word' id='word_1_81' title='bbox 558 1228 836 1278; x_wconf 86' lang='lat' dir='ltr'>referamne</span> <span class='ocrx_word' id='word_1_82' title='bbox 864 1236 1025 1286; x_wconf 86' lang='lat' dir='ltr'>tuum,</span> <span class='ocrx_word' id='word_1_83' title='bbox 1056 1228 1337 1276; x_wconf 87' lang='lat' dir='ltr'>rubicunde</span> <span class='ocrx_word' id='word_1_84' title='bbox 1367 1227 1566 1293; x_wconf 90' lang='lat' dir='ltr'>Priape,</span> 
     </span>
     <span class='ocr_line' id='line_1_15' title="bbox 273 1306 1625 1372; baseline -0.001 -18"><span class='ocrx_word' id='word_1_85' title='bbox 273 1306 547 1355; x_wconf 77' lang='lat' dir='ltr'>Dedecus?</span> <span class='ocrx_word' id='word_1_86' title='bbox 586 1316 664 1355; x_wconf 88' lang='lat' dir='ltr'>est</span> <span class='ocrx_word' id='word_1_87' title='bbox 690 1307 832 1355; x_wconf 89' lang='lat' dir='ltr'>multi</span> <span class='ocrx_word' id='word_1_88' title='bbox 859 1306 1031 1355; x_wconf 88' lang='lat' dir='ltr'>fabula</span> <span class='ocrx_word' id='word_1_89' title='bbox 1057 1307 1207 1372; x_wconf 86' lang='lat' dir='ltr'>plena</span> <span class='ocrx_word' id='word_1_90' title='bbox 1225 1306 1358 1371; x_wconf 76' lang='lat' dir='ltr'>Joci:</span> <span class='ocrx_word' id='word_1_91' title='bbox 1524 1308 1625 1354; x_wconf 83' lang='lat'>320</span> 
     </span>
    </p>
   </div>
   <div class='ocr_carea' id='block_1_3' title="bbox 196 1462 877 2806">
    <p class='ocr_par' dir='ltr' id='par_1_3' title="bbox 200 1462 877 1555">
     <span class='ocr_line' id='line_1_16' title="bbox 200 1462 877 1507; baseline 0.004 -14"><span class='ocrx_word' id='word_1_92' title='bbox 200 1462 371 1503; x_wconf 82' lang='lat' dir='ltr'>mundam3</span> <span class='ocrx_word' id='word_1_93' title='bbox 397 1475 592 1507; x_wconf 89' lang='lat' dir='ltr'>quamquam</span> <span class='ocrx_word' id='word_1_94' title='bbox 606 1476 720 1505; x_wconf 79' lang='lat' dir='ltr'>purum</span> <span class='ocrx_word' id='word_1_95' title='bbox 737 1471 769 1496; x_wconf 86' lang='lat' dir='ltr'>et</span> <span class='ocrx_word' id='word_1_96' title='bbox 784 1476 877 1497; x_wconf 86' lang='lat' dir='ltr'>omne</span> 
     </span>
     <span class='ocr_line' id='line_1_17' title="bbox 200 1511 722 1555; baseline 0.004 -12"><span class='ocrx_word' id='word_1_97' title='bbox 200 1511 245 1548; x_wconf 88' lang='lat' dir='ltr'>id,</span> <span class='ocrx_word' id='word_1_98' title='bbox 262 1513 347 1555; x_wconf 94' lang='lat' dir='ltr'>quod</span> <span class='ocrx_word' id='word_1_99' title='bbox 360 1515 454 1545; x_wconf 86' lang='lat' dir='ltr'>rebus</span> <span class='ocrx_word' id='word_1_100' title='bbox 469 1514 566 1545; x_wconf 82' lang='lat' dir='ltr'>sacris</span> <span class='ocrx_word' id='word_1_101' title='bbox 581 1515 722 1546; x_wconf 80' lang='lat' dir='ltr'>inservit.</span> 
     </span>
    </p>

    <p class='ocr_par' dir='ltr' id='par_1_4' title="bbox 196 1563 877 2806">
     <span class='ocr_line' id='line_1_18' title="bbox 246 1563 877 1595; baseline 0.003 -2"><span class='ocrx_word' id='word_1_102' title='bbox 246 1563 322 1594; x_wconf 85' lang='lat'>311.</span> <span class='ocrx_word' id='word_1_103' title='bbox 347 1563 471 1595; x_wconf 82' lang='lat' dir='ltr'>Diebus</span> <span class='ocrx_word' id='word_1_104' title='bbox 488 1563 607 1595; x_wconf 84' lang='lat' dir='ltr'>seriatis</span> <span class='ocrx_word' id='word_1_105' title='bbox 621 1564 715 1595; x_wconf 86' lang='lat' dir='ltr'>etiam</span> <span class='ocrx_word' id='word_1_106' title='bbox 734 1564 877 1595; x_wconf 85' lang='lat' dir='ltr'>animan-</span> 
     </span>
     <span class='ocr_line' id='line_1_19' title="bbox 201 1611 876 1657; baseline 0.004 -14"><span class='ocrx_word' id='word_1_107' title='bbox 201 1611 246 1643; x_wconf 86' lang='lat' dir='ltr'>tia</span> <span class='ocrx_word' id='word_1_108' title='bbox 275 1614 415 1644; x_wconf 90' lang='lat' dir='ltr'>coronari</span> <span class='ocrx_word' id='word_1_109' title='bbox 445 1614 602 1649; x_wconf 85' lang='lat' dir='ltr'>solebant,</span> <span class='ocrx_word' id='word_1_110' title='bbox 630 1620 665 1646; x_wconf 93' lang='lat' dir='ltr'>ut</span> <span class='ocrx_word' id='word_1_111' title='bbox 687 1614 829 1657; x_wconf 88' lang='lat' dir='ltr'>juvenci,</span> <span class='ocrx_word' id='word_1_112' title='bbox 857 1615 876 1646; x_wconf 88' lang='lat' dir='ltr'>i.</span> 
     </span>
     <span class='ocr_line' id='line_1_20' title="bbox 200 1664 876 1700; baseline 0.004 -7"><span class='ocrx_word' id='word_1_113' title='bbox 200 1664 275 1694; x_wconf 86' lang='lat'>663.</span> <span class='ocrx_word' id='word_1_114' title='bbox 291 1664 402 1700; x_wconf 91' lang='lat' dir='ltr'>catuli,</span> <span class='ocrx_word' id='word_1_115' title='bbox 418 1671 480 1695; x_wconf 87' lang='lat' dir='ltr'>etc.</span> <span class='ocrx_word' id='word_1_116' title='bbox 530 1664 610 1696; x_wconf 74' lang='lat' dir='ltr'>Vide</span> <span class='ocrx_word' id='word_1_117' title='bbox 629 1665 823 1696; x_wconf 85' lang='lat' dir='ltr'>Wernsdorf.</span> <span class='ocrx_word' id='word_1_118' title='bbox 837 1664 876 1696; x_wconf 89' lang='lat' dir='ltr'>ad</span> 
     </span>
     <span class='ocr_line' id='line_1_21' title="bbox 201 1712 877 1757; baseline 0.004 -14"><span class='ocrx_word' id='word_1_119' title='bbox 201 1712 316 1744; x_wconf 87' lang='lat' dir='ltr'>Poetas</span> <span class='ocrx_word' id='word_1_120' title='bbox 341 1713 452 1745; x_wconf 88' lang='lat' dir='ltr'>minor.</span> <span class='ocrx_word' id='word_1_121' title='bbox 474 1721 549 1745; x_wconf 88' lang='lat' dir='ltr'>tom.</span> <span class='ocrx_word' id='word_1_122' title='bbox 573 1715 595 1745; x_wconf 90' lang='lat' dir='ltr'>i.</span> <span class='ocrx_word' id='word_1_123' title='bbox 612 1725 685 1757; x_wconf 85' lang='lat' dir='ltr'>pag.</span> <span class='ocrx_word' id='word_1_124' title='bbox 701 1715 776 1746; x_wconf 80' lang='lat'>253.</span> <span class='ocrx_word' id='word_1_125' title='bbox 823 1714 877 1746; x_wconf 86' lang='lat' dir='ltr'>Ad</span> 
     </span>
     <span class='ocr_line' id='line_1_22' title="bbox 202 1764 875 1807; baseline 0.004 -14"><span class='ocrx_word' id='word_1_126' title='bbox 202 1769 342 1794; x_wconf 85' lang='lat' dir='ltr'>nostrum</span> <span class='ocrx_word' id='word_1_127' title='bbox 365 1764 469 1796; x_wconf 87' lang='lat' dir='ltr'>locum</span> <span class='ocrx_word' id='word_1_128' title='bbox 490 1765 629 1807; x_wconf 81' lang='lat' dir='ltr'>pertinet</span> <span class='ocrx_word' id='word_1_129' title='bbox 653 1765 796 1807; x_wconf 86' lang='lat' dir='ltr'>Propert.</span> <span class='ocrx_word' id='word_1_130' title='bbox 812 1765 875 1796; x_wconf 81' lang='lat' dir='ltr'>IV.</span> 
     </span>
     <span class='ocr_line' id='line_1_23' title="bbox 200 1811 875 1857; baseline 0.004 -14"><span class='ocrx_word' id='word_1_131' title='bbox 200 1811 223 1843; x_wconf 93' lang='lat' dir='ltr'>i.</span> <span class='ocrx_word' id='word_1_132' title='bbox 252 1814 306 1844; x_wconf 85' lang='lat'>21.</span> <span class='ocrx_word' id='word_1_133' title='bbox 337 1813 390 1844; x_wconf 92' lang='lat' dir='ltr'>ubi</span> <span class='ocrx_word' id='word_1_134' title='bbox 421 1814 461 1845; x_wconf 92' lang='lat' dir='ltr'>de</span> <span class='ocrx_word' id='word_1_135' title='bbox 491 1814 631 1856; x_wconf 78' lang='lat' dir='ltr'>antiquis</span> <span class='ocrx_word' id='word_1_136' title='bbox 660 1815 875 1857; x_wconf 82' lang='lat' dir='ltr'>temporibus:</span> 
     </span>
     <span class='ocr_line' id='line_1_24' title="bbox 199 1863 877 1908; baseline 0.003 -14"><span class='ocrx_word' id='word_1_137' title='bbox 199 1867 219 1880; x_wconf 89' lang='lat'><em>“</em></span> <span class='ocrx_word' id='word_1_138' title='bbox 246 1863 348 1895; x_wconf 87' lang='lat' dir='ltr'>Vesta</span> <span class='ocrx_word' id='word_1_139' title='bbox 377 1865 534 1896; x_wconf 86' lang='lat' dir='ltr'>coronatis</span> <span class='ocrx_word' id='word_1_140' title='bbox 564 1876 684 1908; x_wconf 86' lang='lat' dir='ltr'>pauper</span> <span class='ocrx_word' id='word_1_141' title='bbox 713 1865 877 1907; x_wconf 80' lang='lat' dir='ltr'>gaudebat</span> 
     </span>
     <span class='ocr_line' id='line_1_25' title="bbox 201 1913 875 1958; baseline 0.003 -14"><span class='ocrx_word' id='word_1_142' title='bbox 201 1913 342 1945; x_wconf 86' lang='lat' dir='ltr'>asellis.&#39;&#39;</span> <span class='ocrx_word' id='word_1_143' title='bbox 390 1915 494 1946; x_wconf 82' lang='lat' dir='ltr'>Recte</span> <span class='ocrx_word' id='word_1_144' title='bbox 518 1914 675 1956; x_wconf 79' lang='lat' dir='ltr'>Neapolis</span> <span class='ocrx_word' id='word_1_145' title='bbox 698 1921 801 1958; x_wconf 88' lang='lat' dir='ltr'>putat,</span> <span class='ocrx_word' id='word_1_146' title='bbox 819 1927 875 1956; x_wconf 81' lang='lat' dir='ltr'>pa-</span> 
     </span>
     <span class='ocr_line' id='line_1_26' title="bbox 200 1964 874 2004; baseline 0.003 -10"><span class='ocrx_word' id='word_1_147' title='bbox 200 1975 268 1994; x_wconf 82' lang='lat' dir='ltr'>nem</span> <span class='ocrx_word' id='word_1_148' title='bbox 282 1965 498 2004; x_wconf 73' lang='lat' dir='ltr'>dependentem</span> <span class='ocrx_word' id='word_1_149' title='bbox 511 1964 659 1996; x_wconf 85' lang='lat' dir='ltr'>habuisse</span> <span class='ocrx_word' id='word_1_150' title='bbox 677 1966 806 1996; x_wconf 80' lang='lat' dir='ltr'>formam</span> <span class='ocrx_word' id='word_1_151' title='bbox 824 1977 874 1996; x_wconf 88' lang='lat' dir='ltr'>co-</span> 
     </span>
     <span class='ocr_line' id='line_1_27' title="bbox 201 2015 877 2053; baseline 0.004 -10"><span class='ocrx_word' id='word_1_152' title='bbox 201 2023 306 2052; x_wconf 78' lang='lat' dir='ltr'>ronae3</span> <span class='ocrx_word' id='word_1_153' title='bbox 335 2024 401 2044; x_wconf 92' lang='lat' dir='ltr'>ver.</span> <span class='ocrx_word' id='word_1_154' title='bbox 429 2015 511 2044; x_wconf 85' lang='lat'>347:</span> <span class='ocrx_word' id='word_1_155' title='bbox 544 2017 581 2045; x_wconf 86' lang='lat' dir='ltr'>de</span> <span class='ocrx_word' id='word_1_156' title='bbox 608 2026 688 2053; x_wconf 81' lang='lat' dir='ltr'>pane</span> <span class='ocrx_word' id='word_1_157' title='bbox 717 2017 877 2047; x_wconf 66' lang='lat' dir='ltr'>monilibus</span> 
     </span>
     <span class='ocr_line' id='line_1_28' title="bbox 200 2063 875 2100; baseline 0.006 -7"><span class='ocrx_word' id='word_1_158' title='bbox 200 2074 302 2094; x_wconf 83' lang='lat' dir='ltr'>ornas.</span> <span class='ocrx_word' id='word_1_159' title='bbox 350 2063 549 2100; x_wconf 87' lang='lat' dir='ltr'>Lactantius,</span> <span class='ocrx_word' id='word_1_160' title='bbox 573 2064 653 2095; x_wconf 88' lang='lat' dir='ltr'>Inst.</span> <span class='ocrx_word' id='word_1_161' title='bbox 679 2065 705 2095; x_wconf 86' lang='grc' dir='ltr'>Ι.</span> <span class='ocrx_word' id='word_1_162' title='bbox 731 2065 795 2096; x_wconf 88' lang='lat' dir='ltr'>xxi.</span> <span class='ocrx_word' id='word_1_163' title='bbox 813 2066 875 2097; x_wconf 82' lang='lat'>26:</span> 
     </span>
     <span class='ocr_line' id='line_1_29' title="bbox 199 2111 875 2156; baseline 0.007 -14"><span class='ocrx_word' id='word_1_164' title='bbox 199 2111 360 2143; x_wconf 86' lang='lat' dir='ltr'>“asinum</span> <span class='ocrx_word' id='word_1_165' title='bbox 396 2113 582 2145; x_wconf 81' lang='lat' dir='ltr'>Vestalibus</span> <span class='ocrx_word' id='word_1_166' title='bbox 615 2115 752 2156; x_wconf 88' lang='lat' dir='ltr'>panibus</span> <span class='ocrx_word' id='word_1_167' title='bbox 789 2126 875 2147; x_wconf 89' lang='lat' dir='ltr'>coro-</span> 
     </span>
     <span class='ocr_line' id='line_1_30' title="bbox 200 2162 876 2206; baseline 0.003 -11"><span class='ocrx_word' id='word_1_168' title='bbox 200 2162 303 2195; x_wconf 83' lang='lat' dir='ltr'>nari.&#39;’</span> <span class='ocrx_word' id='word_1_169' title='bbox 332 2164 538 2206; x_wconf 84' lang='lat' dir='ltr'>Quamquam</span> <span class='ocrx_word' id='word_1_170' title='bbox 557 2170 587 2196; x_wconf 84' lang='lat' dir='ltr'>et</span> <span class='ocrx_word' id='word_1_171' title='bbox 604 2165 695 2196; x_wconf 85' lang='lat' dir='ltr'>flores</span> <span class='ocrx_word' id='word_1_172' title='bbox 711 2165 876 2197; x_wconf 75' lang='lat' dir='ltr'>addeban-</span> 
     </span>
     <span class='ocr_line' id='line_1_31' title="bbox 200 2215 876 2251; baseline 0.006 -8"><span class='ocrx_word' id='word_1_173' title='bbox 200 2218 250 2243; x_wconf 86' lang='lat' dir='ltr'>tur</span> <span class='ocrx_word' id='word_1_174' title='bbox 265 2224 273 2251; x_wconf 86' lang='lat'>;</span> <span class='ocrx_word' id='word_1_175' title='bbox 299 2224 363 2245; x_wconf 88' lang='lat' dir='ltr'>ver.</span> <span class='ocrx_word' id='word_1_176' title='bbox 380 2215 454 2245; x_wconf 87' lang='lat'>469.</span> <span class='ocrx_word' id='word_1_177' title='bbox 491 2215 589 2246; x_wconf 84' lang='lat' dir='ltr'>Erant</span> <span class='ocrx_word' id='word_1_178' title='bbox 605 2221 712 2247; x_wconf 87' lang='lat' dir='ltr'>autem</span> <span class='ocrx_word' id='word_1_179' title='bbox 728 2216 876 2248; x_wconf 86' lang='lat' dir='ltr'>molitorii</span> 
     </span>
     <span class='ocr_line' id='line_1_32' title="bbox 200 2262 873 2306; baseline 0.007 -13"><span class='ocrx_word' id='word_1_180' title='bbox 200 2262 294 2300; x_wconf 89' lang='lat' dir='ltr'>asini,</span> <span class='ocrx_word' id='word_1_181' title='bbox 321 2264 437 2306; x_wconf 91' lang='lat' dir='ltr'>quibus</span> <span class='ocrx_word' id='word_1_182' title='bbox 463 2265 495 2296; x_wconf 89' lang='lat' dir='ltr'>id</span> <span class='ocrx_word' id='word_1_183' title='bbox 523 2265 648 2297; x_wconf 85' lang='lat' dir='ltr'>honoris</span> <span class='ocrx_word' id='word_1_184' title='bbox 676 2265 873 2305; x_wconf 83' lang='lat' dir='ltr'>habebatur3</span> 
     </span>
     <span class='ocr_line' id='line_1_33' title="bbox 200 2312 875 2348; baseline 0.007 -5"><span class='ocrx_word' id='word_1_185' title='bbox 200 2312 285 2344; x_wconf 89' lang='lat' dir='ltr'>unde</span> <span class='ocrx_word' id='word_1_186' title='bbox 301 2319 331 2344; x_wconf 86' lang='lat' dir='ltr'>et</span> <span class='ocrx_word' id='word_1_187' title='bbox 348 2315 431 2345; x_wconf 66' lang='lat' dir='ltr'>molar</span> <span class='ocrx_word' id='word_1_188' title='bbox 445 2314 618 2346; x_wconf 88' lang='lat' dir='ltr'>adduntur.</span> <span class='ocrx_word' id='word_1_189' title='bbox 668 2316 731 2347; x_wconf 86' lang='lat' dir='ltr'>Eas</span> <span class='ocrx_word' id='word_1_190' title='bbox 751 2322 783 2347; x_wconf 89' lang='lat' dir='ltr'>et</span> <span class='ocrx_word' id='word_1_191' title='bbox 799 2317 875 2348; x_wconf 90' lang='lat' dir='ltr'>alibi</span> 
     </span>
     <span class='ocr_line' id='line_1_34' title="bbox 202 2365 873 2403; baseline 0.007 -10"><span class='ocrx_word' id='word_1_192' title='bbox 202 2365 322 2394; x_wconf 83' lang='lat' dir='ltr'>scabras</span> <span class='ocrx_word' id='word_1_193' title='bbox 345 2370 453 2403; x_wconf 89' lang='lat' dir='ltr'>vocat;</span> <span class='ocrx_word' id='word_1_194' title='bbox 482 2366 550 2396; x_wconf 84' lang='lat' dir='ltr'>Art.</span> <span class='ocrx_word' id='word_1_195' title='bbox 567 2366 708 2397; x_wconf 87' lang='lat' dir='ltr'>Amator.</span> <span class='ocrx_word' id='word_1_196' title='bbox 729 2365 774 2397; x_wconf 86' lang='lat' dir='ltr'>iii.</span> <span class='ocrx_word' id='word_1_197' title='bbox 790 2368 873 2398; x_wconf 88' lang='lat'>290:</span> 
     </span>
     <span class='ocr_line' id='line_1_35' title="bbox 196 2413 872 2458; baseline 0.007 -15"><span class='ocrx_word' id='word_1_198' title='bbox 196 2416 217 2430; x_wconf 91' lang='lat'><strong>“</strong></span> <span class='ocrx_word' id='word_1_199' title='bbox 233 2413 278 2444; x_wconf 92' lang='lat' dir='ltr'>Ut</span> <span class='ocrx_word' id='word_1_200' title='bbox 303 2413 389 2444; x_wconf 87' lang='lat' dir='ltr'>rudit</span> <span class='ocrx_word' id='word_1_201' title='bbox 413 2414 453 2446; x_wconf 92' lang='lat' dir='ltr'>ad</span> <span class='ocrx_word' id='word_1_202' title='bbox 477 2416 623 2446; x_wconf 84' lang='lat' dir='ltr'>scabram</span> <span class='ocrx_word' id='word_1_203' title='bbox 648 2415 748 2458; x_wconf 87' lang='lat' dir='ltr'>turpis</span> <span class='ocrx_word' id='word_1_204' title='bbox 772 2417 872 2448; x_wconf 89' lang='lat' dir='ltr'>asella</span> 
     </span>
     <span class='ocr_line' id='line_1_36' title="bbox 199 2462 874 2502; baseline 0.006 -9"><span class='ocrx_word' id='word_1_205' title='bbox 199 2462 316 2494; x_wconf 88' lang='lat' dir='ltr'>molam</span> <span class='ocrx_word' id='word_1_206' title='bbox 327 2462 358 2502; x_wconf 91' lang='lat'>;’&#39;</span> <span class='ocrx_word' id='word_1_207' title='bbox 372 2464 547 2495; x_wconf 84' lang='lat' dir='ltr'>Medicam.</span> <span class='ocrx_word' id='word_1_208' title='bbox 560 2465 679 2502; x_wconf 89' lang='lat' dir='ltr'>Faciei‚</span> <span class='ocrx_word' id='word_1_209' title='bbox 691 2467 748 2497; x_wconf 85' lang='lat'>58:</span> <span class='ocrx_word' id='word_1_210' title='bbox 763 2470 783 2483; x_wconf 89' lang='lat'><strong>“</strong></span> <span class='ocrx_word' id='word_1_211' title='bbox 792 2467 874 2498; x_wconf 86' lang='lat' dir='ltr'>Len-</span> 
     </span>
     <span class='ocr_line' id='line_1_37' title="bbox 200 2513 875 2556; baseline 0.004 -12"><span class='ocrx_word' id='word_1_212' title='bbox 200 2518 234 2545; x_wconf 89' lang='lat' dir='ltr'>ta</span> <span class='ocrx_word' id='word_1_213' title='bbox 252 2513 332 2555; x_wconf 80' lang='lat' dir='ltr'>jube</span> <span class='ocrx_word' id='word_1_214' title='bbox 356 2514 469 2545; x_wconf 85' lang='lat' dir='ltr'>scabra</span> <span class='ocrx_word' id='word_1_215' title='bbox 488 2514 612 2556; x_wconf 85' lang='lat' dir='ltr'>frangat</span> <span class='ocrx_word' id='word_1_216' title='bbox 633 2515 731 2546; x_wconf 87' lang='lat' dir='ltr'>asella</span> <span class='ocrx_word' id='word_1_217' title='bbox 755 2516 875 2548; x_wconf 88' lang='lat' dir='ltr'>mola.’&#39;</span> 
     </span>
     <span class='ocr_line' id='line_1_38' title="bbox 200 2563 873 2608; baseline 0.006 -14"><span class='ocrx_word' id='word_1_218' title='bbox 200 2563 308 2594; x_wconf 89' lang='lat' dir='ltr'>Causa</span> <span class='ocrx_word' id='word_1_219' title='bbox 323 2563 416 2606; x_wconf 88' lang='lat' dir='ltr'>hujus</span> <span class='ocrx_word' id='word_1_220' title='bbox 432 2563 577 2606; x_wconf 81' lang='lat' dir='ltr'>epitheti,</span> <span class='ocrx_word' id='word_1_221' title='bbox 591 2575 609 2595; x_wconf 88' lang='lat' dir='ltr'>e</span> <span class='ocrx_word' id='word_1_222' title='bbox 624 2565 758 2602; x_wconf 83' lang='lat' dir='ltr'>Seneca,</span> <span class='ocrx_word' id='word_1_223' title='bbox 771 2566 873 2608; x_wconf 89' lang='lat' dir='ltr'>Epist.</span> 
     </span>
     <span class='ocr_line' id='line_1_39' title="bbox 199 2613 873 2657; baseline 0.006 -12"><span class='ocrx_word' id='word_1_224' title='bbox 199 2614 254 2645; x_wconf 89' lang='lat'>90.</span> <span class='ocrx_word' id='word_1_225' title='bbox 269 2619 368 2656; x_wconf 84' lang='lat' dir='ltr'>patet,</span> <span class='ocrx_word' id='word_1_226' title='bbox 384 2613 438 2645; x_wconf 91' lang='lat' dir='ltr'>ubi</span> <span class='ocrx_word' id='word_1_227' title='bbox 462 2613 501 2645; x_wconf 91' lang='lat' dir='ltr'>de</span> <span class='ocrx_word' id='word_1_228' title='bbox 525 2615 671 2657; x_wconf 84' lang='lat' dir='ltr'>paneficii</span> <span class='ocrx_word' id='word_1_229' title='bbox 691 2615 873 2649; x_wconf 85' lang='lat' dir='ltr'>inventione</span> 
     </span>
     <span class='ocr_line' id='line_1_40' title="bbox 199 2662 870 2708; baseline 0.007 -15"><span class='ocrx_word' id='word_1_230' title='bbox 199 2662 283 2704; x_wconf 77' lang='lat' dir='ltr'>agit:</span> <span class='ocrx_word' id='word_1_231' title='bbox 309 2663 426 2705; x_wconf 87' lang='lat' dir='ltr'>aliquis</span> <span class='ocrx_word' id='word_1_232' title='bbox 449 2663 627 2706; x_wconf 86' lang='lat' dir='ltr'>“lapidem</span> <span class='ocrx_word' id='word_1_233' title='bbox 651 2675 796 2708; x_wconf 85' lang='lat' dir='ltr'>asperum</span> <span class='ocrx_word' id='word_1_234' title='bbox 822 2678 870 2698; x_wconf 84' lang='lat' dir='ltr'>as-</span> 
     </span>
     <span class='ocr_line' id='line_1_41' title="bbox 199 2713 871 2756; baseline 0.007 -13"><span class='ocrx_word' id='word_1_235' title='bbox 199 2723 274 2754; x_wconf 88' lang='lat' dir='ltr'>pero</span> <span class='ocrx_word' id='word_1_236' title='bbox 296 2713 446 2756; x_wconf 85' lang='lat' dir='ltr'>imposuit</span> <span class='ocrx_word' id='word_1_237' title='bbox 466 2713 506 2745; x_wconf 87' lang='lat' dir='ltr'>ad</span> <span class='ocrx_word' id='word_1_238' title='bbox 528 2714 768 2747; x_wconf 81' lang='lat' dir='ltr'>similitudinem</span> <span class='ocrx_word' id='word_1_239' title='bbox 793 2716 871 2748; x_wconf 88' lang='lat' dir='ltr'>den-</span> 
     </span>
     <span class='ocr_line' id='line_1_42' title="bbox 199 2762 869 2806; baseline 0.006 -13"><span class='ocrx_word' id='word_1_240' title='bbox 199 2762 316 2795; x_wconf 86' lang='lat' dir='ltr'>tium.&#39;&#39;</span> <span class='ocrx_word' id='word_1_241' title='bbox 363 2765 567 2806; x_wconf 87' lang='lat' dir='ltr'>Quamquam</span> <span class='ocrx_word' id='word_1_242' title='bbox 605 2770 637 2796; x_wconf 88' lang='lat' dir='ltr'>et</span> <span class='ocrx_word' id='word_1_243' title='bbox 675 2765 745 2797; x_wconf 82' lang='lat' dir='ltr'>aliae</span> <span class='ocrx_word' id='word_1_244' title='bbox 777 2766 869 2798; x_wconf 87' lang='lat' dir='ltr'>molae</span> 
     </span>
    </p>
   </div>
   <div class='ocr_carea' id='block_1_4' title="bbox 939 1463 1625 2807">
    <p class='ocr_par' dir='ltr' id='par_1_5' title="bbox 947 1463 1625 1705">
     <span class='ocr_line' id='line_1_43' title="bbox 947 1463 1625 1508; baseline -0.003 -12"><span class='ocrx_word' id='word_1_245' title='bbox 947 1471 1052 1508; x_wconf 88' lang='lat' dir='ltr'>partes</span> <span class='ocrx_word' id='word_1_246' title='bbox 1075 1466 1196 1500; x_wconf 78' lang='lat' dir='ltr'>sctlbrtl&#39;,</span> <span class='ocrx_word' id='word_1_247' title='bbox 1213 1464 1244 1495; x_wconf 89' lang='lat' dir='ltr'>id</span> <span class='ocrx_word' id='word_1_248' title='bbox 1269 1469 1329 1499; x_wconf 67' lang='lat' dir='ltr'>est,</span> <span class='ocrx_word' id='word_1_249' title='bbox 1349 1474 1410 1494; x_wconf 86' lang='lat' dir='ltr'>non</span> <span class='ocrx_word' id='word_1_250' title='bbox 1434 1463 1541 1500; x_wconf 87' lang='lat' dir='ltr'>laeves,</span> <span class='ocrx_word' id='word_1_251' title='bbox 1557 1473 1625 1494; x_wconf 88' lang='lat' dir='ltr'>esse</span> 
     </span>
     <span class='ocr_line' id='line_1_44' title="bbox 947 1513 1625 1557; baseline -0.003 -12"><span class='ocrx_word' id='word_1_252' title='bbox 947 1520 1133 1557; x_wconf 87' lang='lat' dir='ltr'>potuerunt.</span> <span class='ocrx_word' id='word_1_253' title='bbox 1180 1514 1231 1545; x_wconf 91' lang='lat' dir='ltr'>De</span> <span class='ocrx_word' id='word_1_254' title='bbox 1251 1515 1336 1544; x_wconf 80' lang='lat' dir='ltr'>molis</span> <span class='ocrx_word' id='word_1_255' title='bbox 1352 1520 1415 1544; x_wconf 85' lang='lat' dir='ltr'>tam</span> <span class='ocrx_word' id='word_1_256' title='bbox 1441 1513 1625 1550; x_wconf 88' lang='lat' dir='ltr'>manuariis,</span> 
     </span>
     <span class='ocr_line' id='line_1_45' title="bbox 947 1563 1623 1606; baseline -0.001 -11"><span class='ocrx_word' id='word_1_257' title='bbox 947 1574 1042 1606; x_wconf 84' lang='lat' dir='ltr'>quam</span> <span class='ocrx_word' id='word_1_258' title='bbox 1074 1563 1218 1595; x_wconf 83' lang='lat' dir='ltr'>asinariis</span> <span class='ocrx_word' id='word_1_259' title='bbox 1247 1570 1388 1595; x_wconf 83' lang='lat' dir='ltr'>veterum</span> <span class='ocrx_word' id='word_1_260' title='bbox 1421 1563 1491 1594; x_wconf 89' lang='lat' dir='ltr'>vide</span> <span class='ocrx_word' id='word_1_261' title='bbox 1519 1564 1623 1594; x_wconf 87' lang='lat' dir='ltr'>Beck-</span> 
     </span>
     <span class='ocr_line' id='line_1_46' title="bbox 947 1612 1622 1655; baseline 0 -11"><span class='ocrx_word' id='word_1_262' title='bbox 947 1624 1055 1645; x_wconf 88' lang='lat' dir='ltr'>manu.</span> <span class='ocrx_word' id='word_1_263' title='bbox 1077 1613 1109 1644; x_wconf 87' lang='lat' dir='ltr'>in</span> <span class='ocrx_word' id='word_1_264' title='bbox 1129 1612 1290 1655; x_wconf 87' lang='lat' dir='ltr'>Symbolis</span> <span class='ocrx_word' id='word_1_265' title='bbox 1313 1613 1354 1644; x_wconf 87' lang='lat' dir='ltr'>ad</span> <span class='ocrx_word' id='word_1_266' title='bbox 1380 1612 1543 1644; x_wconf 84' lang='lat' dir='ltr'>historiam</span> <span class='ocrx_word' id='word_1_267' title='bbox 1567 1614 1622 1644; x_wconf 90' lang='lat' dir='ltr'>In-</span> 
     </span>
     <span class='ocr_line' id='line_1_47' title="bbox 948 1662 1622 1705; baseline -0.001 -10"><span class='ocrx_word' id='word_1_268' title='bbox 948 1670 1033 1695; x_wconf 87' lang='lat' dir='ltr'>vent.</span> <span class='ocrx_word' id='word_1_269' title='bbox 1050 1663 1158 1695; x_wconf 87' lang='lat' dir='ltr'>vol.ii.</span> <span class='ocrx_word' id='word_1_270' title='bbox 1177 1674 1207 1705; x_wconf 90' lang='lat' dir='ltr'>p.</span> <span class='ocrx_word' id='word_1_271' title='bbox 1221 1664 1292 1694; x_wconf 86' lang='lat' dir='ltr'>l.et</span> <span class='ocrx_word' id='word_1_272' title='bbox 1307 1662 1360 1705; x_wconf 94' lang='lat' dir='ltr'>qui</span> <span class='ocrx_word' id='word_1_273' title='bbox 1378 1662 1421 1694; x_wconf 90' lang='lat' dir='ltr'>ibi</span> <span class='ocrx_word' id='word_1_274' title='bbox 1438 1662 1622 1694; x_wconf 85' lang='lat' dir='ltr'>laudantur.</span> 
     </span>
    </p>

    <p class='ocr_par' dir='ltr' id='par_1_6' title="bbox 942 1712 1624 2598">
     <span class='ocr_line' id='line_1_48' title="bbox 992 1712 1624 1756; baseline -0.002 -11"><span class='ocrx_word' id='word_1_275' title='bbox 992 1715 1069 1746; x_wconf 88' lang='lat'>313.</span> <span class='ocrx_word' id='word_1_276' title='bbox 1096 1714 1215 1746; x_wconf 79' lang='lat' dir='ltr'>Confer</span> <span class='ocrx_word' id='word_1_277' title='bbox 1231 1724 1302 1745; x_wconf 89' lang='lat' dir='ltr'>cum</span> <span class='ocrx_word' id='word_1_278' title='bbox 1319 1713 1368 1744; x_wconf 90' lang='lat' dir='ltr'>his</span> <span class='ocrx_word' id='word_1_279' title='bbox 1383 1712 1416 1745; x_wconf 88' lang='lat' dir='ltr'>ii.</span> <span class='ocrx_word' id='word_1_280' title='bbox 1428 1714 1491 1745; x_wconf 79' lang='lat'>519</span> <span class='ocrx_word' id='word_1_281' title='bbox 1506 1724 1578 1756; x_wconf 81' lang='lat' dir='ltr'>sqq.</span> <span class='ocrx_word' id='word_1_282' title='bbox 1591 1719 1624 1744; x_wconf 89' lang='lat' dir='ltr'>et</span> 
     </span>
     <span class='ocr_line' id='line_1_49' title="bbox 946 1764 1624 1807; baseline 0.001 -12"><span class='ocrx_word' id='word_1_283' title='bbox 946 1775 1018 1807; x_wconf 88' lang='lat' dir='ltr'>quae</span> <span class='ocrx_word' id='word_1_284' title='bbox 1044 1764 1086 1796; x_wconf 93' lang='lat' dir='ltr'>ibi</span> <span class='ocrx_word' id='word_1_285' title='bbox 1112 1770 1220 1796; x_wconf 90' lang='lat' dir='ltr'>notata</span> <span class='ocrx_word' id='word_1_286' title='bbox 1243 1770 1318 1796; x_wconf 83' lang='lat' dir='ltr'>sunt</span> <span class='ocrx_word' id='word_1_287' title='bbox 1342 1764 1382 1796; x_wconf 89' lang='lat' dir='ltr'>de</span> <span class='ocrx_word' id='word_1_288' title='bbox 1395 1764 1503 1806; x_wconf 77' lang='lat' dir='ltr'>farre,</span> <span class='ocrx_word' id='word_1_289' title='bbox 1523 1764 1563 1796; x_wconf 86' lang='lat' dir='ltr'>de</span> <span class='ocrx_word' id='word_1_290' title='bbox 1586 1774 1624 1796; x_wconf 89' lang='lat' dir='ltr'>eo</span> 
     </span>
     <span class='ocr_line' id='line_1_50' title="bbox 947 1814 1622 1846; baseline 0.001 -1"><span class='ocrx_word' id='word_1_291' title='bbox 947 1817 1091 1846; x_wconf 82' lang='lat' dir='ltr'>torrendo</span> <span class='ocrx_word' id='word_1_292' title='bbox 1115 1821 1147 1846; x_wconf 87' lang='lat' dir='ltr'>et</span> <span class='ocrx_word' id='word_1_293' title='bbox 1173 1815 1212 1846; x_wconf 86' lang='lat' dir='ltr'>de</span> <span class='ocrx_word' id='word_1_294' title='bbox 1240 1815 1474 1846; x_wconf 73' lang='lat' dir='ltr'>Fornacatibus.</span> <span class='ocrx_word' id='word_1_295' title='bbox 1521 1814 1622 1846; x_wconf 83' lang='lat' dir='ltr'>Ante—</span> 
     </span>
     <span class='ocr_line' id='line_1_51' title="bbox 946 1866 1623 1908; baseline 0.001 -12"><span class='ocrx_word' id='word_1_296' title='bbox 946 1867 1158 1907; x_wconf 81' lang='lat' dir='ltr'>quamsurni</span> <span class='ocrx_word' id='word_1_297' title='bbox 1185 1876 1258 1897; x_wconf 89' lang='lat' dir='ltr'>usus</span> <span class='ocrx_word' id='word_1_298' title='bbox 1282 1872 1424 1908; x_wconf 90' lang='lat' dir='ltr'>repertus</span> <span class='ocrx_word' id='word_1_299' title='bbox 1448 1866 1623 1908; x_wconf 76' lang='lat' dir='ltr'>esset‚ji›co</span> 
     </span>
     <span class='ocr_line' id='line_1_52' title="bbox 946 1915 1620 1958; baseline 0.001 -12"><span class='ocrx_word' id='word_1_300' title='bbox 946 1915 1050 1946; x_wconf 88' lang='lat' dir='ltr'>calido</span> <span class='ocrx_word' id='word_1_301' title='bbox 1078 1922 1201 1947; x_wconf 81' lang='lat' dir='ltr'>veteres</span> <span class='ocrx_word' id='word_1_302' title='bbox 1230 1916 1400 1947; x_wconf 81' lang='lat' dir='ltr'>utebantur</span> <span class='ocrx_word' id='word_1_303' title='bbox 1434 1915 1475 1946; x_wconf 90' lang='lat' dir='ltr'>ad</span> <span class='ocrx_word' id='word_1_304' title='bbox 1504 1926 1620 1958; x_wconf 85' lang='lat' dir='ltr'>panem</span> 
     </span>
     <span class='ocr_line' id='line_1_53' title="bbox 946 1965 1620 2008; baseline 0.001 -13"><span class='ocrx_word' id='word_1_305' title='bbox 946 1965 1167 2007; x_wconf 88' lang='lat' dir='ltr'>coquendu1n;</span> <span class='ocrx_word' id='word_1_306' title='bbox 1183 1966 1315 2000; x_wconf 83' lang='lat' dir='ltr'>Seneca,</span> <span class='ocrx_word' id='word_1_307' title='bbox 1328 1965 1429 2008; x_wconf 87' lang='lat' dir='ltr'>Epist.</span> <span class='ocrx_word' id='word_1_308' title='bbox 1443 1965 1503 1996; x_wconf 92' lang='lat'>90:</span> <span class='ocrx_word' id='word_1_309' title='bbox 1522 1970 1545 1983; x_wconf 91' lang='lat'><strong><em>“</em></strong></span> <span class='ocrx_word' id='word_1_310' title='bbox 1558 1965 1620 1997; x_wconf 90' lang='lat' dir='ltr'>Pa-</span> 
     </span>
     <span class='ocr_line' id='line_1_54' title="bbox 945 2015 1622 2058; baseline 0.004 -13"><span class='ocrx_word' id='word_1_311' title='bbox 945 2026 1016 2046; x_wconf 87' lang='lat' dir='ltr'>nem</span> <span class='ocrx_word' id='word_1_312' title='bbox 1050 2015 1151 2058; x_wconf 87' lang='lat' dir='ltr'>primo</span> <span class='ocrx_word' id='word_1_313' title='bbox 1180 2015 1260 2047; x_wconf 87' lang='lat' dir='ltr'>cinis</span> <span class='ocrx_word' id='word_1_314' title='bbox 1288 2015 1413 2047; x_wconf 86' lang='lat' dir='ltr'>calidus</span> <span class='ocrx_word' id='word_1_315' title='bbox 1439 2022 1471 2047; x_wconf 93' lang='lat' dir='ltr'>et</span> <span class='ocrx_word' id='word_1_316' title='bbox 1498 2016 1622 2048; x_wconf 86' lang='lat' dir='ltr'>fervens</span> 
     </span>
     <span class='ocr_line' id='line_1_55' title="bbox 945 2065 1619 2108; baseline 0.003 -13"><span class='ocrx_word' id='word_1_317' title='bbox 945 2072 1026 2097; x_wconf 76' lang='lat' dir='ltr'>testa</span> <span class='ocrx_word' id='word_1_318' title='bbox 1041 2066 1205 2107; x_wconf 86' lang='lat' dir='ltr'>percoxit:</span> <span class='ocrx_word' id='word_1_319' title='bbox 1231 2065 1346 2097; x_wconf 84' lang='lat' dir='ltr'>deinde</span> <span class='ocrx_word' id='word_1_320' title='bbox 1367 2065 1448 2097; x_wconf 86' lang='lat' dir='ltr'>furni</span> <span class='ocrx_word' id='word_1_321' title='bbox 1466 2066 1619 2108; x_wconf 85' lang='lat' dir='ltr'>paulatim</span> 
     </span>
     <span class='ocr_line' id='line_1_56' title="bbox 944 2115 1621 2157; baseline 0.003 -12"><span class='ocrx_word' id='word_1_322' title='bbox 944 2115 1059 2157; x_wconf 85' lang='lat' dir='ltr'>reperti</span> <span class='ocrx_word' id='word_1_323' title='bbox 1081 2121 1155 2146; x_wconf 83' lang='lat' dir='ltr'>sunt</span> <span class='ocrx_word' id='word_1_324' title='bbox 1179 2122 1211 2146; x_wconf 88' lang='lat' dir='ltr'>et</span> <span class='ocrx_word' id='word_1_325' title='bbox 1230 2115 1293 2146; x_wconf 90' lang='lat' dir='ltr'>alia</span> <span class='ocrx_word' id='word_1_326' title='bbox 1315 2115 1470 2157; x_wconf 87' lang='lat' dir='ltr'>genera.&#39;&#39;</span> <span class='ocrx_word' id='word_1_327' title='bbox 1515 2115 1621 2148; x_wconf 88' lang='lat' dir='ltr'>Panes</span> 
     </span>
     <span class='ocr_line' id='line_1_57' title="bbox 944 2165 1620 2209; baseline 0.004 -13"><span class='ocrx_word' id='word_1_328' title='bbox 944 2165 991 2196; x_wconf 88' lang='lat' dir='ltr'>illi</span> <span class='ocrx_word' id='word_1_329' title='bbox 1020 2166 1176 2209; x_wconf 83' lang='lat' dir='ltr'>placentae</span> <span class='ocrx_word' id='word_1_330' title='bbox 1206 2167 1337 2198; x_wconf 86' lang='lat' dir='ltr'>sormam</span> <span class='ocrx_word' id='word_1_331' title='bbox 1361 2166 1537 2204; x_wconf 86' lang='lat' dir='ltr'>habebant,</span> <span class='ocrx_word' id='word_1_332' title='bbox 1561 2178 1620 2200; x_wconf 86' lang='lat' dir='ltr'>nec</span> 
     </span>
     <span class='ocr_line' id='line_1_58' title="bbox 945 2216 1620 2259; baseline 0.004 -12"><span class='ocrx_word' id='word_1_333' title='bbox 945 2216 1003 2247; x_wconf 87' lang='lat' dir='ltr'>nisi</span> <span class='ocrx_word' id='word_1_334' title='bbox 1031 2217 1088 2247; x_wconf 90' lang='lat' dir='ltr'>sub</span> <span class='ocrx_word' id='word_1_335' title='bbox 1109 2227 1210 2248; x_wconf 81' lang='lat' dir='ltr'>coenae</span> <span class='ocrx_word' id='word_1_336' title='bbox 1235 2222 1360 2259; x_wconf 87' lang='lat' dir='ltr'>tempus</span> <span class='ocrx_word' id='word_1_337' title='bbox 1382 2217 1620 2259; x_wconf 83' lang='lat' dir='ltr'>coquebantur3</span> 
     </span>
     <span class='ocr_line' id='line_1_59' title="bbox 945 2265 1620 2309; baseline 0.004 -13"><span class='ocrx_word' id='word_1_338' title='bbox 945 2265 1016 2297; x_wconf 84' lang='lat' dir='ltr'>vide</span> <span class='ocrx_word' id='word_1_339' title='bbox 1046 2266 1164 2308; x_wconf 85' lang='lat' dir='ltr'>Heynii</span> <span class='ocrx_word' id='word_1_340' title='bbox 1193 2266 1349 2309; x_wconf 86' lang='lat' dir='ltr'>Opuscul.</span> <span class='ocrx_word' id='word_1_341' title='bbox 1376 2266 1479 2298; x_wconf 93' lang='lat' dir='ltr'>Acad.</span> <span class='ocrx_word' id='word_1_342' title='bbox 1510 2267 1573 2300; x_wconf 88' lang='lat' dir='ltr'>vol.</span> <span class='ocrx_word' id='word_1_343' title='bbox 1597 2269 1620 2300; x_wconf 84' lang='lat' dir='ltr'>i.</span> 
     </span>
     <span class='ocr_line' id='line_1_60' title="bbox 944 2316 1617 2360; baseline 0.007 -14"><span class='ocrx_word' id='word_1_344' title='bbox 944 2327 975 2357; x_wconf 87' lang='lat' dir='ltr'>p.</span> <span class='ocrx_word' id='word_1_345' title='bbox 989 2316 1065 2347; x_wconf 88' lang='lat'>374.</span> <span class='ocrx_word' id='word_1_346' title='bbox 1091 2316 1270 2347; x_wconf 82' lang='lat' dir='ltr'>Pumiceas:</span> <span class='ocrx_word' id='word_1_347' title='bbox 1288 2316 1439 2348; x_wconf 88' lang='lat' dir='ltr'>Heinsius</span> <span class='ocrx_word' id='word_1_348' title='bbox 1449 2316 1482 2348; x_wconf 82' lang='lat' dir='ltr'>in</span> <span class='ocrx_word' id='word_1_349' title='bbox 1493 2317 1617 2360; x_wconf 89' lang='lat' dir='ltr'>Opusc.</span> 
     </span>
     <span class='ocr_line' id='line_1_61' title="bbox 942 2362 1621 2409; baseline 0.006 -13"><span class='ocrx_word' id='word_1_350' title='bbox 942 2377 976 2409; x_wconf 90' lang='lat' dir='ltr'>p.</span> <span class='ocrx_word' id='word_1_351' title='bbox 995 2366 1070 2397; x_wconf 83' lang='lat'>236.</span> <span class='ocrx_word' id='word_1_352' title='bbox 1094 2377 1166 2398; x_wconf 91' lang='lat' dir='ltr'>cum</span> <span class='ocrx_word' id='word_1_353' title='bbox 1190 2362 1335 2409; x_wconf 72' lang='lat' dir='ltr'>pluri&#39;mis</span> <span class='ocrx_word' id='word_1_354' title='bbox 1358 2367 1452 2399; x_wconf 86' lang='lat' dir='ltr'>MSS.</span> <span class='ocrx_word' id='word_1_355' title='bbox 1472 2370 1621 2408; x_wconf 75' lang='lat' dir='ltr'>puniceas</span> 
     </span>
     <span class='ocr_line' id='line_1_62' title="bbox 943 2415 1619 2458; baseline 0.006 -12"><span class='ocrx_word' id='word_1_356' title='bbox 943 2421 1059 2453; x_wconf 87' lang='lat' dir='ltr'>tuetur,</span> <span class='ocrx_word' id='word_1_357' title='bbox 1083 2415 1116 2447; x_wconf 88' lang='lat' dir='ltr'>id</span> <span class='ocrx_word' id='word_1_358' title='bbox 1139 2424 1199 2452; x_wconf 84' lang='lat' dir='ltr'>est,</span> <span class='ocrx_word' id='word_1_359' title='bbox 1223 2417 1344 2449; x_wconf 88' lang='lat' dir='ltr'>rubras.</span> <span class='ocrx_word' id='word_1_360' title='bbox 1389 2417 1492 2448; x_wconf 91' lang='lat' dir='ltr'>Immo</span> <span class='ocrx_word' id='word_1_361' title='bbox 1509 2429 1619 2458; x_wconf 74' lang='lat' dir='ltr'>pumex</span> 
     </span>
     <span class='ocr_line' id='line_1_63' title="bbox 942 2466 1619 2509; baseline 0.006 -12"><span class='ocrx_word' id='word_1_362' title='bbox 942 2466 1045 2498; x_wconf 90' lang='lat' dir='ltr'>omnis</span> <span class='ocrx_word' id='word_1_363' title='bbox 1072 2466 1153 2509; x_wconf 89' lang='lat' dir='ltr'>lapis</span> <span class='ocrx_word' id='word_1_364' title='bbox 1183 2473 1378 2507; x_wconf 81' lang='lat' dir='ltr'>excavatus;</span> <span class='ocrx_word' id='word_1_365' title='bbox 1409 2467 1454 2499; x_wconf 92' lang='lat' dir='ltr'>iv.</span> <span class='ocrx_word' id='word_1_366' title='bbox 1482 2469 1559 2500; x_wconf 85' lang='lat'>495.</span> <span class='ocrx_word' id='word_1_367' title='bbox 1585 2474 1619 2501; x_wconf 89' lang='lat' dir='ltr'>et</span> 
     </span>
     <span class='ocr_line' id='line_1_64' title="bbox 942 2515 1615 2551; baseline 0.004 -4"><span class='ocrx_word' id='word_1_368' title='bbox 942 2515 1024 2548; x_wconf 87' lang='lat' dir='ltr'>iufra</span> <span class='ocrx_word' id='word_1_369' title='bbox 1041 2528 1106 2548; x_wconf 87' lang='lat' dir='ltr'>ver.</span> <span class='ocrx_word' id='word_1_370' title='bbox 1123 2518 1199 2549; x_wconf 87' lang='lat'>381.</span> <span class='ocrx_word' id='word_1_371' title='bbox 1214 2529 1288 2550; x_wconf 79' lang='lat' dir='ltr'>cava</span> <span class='ocrx_word' id='word_1_372' title='bbox 1302 2519 1445 2550; x_wconf 79' lang='lat' dir='ltr'>machina</span> <span class='ocrx_word' id='word_1_373' title='bbox 1459 2518 1544 2550; x_wconf 91' lang='lat' dir='ltr'>mola</span> <span class='ocrx_word' id='word_1_374' title='bbox 1558 2530 1615 2551; x_wconf 90' lang='lat' dir='ltr'>vo-</span> 
     </span>
     <span class='ocr_line' id='line_1_65' title="bbox 942 2574 1045 2598; baseline -0.01 0"><span class='ocrx_word' id='word_1_375' title='bbox 942 2574 1045 2598; x_wconf 82' lang='lat' dir='ltr'>catur.</span> 
     </span>
    </p>

    <p class='ocr_par' dir='ltr' id='par_1_7' title="bbox 939 2616 1615 2807">
     <span class='ocr_line' id='line_1_66' title="bbox 985 2616 1614 2659; baseline 0.003 -12"><span class='ocrx_word' id='word_1_376' title='bbox 985 2616 1061 2648; x_wconf 87' lang='lat'>319.</span> <span class='ocrx_word' id='word_1_377' title='bbox 1077 2616 1247 2648; x_wconf 89' lang='lat' dir='ltr'>Simillima</span> <span class='ocrx_word' id='word_1_378' title='bbox 1262 2616 1372 2648; x_wconf 86' lang='lat' dir='ltr'>fabula</span> <span class='ocrx_word' id='word_1_379' title='bbox 1386 2617 1407 2648; x_wconf 84' lang='lat' dir='ltr'>i.</span> <span class='ocrx_word' id='word_1_380' title='bbox 1420 2618 1596 2650; x_wconf 82' lang='lat'>391—440</span> <span class='ocrx_word' id='word_1_381' title='bbox 1604 2630 1614 2659; x_wconf 85' lang='lat'>;</span> 
     </span>
     <span class='ocr_line' id='line_1_67' title="bbox 941 2667 1615 2706; baseline 0.003 -8"><span class='ocrx_word' id='word_1_382' title='bbox 941 2672 972 2697; x_wconf 88' lang='lat' dir='ltr'>et</span> <span class='ocrx_word' id='word_1_383' title='bbox 988 2667 1105 2699; x_wconf 86' lang='lat' dir='ltr'>Noster</span> <span class='ocrx_word' id='word_1_384' title='bbox 1120 2678 1159 2699; x_wconf 86' lang='lat' dir='ltr'>ex</span> <span class='ocrx_word' id='word_1_385' title='bbox 1177 2678 1239 2698; x_wconf 90' lang='lat' dir='ltr'>una</span> <span class='ocrx_word' id='word_1_386' title='bbox 1254 2667 1334 2699; x_wconf 86' lang='lat' dir='ltr'>duas</span> <span class='ocrx_word' id='word_1_387' title='bbox 1349 2667 1461 2699; x_wconf 83' lang='lat' dir='ltr'>fecisse</span> <span class='ocrx_word' id='word_1_388' title='bbox 1479 2667 1615 2706; x_wconf 88' lang='lat' dir='ltr'>videtur,</span> 
     </span>
     <span class='ocr_line' id='line_1_68' title="bbox 941 2717 1613 2759; baseline 0.004 -13"><span class='ocrx_word' id='word_1_389' title='bbox 941 2721 976 2747; x_wconf 89' lang='lat' dir='ltr'>ut</span> <span class='ocrx_word' id='word_1_390' title='bbox 1001 2727 1068 2747; x_wconf 87' lang='lat' dir='ltr'>rem</span> <span class='ocrx_word' id='word_1_391' title='bbox 1096 2717 1157 2748; x_wconf 91' lang='lat' dir='ltr'>sibi</span> <span class='ocrx_word' id='word_1_392' title='bbox 1180 2717 1392 2759; x_wconf 85' lang='lat' dir='ltr'>gratissimam</span> <span class='ocrx_word' id='word_1_393' title='bbox 1415 2717 1464 2749; x_wconf 88' lang='lat' dir='ltr'>bis</span> <span class='ocrx_word' id='word_1_394' title='bbox 1487 2728 1613 2750; x_wconf 85' lang='lat' dir='ltr'>narrare</span> 
     </span>
     <span class='ocr_line' id='line_1_69' title="bbox 939 2766 1610 2807; baseline 0.004 -11"><span class='ocrx_word' id='word_1_395' title='bbox 939 2772 1058 2807; x_wconf 87' lang='lat' dir='ltr'>posset.</span> <span class='ocrx_word' id='word_1_396' title='bbox 1105 2766 1168 2802; x_wconf 88' lang='lat' dir='ltr'>Sic,</span> <span class='ocrx_word' id='word_1_397' title='bbox 1185 2773 1220 2798; x_wconf 91' lang='lat' dir='ltr'>ut</span> <span class='ocrx_word' id='word_1_398' title='bbox 1239 2766 1302 2804; x_wconf 81' lang='lat' dir='ltr'>hic,</span> <span class='ocrx_word' id='word_1_399' title='bbox 1318 2767 1373 2799; x_wconf 84' lang='lat' dir='ltr'>sed</span> <span class='ocrx_word' id='word_1_400' title='bbox 1395 2767 1545 2803; x_wconf 85' lang='lat' dir='ltr'>breviter,</span> <span class='ocrx_word' id='word_1_401' title='bbox 1562 2778 1610 2799; x_wconf 89' lang='lat' dir='ltr'>re-</span> 
     </span>
    </p>
   </div>
   <div class='ocr_carea' id='block_1_5' title="bbox 1792 2581 1809 2647">
    <p class='ocr_par' dir='ltr' id='par_1_8' title="bbox 1792 2581 1809 2647">
     <span class='ocr_line' id='line_1_70' title="bbox 1792 2581 1809 2647; textangle 90"><span class='ocrx_word' id='word_1_402' title='bbox 1792 2625 1809 2647; x_wconf 70' lang='grc' dir='ltr'>Λ</span> <span class='ocrx_word' id='word_1_403' title='bbox 1802 2581 1809 2608; x_wconf 77' lang='lat'>-.-</span> 
     </span>
    </p>
   </div>
  </div>
 </body>
</html>
