1830 3220
566 163 918 206 FASTORUM
951 162 1072 205 LIB.
1106 162 1188 205 IV.

1501 162 1586 204 241

171 279 219 326 N
224 297 282 328 ec
308 280 445 329 venti
472 287 669 328 tantum
696 280 870 328 Cereri
896 295 1127 335 nocuere,
1155 295 1248 327 nec
1273 278 1487 336 imbres3

237 358 286 406 N
291 375 348 406 ec
375 359 446 406 sic
471 375 751 407 marmoreo
777 359 934 423 pallet
958 359 1138 406 adusta
1163 358 1307 420 gelu3

169 435 444 494 Quantum,
472 437 514 484 si
539 438 732 484 culmos
759 436 908 484 Titan
934 435 1188 483 incalfacit
1212 436 1356 482 udos.

234 512 363 561 Tum
389 515 531 563 locus
557 522 636 563 est
658 515 759 571 irae,
790 514 919 562 Diva
941 513 1183 581 timenda,
1211 521 1328 561 tuae.

1483 515 1581 560 920

169 590 348 648 Parce,
370 608 561 656 precor,
580 593 888 655 scabrasque
908 608 1087 639 manus
1104 608 1133 639 a
1146 591 1397 639 messibus
1417 589 1578 646 aufem

235 668 377 717 Neve
403 686 526 717 noce
552 670 729 718 cultis:
770 686 922 734 posse
947 686 1129 717 nocere
1155 676 1234 717 sat
1257 676 1351 716 est.

167 746 216 794 N
221 763 279 795 ec
304 754 503 795 teneras
530 755 746 812 segetes,
775 749 864 796 sed
890 748 1072 796 durum
1096 754 1299 795 contere
1324 746 1538 794 ferrum:

234 824 486 889 Quodque
512 833 681 890 potest
708 826 831 874 alios
858 826 1087 890 perdere,
1116 825 1272 890 perde
1299 824 1447 888 prior.

168 901 356 951 Utilius
382 904 593 967 gladios,
622 911 674 953 et
698 906 801 953 tela
825 905 1062 952 nocentia
1080 920 1286 968 carpes:

1480 903 1576 948 925

237 980 321 1027 Nil
346 998 473 1046 opus
499 989 577 1030 est
601 982 727 1030 illis:
768 982 870 1030 otia
895 983 1113 1029 mundus
1140 988 1273 1044 agat.

168 1059 380 1107 Sat-cula
403 1076 554 1117 nunc,
573 1060 832 1124 durusque
852 1061 1047 1117 bidens,
1070 1067 1120 1108 et
1137 1075 1307 1107 vomer
1330 1057 1575 1111 aduncus,

235 1137 389 1185 Ruris
415 1154 554 1202 opes,
583 1138 804 1186 niteant:
845 1138 1080 1202 inquinet
1105 1153 1244 1185 arma
1269 1136 1424 1183 situs:

168 1214 501 1279 Conatusque
527 1215 710 1279 aliquis
735 1216 915 1279 vagina
939 1216 1125 1264 ducere
1150 1215 1353 1270 ferrum,

231 1292 546 1340 Adstrictum
570 1293 722 1356 longa
747 1294 931 1341 sentiat
955 1310 1068 1341 esse
1093 1308 1250 1339 mora.

165 1403 248 1434 444:
279 1406 301 1420 ‘⁴
319 1403 420 1443 Urget
445 1402 483 1433 ab
509 1403 574 1433 alto
598 1401 837 1444 Arboribusque

164 1453 303 1495 satisque
333 1453 438 1483 Notus
468 1452 638 1495 pecorique
668 1452 837 1492 siniste1·;’'

167 1503 264 1533 Urere
287 1502 326 1533 de
353 1502 465 1543 frigore
489 1501 511 1533 i.
535 1502 609 1533 680.
631 1501 664 1532 in
690 1502 836 1544 precibus

162 1551 330 1588 similibus,
343 1562 423 1594 quas
435 1562 506 1582 cum
522 1550 570 1582 his
583 1551 736 1583 conferas.
768 1551 835 1582 Un-

162 1602 202 1634 de
223 1602 341 1633 malum
362 1601 504 1643 frugibus
526 1601 638 1643 frigore
660 1601 786 1632 illatum
805 1608 837 1633 et

160 1653 256 1683 uredo
293 1651 418 1683 dicitur.
465 1651 673 1682 Marmoreum
710 1656 837 1693 propter

162 1702 299 1732 colorem
329 1701 438 1732 album
466 1700 600 1743 pruinae,
633 1705 665 1731 et
694 1700 835 1732 niveum.

164 1752 288 1782 Pullere
304 1750 345 1782 de
361 1751 464 1782 colore
481 1751 575 1787 flavo,
591 1760 686 1791 quem
707 1750 837 1781 trahunt

161 1801 266 1842 fruges
292 1800 405 1842 frigore
428 1811 560 1838 niorsae3
584 1800 606 1831 i.
623 1800 697 1831 688.
714 1799 753 1830 de
778 1800 837 1831 hac

160 1850 315 1892 robigine,
332 1854 352 1867 “
369 1851 439 1881 Nec
458 1849 533 1881 vitio
557 1850 632 1881 coeli
654 1850 774 1892 palleat
794 1860 835 1880 ae-

161 1910 219 1942 gra
233 1899 355 1942 seges.'’
401 1901 434 1930 Si
457 1901 578 1934 culmos.
594 1905 656 1930 etc.
672 1899 773 1940 ipsam
789 1910 835 1930 ro-

160 1949 301 1991 biginem
323 1949 490 1991 intellige;
520 1949 655 1986 Plinius,
672 1949 761 1980 xviii.
780 1950 834 1980 68.

161 2000 201 2031 3:
228 2003 248 2016 “
269 1999 418 2041 Plerique
440 1999 559 2035 dixere,
576 2010 675 2030 rorem
696 1998 836 2030 inustum

161 2050 226 2081 sole
261 2050 324 2080 acri
354 2049 497 2091 frugibus
524 2048 678 2090 rubiginis
707 2059 836 2080 causam

159 2110 239 2137 esse,
255 2104 287 2130 et
311 2098 498 2130 carbunculi
521 2098 658 2129 vitibus:
685 2098 770 2140 quod
797 2109 835 2129 ex

161 2155 249 2193 parte
272 2150 384 2181 falsum
400 2149 544 2185 arbitror,
560 2159 750 2190 omnemque
766 2159 836 2179 ure-

159 2199 267 2231 dinem
297 2199 408 2241 frigore
434 2205 558 2230 tantum
588 2204 746 2234 constare,
771 2198 836 2229 sole

159 2249 321 2281 innoxio.''
367 2250 541 2280 Humorem
566 2256 673 2279 tamen
699 2259 761 2278 non
781 2259 835 2279 ex-

160 2299 277 2337 clusit3
300 2310 387 2330 narn.
404 2299 450 2330 ib.
467 2300 520 2330 20.
537 2309 601 2330 sec.
618 2300 654 2329 3:
684 2303 705 2316 “
723 2309 772 2329 ros
787 2309 836 2328 ro-

160 2350 299 2392 biginem
317 2350 428 2386 facit,’'
445 2356 476 2381 et
501 2351 554 2380 44.
571 2360 636 2380 sec.
654 2350 692 2380 2:
720 2354 740 2366 “
758 2349 834 2379 Fre-

160 2400 367 2442 quentissima
397 2400 466 2431 haec
502 2399 535 2431 in
570 2398 696 2430 roscido
733 2404 835 2430 tractu

160 2450 433 2491 convallibusque,
451 2460 488 2480 ac
510 2450 678 2491 perflatum
700 2459 762 2479 non
779 2448 835 2479 ha-

159 2500 345 2531 bentibus.’'

203 2550 281 2580 921.
318 2549 429 2591 Aufer,
455 2548 574 2586 retine3
604 2554 739 2583 veteres,
764 2556 835 2588 quae

160 2601 247 2632 mala
261 2605 382 2631 remota
398 2609 465 2630 esse
482 2609 500 2629 a
515 2609 547 2630 se
563 2603 726 2640 cuperent,
743 2607 782 2628 ea
803 2596 836 2627 in

161 2650 241 2682 alios
261 2649 522 2687 detestabantur3
548 2647 710 2684 Horatius,
725 2647 752 2677 I.
768 2646 835 2678 od.

160 2699 227 2731 xiii.
260 2700 310 2730 13.
356 2699 426 2730 Hoc
456 2697 552 2740 igitur
581 2707 675 2728 sensu
705 2696 833 2733 ductus,

163 2748 260 2781 etiarn
291 2748 427 2780 Ovidius
457 2747 649 2789 Robiginem
678 2752 835 2789 precatur,

208 2798 308 2830 VOL.
325 2798 366 2829 V.

1482 1293 1580 1338 930

907 1409 943 1434 ut
965 1402 1027 1434 vim
1050 1413 1140 1434 suam
1164 1402 1197 1433 in
1213 1402 1306 1443 ferro
1329 1400 1434 1443 potius
1458 1405 1583 1432 exserat

907 1459 1034 1495 propter
1067 1453 1201 1483 abusum
1236 1451 1339 1488 illum,
1371 1451 1410 1482 de
1445 1461 1507 1492 quo
1541 1449 1581 1480 ad

908 1514 974 1534 ver.
995 1503 1070 1534 405.
1093 1509 1124 1533 et
1147 1508 1272 1544 propter
1298 1512 1392 1544 quem
1417 1501 1525 1532 crebro
1550 1501 1582 1532 in

906 1553 1020 1584 ferrum
1050 1552 1221 1583 invehitur.
1272 1551 1405 1592 Carpere
1432 1552 1513 1582 bene
1541 1550 1580 1581 de

906 1602 1058 1644 robigine,
1074 1601 1229 1644 paulatim
1252 1602 1432 1637 absumere,
1456 1600 1579 1631 rodere.

908 1653 981 1683 Otia
1007 1663 1108 1694 agere,
1131 1661 1212 1694 pace
1236 1650 1307 1686 frui,
1333 1651 1417 1681 bona
1443 1649 1581 1688 locuti03

906 1700 927 1732 i.
945 1702 1000 1732 68.

950 1751 1025 1781 927.
1050 1748 1172 1780 Similia
1193 1749 1278 1791 apud
1294 1748 1471 1785 Tibullum,
1487 1748 1517 1778 Ι.
1536 1747 1580 1778 xi.

907 1801 970 1832 49:
999 1805 1018 1817 ‘¹
1037 1801 1122 1831 Pace
1145 1799 1258 1830 bidens
1282 1809 1454 1840 vomerque
1477 1797 1580 1829 nitent

906 1850 979 1892 (alii
995 1849 1138 1891 vigent)
1163 1855 1196 1880 at
1212 1848 1312 1880 tristia
1328 1847 1397 1879 duri
1414 1847 1531 1878 Militis
1547 1847 1580 1878 in

907 1900 1045 1932 tenebris
1060 1905 1196 1941 occupat
1212 1909 1299 1930 arma
1315 1898 1427 1929 situs-'³
1466 1898 1580 1929 Sarou-

907 1952 969 1981 lum
984 1950 1228 1980 instrumentum
1244 1948 1408 1983 rusticum,
1425 1958 1488 1989 quo
1507 1958 1581 1989 pur—

905 2006 1020 2042 gantur
1049 1998 1126 2040 agri,
1151 1998 1173 2028 i.
1198 1998 1272 2028 699.
1319 1997 1440 2033 Durus,
1464 1996 1580 2038 gravis,

906 2056 940 2080 ut
969 2049 1134 2084 Horatius,
1163 2048 1191 2078 Ι.
1215 2048 1318 2089 Satyr.
1344 2046 1365 2078 i.
1388 2048 1442 2078 28.
1468 2048 1582 2077 durum

906 2105 1058 2130 aratrum.
1104 2098 1133 2127 A
1161 2097 1316 2139 gravitate
1342 2096 1407 2127 noti
1434 2097 1579 2132 bidentes,

905 2149 971 2180 sive
987 2148 1097 2186 rastri3
1120 2146 1288 2177 Terentius
1304 2146 1424 2176 Heaut.
1441 2146 1471 2176 I.
1485 2145 1506 2177 i.
1522 2146 1578 2176 40.

906 2199 991 2229 Situs
1005 2209 1061 2240 pro
1076 2196 1230 2238 robigine.
1279 2196 1411 2232 Ducere,
1428 2195 1577 2226 educere.

905 2249 1107 2283 Adstrictum,
1118 2246 1260 2287 robigine
1271 2245 1435 2276 adhaerens
1446 2245 1580 2286 vaginae.

906 2298 1065 2329 Caeterum
1090 2296 1197 2327 confer
1218 2306 1291 2326 cum
1312 2295 1371 2326 hoc
1388 2295 1459 2326 loco
1474 2295 1497 2326 i.
1516 2295 1579 2326 699

904 2348 1026 2378 ——704.

949 2398 1024 2429 933.
1049 2397 1198 2433 Mantele,
1221 2401 1288 2427 erat
1312 2396 1452 2432 laneum,
1477 2395 1576 2427 habe-

905 2447 1023 2489 batque
1046 2446 1080 2476 in
1101 2445 1267 2488 superficie
1290 2445 1368 2476 texti
1393 2445 1489 2481 villos,
1513 2446 1578 2476 sive

904 2497 1100 2538 lanuginem,
1123 2495 1229 2530 cirros,
1255 2495 1340 2526 unde
1364 2496 1470 2526 villosa
1493 2507 1579 2526 man-

905 2547 977 2578 telia
1006 2551 1304 2581 commemorantur,
1337 2544 1437 2576 λάσια
1474 2544 1577 2587 χειρό-

904 2607 1045 2638 μακτρα.
1070 2595 1250 2626 Nobiliores
1263 2595 1475 2630 curabant,ut
1490 2604 1577 2624 man-

906 2646 981 2682 tele,
1000 2647 1080 2677 villis
1096 2648 1197 2682 tonsis,
1212 2650 1295 2676 esset
1317 2645 1397 2675 laeve
1419 2655 1455 2675 ac
1471 2643 1578 2675 molle.

904 2696 998 2727 Talia
1019 2696 1172 2727 mantelia
1192 2695 1329 2726 Aristaeo
1346 2693 1504 2737 Nymphae
1531 2694 1575 2725 fe-

905 2752 978 2778 runt
991 2756 1147 2789 germanae
1165 2745 1250 2788 apud
1266 2744 1380 2786 virgil.
1395 2745 1514 2787 Georg.
1530 2743 1575 2775 iv.

1036 2796 1051 2825 I
1069 2794 1078 2825 i
