1830 3220
575 198 646 241 IN
682 197 898 241 OVIDII
933 197 1188 240 FASTOS.
1503 198 1591 240 397

168 330 268 357 num
290 330 384 357 esse
414 330 438 356 a
460 316 669 370 particula
692 322 841 358 vetere
863 331 933 365 an,
958 316 998 357 id
1022 321 1102 364 est,
1126 316 1300 364 circum,
1319 316 1409 370 jam
1434 315 1589 358 Ateius

171 383 329 439 Capito
358 385 473 440 apud
504 385 696 427 Macrob.
724 387 750 427 i.
779 386 849 426 14.
881 385 1199 433 animadvertit,
1227 390 1272 426 et
1301 384 1436 426 multa
1459 387 1591 427 verba

169 468 268 494 cum
301 454 379 496 hac
410 455 620 509 particula
650 455 889 509 composita
919 461 1134 509 arguunt3
1171 454 1321 495 confer
1352 454 1471 496 Fest.
1502 456 1589 497 vid.

169 523 272 564 Am.
313 523 469 565 verba:
510 524 738 580 anquirere
782 524 973 574 (circum,
1015 525 1128 563 circa
1165 525 1397 578 quaerere‚)
1436 540 1590 581 anceps

171 591 411 645 (διπρόσωπος)
440 593 639 634 anclabre
675 593 992 645 (ἀμφικύπελλον)
1027 593 1161 633 ancile
1194 594 1589 647 (circumcaelatum,

172 659 361 716 Neapol.
384 663 436 704 ad
461 663 503 704 ii.
526 663 649 714 435.)

229 731 459 788 Singulare
482 741 625 774 autem
654 734 695 774 in
724 732 983 788 mythologia
1006 733 1164 774 veteris
1190 732 1302 774 Latii
1326 740 1589 776 momentum

171 808 252 850 est,
276 803 450 845 numina
473 803 555 844 ista
576 809 738 844 tantum
768 816 849 843 non
875 802 1016 842 omnia
1039 802 1240 843 vaticinio
1259 809 1304 843 et
1324 810 1453 844 cantu
1476 806 1591 859 apud

171 872 373 913 mortales
397 873 615 922 claruisse,
640 879 684 914 et
705 872 1083 914 celeberrimorum
1108 872 1377 914 oraculorum
1399 874 1440 915 in
1465 873 1593 916 Italia

173 942 351 997 antiqua
370 944 561 999 undique
584 943 765 998 vestigia
787 950 900 983 sunt.

233 1012 303 1053 De
332 1013 484 1054 Fauno
512 1013 720 1069 Picoque,
745 1014 798 1054 de
825 1013 980 1068 quibus
1009 1013 1127 1054 locus
1157 1012 1279 1054 class.
1305 1021 1448 1056 exstat
1478 1017 1591 1070 apud

178 1081 296 1138 Virg.
327 1083 505 1125 AElneid.
533 1084 605 1124 vii.
633 1083 716 1130 813
749 1084 890 1138 deque
921 1083 1201 1124 celeberrimo
1233 1083 1373 1125 Fauni
1404 1085 1591 1134 oraculo,

175 1152 289 1207 quod
313 1152 492 1193 Latinus
516 1153 571 1194 de
597 1153 777 1194 Lavinia
799 1167 875 1193 sua
897 1152 1094 1200 consulit,
1119 1153 1288 1194 abunde
1313 1154 1403 1209 egit
1424 1155 1476 1195 ad
1500 1154 1539 1196 h.
1565 1155 1591 1197 l.

175 1221 316 1263 Illust.
351 1222 576 1279 Heynius;
611 1223 796 1265 Ovidius
823 1222 989 1263 duobus
1018 1223 1119 1263 locis
1144 1223 1283 1275 (Fast.
1314 1224 1369 1265 iv.
1394 1224 1500 1274 (351;
1534 1226 1592 1267 iii.

172 1291 293 1343 291.)
317 1293 510 1348 ejusdem
543 1293 719 1342 oraculi,
742 1293 857 1347 quod
889 1292 1059 1333 diverso
1092 1293 1218 1333 modo
1251 1299 1446 1343 exornat,
1476 1310 1593 1337 men-

173 1363 333 1404 tionem
362 1363 524 1418 injecit.
588 1362 629 1404 A
656 1363 866 1404 vaticiniis
899 1362 1039 1402 eidem
1066 1362 1201 1403 Fami
1230 1377 1385 1403 nomen
1412 1363 1593 1406 inditum

174 1438 254 1482 est,
280 1434 396 1488 quod
426 1433 596 1489 proprie
614 1433 832 1490 fatidicus
859 1438 939 1480 est,
964 1439 1117 1486 postea
1143 1447 1197 1473 ex
1225 1433 1378 1474 eadem
1399 1434 1594 1477 idearum

173 1503 492 1559 conjunctione,
513 1504 567 1544 de
587 1503 812 1552 delirante,
833 1502 1074 1557 desipiente
1095 1502 1179 1543 dici
1202 1502 1351 1557 coepit,
1372 1517 1457 1558 qua
1472 1509 1596 1554 μάντις

173 1572 228 1613 de
265 1579 448 1628 utroque
484 1573 652 1616 Graecis
689 1573 774 1614 dici
813 1572 992 1618 solebat,
1026 1572 1085 1612 ita
1119 1578 1277 1619 tamen,
1313 1578 1360 1613 ut
1396 1573 1438 1613 in
1472 1579 1596 1623 μάντις

174 1643 290 1684 notio
305 1643 491 1699 furendi
520 1644 804 1699 praecederet.
869 1641 1160 1697 Frequentius
1189 1656 1301 1683 uxor
1327 1643 1421 1697 ejus
1445 1642 1597 1685 Fauna

175 1713 323 1754 Fatua
345 1714 430 1755 dici
453 1714 575 1756 solet.
607 1713 749 1755 Vetus
771 1713 825 1754 de
849 1727 902 1754 ea
922 1711 1092 1768 mythus
1114 1710 1272 1765 (Butas
1296 1712 1410 1766 apud
1429 1712 1594 1757 Arnob.

175 1798 216 1825 ν.
240 1798 282 1838 p.
304 1783 387 1833 993
421 1783 533 1825 Elm.
562 1783 680 1824 Plut.
711 1783 878 1835 Quaest.
904 1781 1033 1823 Rom.
1057 1781 1151 1830 20.)
1179 1788 1323 1822 narrat
1350 1781 1597 1826 mulieribus

176 1867 271 1894 eam
300 1854 390 1894 fata
420 1854 642 1903 cecinisse,
667 1853 865 1894 Faunum
894 1852 1008 1900 viris,
1037 1866 1117 1892 nec
1149 1865 1338 1905 unquam
1370 1851 1423 1892 ob
1451 1853 1597 1910 singu-

175 1922 309 1964 larem
331 1923 621 1965 castimoniam
639 1923 777 1964 virum
799 1923 983 1971 vidisse3
1014 1922 1203 1970 tandem,
1222 1936 1354 1976 quum
1376 1921 1486 1964 clam
1510 1937 1597 1965 ma-

175 1993 305 2034 ritum
329 2008 353 2034 e
377 1993 476 2035 vino
497 2000 599 2048 poto
621 1993 877 2035 ebrietatem
898 1991 1196 2039 contraxisset,
1219 1991 1349 2046 virgis
1372 1991 1424 2033 ab
1444 1992 1599 2036 eodem

178 2063 231 2104 ad
261 2069 442 2106 mortem
472 2079 627 2105 caesam
656 2079 767 2114 esse,
792 2069 945 2118 postea
974 2061 1128 2104 divinis
1155 2060 1384 2102 honoribus
1411 2068 1597 2105 auctam.

178 2132 252 2174 Ad
283 2133 391 2174 hanc
419 2133 606 2175 fabulam
638 2132 857 2175 referendi
887 2138 987 2173 sunt
1015 2131 1120 2173 ritus
1151 2145 1369 2171 sacrorum
1399 2130 1440 2171 ei
1469 2132 1539 2173 die
1571 2133 1597 2174 1

181 2201 290 2243 Maii
313 2203 456 2244 offerri
477 2203 711 2244 solitorum.
766 2201 934 2243 Eadem
956 2201 1070 2242 enim
1092 2199 1278 2249 videtur,
1301 2214 1429 2254 quam
1450 2200 1600 2245 bonam

179 2273 320 2314 Deam
350 2272 576 2322 vocabant,
608 2274 908 2314 consentiente
940 2271 1058 2313 Plut.
1089 2270 1203 2312 Caes.
1233 2285 1274 2325 p.
1301 2270 1402 2312 711.
1431 2270 1599 2314 Bonam

184 2341 326 2382 Deam
359 2341 538 2397 Dryada
566 2347 611 2383 et
637 2341 777 2383 Fauni
808 2355 990 2382 uxorem
1021 2340 1219 2389 dicente;
1253 2339 1447 2381 Macrob.
1473 2341 1500 2382 i.
1529 2341 1600 2384 12.

179 2410 359 2452 Terram
382 2411 512 2453 etiam
532 2419 578 2453 et
599 2411 742 2467 Opem
763 2410 990 2451 immiscet.
1056 2409 1127 2450 De
1149 2409 1483 2451 commutatione
1504 2426 1601 2453 cum

183 2480 306 2522 Pane
334 2496 404 2522 res
433 2488 535 2523 nota
562 2488 642 2531 est,
666 2487 712 2523 et
739 2480 997 2536 Lupercalia
1024 2485 1144 2521 recte
1170 2478 1356 2521 Ovidius
1383 2493 1408 2519 a
1431 2479 1602 2535 Lycaeis

184 2549 411 2592 Arcadicis
431 2552 591 2607 repetit
610 2551 671 2604 (ii.
691 2550 823 2603 2813)
844 2565 942 2592 nam
964 2549 1019 2591 ad
1037 2563 1185 2605 regem
1205 2548 1407 2590 Latinum
1429 2564 1602 2603 prorsus

185 2635 270 2662 non
302 2626 512 2675 spectant.
577 2620 800 2676 Quicquid
832 2620 962 2661 etiam
991 2619 1045 2661 de
1078 2625 1240 2660 terrore
1267 2617 1430 2659 Panico
1462 2624 1506 2659 et
1536 2633 1602 2659 re-

184 2690 364 2746 pentina
390 2690 495 2745 fuga
523 2705 705 2746 gregum
735 2689 896 2731 Faunis
929 2688 1142 2738 tribuitur,
1165 2689 1255 2743 jam
1287 2687 1398 2729 Pani
1426 2702 1502 2729 suo
1531 2688 1603 2729 tri-

187 2758 370 2801 buerant
391 2758 600 2801 Arcades.
