<?xml version="1.0" encoding="UTF-8"?>
<!DOCTYPE html PUBLIC "-//W3C//DTD XHTML 1.0 Transitional//EN"
    "http://www.w3.org/TR/xhtml1/DTD/xhtml1-transitional.dtd">
<html xmlns="http://www.w3.org/1999/xhtml" xml:lang="en" lang="en">
 <head>
  <title>
</title>
<meta http-equiv="Content-Type" content="text/html;charset=utf-8" />
  <meta name='ocr-system' content='tesseract 3.04.00' />
  <meta name='ocr-capabilities' content='ocr_page ocr_carea ocr_par ocr_line ocrx_word'/>
</head>
<body>
  <div class='ocr_page' id='page_1' title='image "./povidiinasonisop05oviduoft_0411.png"; bbox 0 0 1830 3220; ppageno 0'>
   <div class='ocr_carea' id='block_1_1' title="bbox 547 192 1565 236">
    <p class='ocr_par' dir='ltr' id='par_1_1' title="bbox 547 192 1565 236">
     <span class='ocr_line' id='line_1_1' title="bbox 547 192 1565 236; baseline 0.002 -2"><span class='ocrx_word' id='word_1_1' title='bbox 547 193 620 235; x_wconf 94' lang='lat' dir='ltr'>IN</span> <span class='ocrx_word' id='word_1_2' title='bbox 655 192 873 235; x_wconf 90' lang='lat' dir='ltr'>OVIDII</span> <span class='ocrx_word' id='word_1_3' title='bbox 907 192 1162 236; x_wconf 83' lang='lat' dir='ltr'><strong>FASTOS.</strong></span> <span class='ocrx_word' id='word_1_4' title='bbox 1478 193 1565 236; x_wconf 73' lang='lat'>388</span> 
     </span>
    </p>
   </div>
   <div class='ocr_carea' id='block_1_2' title="bbox 301 321 1378 438">
    <p class='ocr_par' dir='ltr' id='par_1_2' title="bbox 301 321 1378 438">
     <span class='ocr_line' id='line_1_2' title="bbox 301 321 1378 374; baseline 0.002 -15"><span class='ocrx_word' id='word_1_5' title='bbox 301 321 343 359; x_wconf 95' lang='lat' dir='ltr'>N</span> <span class='ocrx_word' id='word_1_6' title='bbox 346 335 389 360; x_wconf 91' lang='lat' dir='ltr'>ec</span> <span class='ocrx_word' id='word_1_7' title='bbox 409 321 554 360; x_wconf 86' lang='lat' dir='ltr'>frustra</span> <span class='ocrx_word' id='word_1_8' title='bbox 574 322 770 373; x_wconf 88' lang='lat' dir='ltr'>signorum</span> <span class='ocrx_word' id='word_1_9' title='bbox 791 322 919 360; x_wconf 90' lang='lat' dir='ltr'>obitus</span> <span class='ocrx_word' id='word_1_10' title='bbox 939 323 1183 374; x_wconf 85' lang='lat' dir='ltr'>speculamur</span> <span class='ocrx_word' id='word_1_11' title='bbox 1203 330 1241 361; x_wconf 86' lang='lat' dir='ltr'>et</span> <span class='ocrx_word' id='word_1_12' title='bbox 1259 328 1378 367; x_wconf 86' lang='lat' dir='ltr'>ortus,</span> 
     </span>
     <span class='ocr_line' id='line_1_3' title="bbox 303 385 1340 438; baseline 0.001 -15"><span class='ocrx_word' id='word_1_13' title='bbox 303 385 636 437; x_wconf 83' lang='lat' dir='ltr'>Temporibusque</span> <span class='ocrx_word' id='word_1_14' title='bbox 655 400 788 438; x_wconf 87' lang='lat' dir='ltr'>parem</span> <span class='ocrx_word' id='word_1_15' title='bbox 807 386 967 424; x_wconf 88' lang='lat' dir='ltr'>diversis</span> <span class='ocrx_word' id='word_1_16' title='bbox 987 394 1151 438; x_wconf 86' lang='lat' dir='ltr'>quatuor</span> <span class='ocrx_word' id='word_1_17' title='bbox 1170 400 1314 425; x_wconf 82' lang='lat' dir='ltr'>annum</span> <span class='ocrx_word' id='word_1_18' title='bbox 1330 402 1340 432; x_wconf 83' lang='lat'><em>3</em></span> 
     </span>
    </p>
   </div>
   <div class='ocr_carea' id='block_1_3' title="bbox 143 515 1571 990">
    <p class='ocr_par' dir='ltr' id='par_1_3' title="bbox 143 515 1571 990">
     <span class='ocr_line' id='line_1_4' title="bbox 143 515 1565 571; baseline 0.003 -15"><span class='ocrx_word' id='word_1_19' title='bbox 143 515 286 571; x_wconf 90' lang='lat' dir='ltr'>potius</span> <span class='ocrx_word' id='word_1_20' title='bbox 308 515 387 557; x_wconf 93' lang='lat' dir='ltr'>hoc</span> <span class='ocrx_word' id='word_1_21' title='bbox 410 516 491 557; x_wconf 89' lang='lat' dir='ltr'>sibi</span> <span class='ocrx_word' id='word_1_22' title='bbox 510 516 636 564; x_wconf 84' lang='lat' dir='ltr'>velle,</span> <span class='ocrx_word' id='word_1_23' title='bbox 661 521 709 557; x_wconf 96' lang='lat' dir='ltr'>ut</span> <span class='ocrx_word' id='word_1_24' title='bbox 730 516 878 557; x_wconf 89' lang='lat' dir='ltr'>horum</span> <span class='ocrx_word' id='word_1_25' title='bbox 902 516 1106 558; x_wconf 85' lang='lat' dir='ltr'>fastorum</span> <span class='ocrx_word' id='word_1_26' title='bbox 1129 532 1254 558; x_wconf 89' lang='lat' dir='ltr'>usum</span> <span class='ocrx_word' id='word_1_27' title='bbox 1278 518 1565 568; x_wconf 88' lang='lat' dir='ltr'>commendet,</span> 
     </span>
     <span class='ocr_line' id='line_1_5' title="bbox 144 585 1570 642; baseline 0.003 -17"><span class='ocrx_word' id='word_1_28' title='bbox 144 599 272 639; x_wconf 88' lang='lat' dir='ltr'>quam</span> <span class='ocrx_word' id='word_1_29' title='bbox 294 585 387 640; x_wconf 87' lang='lat' dir='ltr'>ipsa</span> <span class='ocrx_word' id='word_1_30' title='bbox 408 585 549 626; x_wconf 89' lang='lat' dir='ltr'>sidera</span> <span class='ocrx_word' id='word_1_31' title='bbox 570 586 800 627; x_wconf 85' lang='lat' dir='ltr'>observare</span> <span class='ocrx_word' id='word_1_32' title='bbox 817 587 985 641; x_wconf 79' lang='lat' dir='ltr'>jubeat,</span> <span class='ocrx_word' id='word_1_33' title='bbox 1010 587 1187 642; x_wconf 79' lang='lat' dir='ltr'>egregie</span> <span class='ocrx_word' id='word_1_34' title='bbox 1211 589 1264 629; x_wconf 84' lang='lat' dir='ltr'>ad</span> <span class='ocrx_word' id='word_1_35' title='bbox 1288 587 1327 628; x_wconf 84' lang='lat' dir='ltr'>h.</span> <span class='ocrx_word' id='word_1_36' title='bbox 1353 588 1379 628; x_wconf 93' lang='lat' dir='ltr'>l.</span> <span class='ocrx_word' id='word_1_37' title='bbox 1405 589 1570 630; x_wconf 88' lang='lat' dir='ltr'>notavit</span> 
     </span>
     <span class='ocr_line' id='line_1_6' title="bbox 144 653 1571 710; baseline 0.002 -15"><span class='ocrx_word' id='word_1_38' title='bbox 144 653 274 696; x_wconf 87' lang='lat' dir='ltr'>Voss.</span> <span class='ocrx_word' id='word_1_39' title='bbox 339 655 455 707; x_wconf 87' lang='lat' dir='ltr'>Quin</span> <span class='ocrx_word' id='word_1_40' title='bbox 486 669 542 696; x_wconf 86' lang='lat' dir='ltr'>ex</span> <span class='ocrx_word' id='word_1_41' title='bbox 571 655 633 696; x_wconf 86' lang='lat' dir='ltr'>his</span> <span class='ocrx_word' id='word_1_42' title='bbox 655 655 756 710; x_wconf 87' lang='lat' dir='ltr'>ipsis</span> <span class='ocrx_word' id='word_1_43' title='bbox 779 655 949 704; x_wconf 90' lang='lat' dir='ltr'>tabulis,</span> <span class='ocrx_word' id='word_1_44' title='bbox 975 656 1129 710; x_wconf 88' lang='lat' dir='ltr'>quibus</span> <span class='ocrx_word' id='word_1_45' title='bbox 1152 663 1374 697; x_wconf 87' lang='lat' dir='ltr'>auctorum</span> <span class='ocrx_word' id='word_1_46' title='bbox 1398 658 1571 698; x_wconf 90' lang='lat' dir='ltr'>nomina</span> 
     </span>
     <span class='ocr_line' id='line_1_7' title="bbox 144 724 1570 780; baseline 0.002 -15"><span class='ocrx_word' id='word_1_47' title='bbox 144 724 436 779; x_wconf 80' lang='lat' dir='ltr'>probabiliter,</span> <span class='ocrx_word' id='word_1_48' title='bbox 460 724 529 766; x_wconf 93' lang='lat' dir='ltr'>vel</span> <span class='ocrx_word' id='word_1_49' title='bbox 561 725 603 765; x_wconf 93' lang='lat' dir='ltr'>in</span> <span class='ocrx_word' id='word_1_50' title='bbox 638 724 783 773; x_wconf 88' lang='lat' dir='ltr'>titulis,</span> <span class='ocrx_word' id='word_1_51' title='bbox 814 725 881 766; x_wconf 92' lang='lat' dir='ltr'>vel</span> <span class='ocrx_word' id='word_1_52' title='bbox 915 725 957 765; x_wconf 91' lang='lat' dir='ltr'>in</span> <span class='ocrx_word' id='word_1_53' title='bbox 990 724 1168 780; x_wconf 85' lang='lat' dir='ltr'>singulis</span> <span class='ocrx_word' id='word_1_54' title='bbox 1200 726 1570 768; x_wconf 89' lang='lat' dir='ltr'>observationibus</span> 
     </span>
     <span class='ocr_line' id='line_1_8' title="bbox 146 794 1570 848; baseline 0.002 -14"><span class='ocrx_word' id='word_1_55' title='bbox 146 794 362 848; x_wconf 87' lang='lat' dir='ltr'>adscripta</span> <span class='ocrx_word' id='word_1_56' title='bbox 402 800 538 843; x_wconf 88' lang='lat' dir='ltr'>erant,</span> <span class='ocrx_word' id='word_1_57' title='bbox 578 795 816 835; x_wconf 77' lang='lat' dir='ltr'><em>astronomi</em></span> <span class='ocrx_word' id='word_1_58' title='bbox 856 795 920 835; x_wconf 70' lang='lat' dir='ltr'>illi</span> <span class='ocrx_word' id='word_1_59' title='bbox 960 794 1174 836; x_wconf 73' lang='lat' dir='ltr'>clnumvz&#39;rz&#39;</span> <span class='ocrx_word' id='word_1_60' title='bbox 1212 794 1362 836; x_wconf 90' lang='lat' dir='ltr'>Conon</span> <span class='ocrx_word' id='word_1_61' title='bbox 1400 801 1445 837; x_wconf 92' lang='lat' dir='ltr'>et</span> <span class='ocrx_word' id='word_1_62' title='bbox 1482 796 1570 837; x_wconf 93' lang='lat' dir='ltr'>Eu-</span> 
     </span>
     <span class='ocr_line' id='line_1_9' title="bbox 145 863 1571 921; baseline 0.001 -17"><span class='ocrx_word' id='word_1_63' title='bbox 145 863 284 906; x_wconf 78' lang='lat' dir='ltr'>doxus</span> <span class='ocrx_word' id='word_1_64' title='bbox 297 871 328 914; x_wconf 66' lang='lat' dir='ltr'>y,</span> <span class='ocrx_word' id='word_1_65' title='bbox 353 879 456 921; x_wconf 68' lang='lat' dir='ltr'>quos</span> <span class='ocrx_word' id='word_1_66' title='bbox 478 864 650 920; x_wconf 82' lang='lat' dir='ltr'>Virgilii</span> <span class='ocrx_word' id='word_1_67' title='bbox 680 870 825 920; x_wconf 89' lang='lat' dir='ltr'>pastor</span> <span class='ocrx_word' id='word_1_68' title='bbox 858 865 1014 920; x_wconf 86' lang='lat' dir='ltr'>poculo</span> <span class='ocrx_word' id='word_1_69' title='bbox 1046 865 1283 919; x_wconf 90' lang='lat' dir='ltr'>insculptos</span> <span class='ocrx_word' id='word_1_70' title='bbox 1314 865 1474 914; x_wconf 86' lang='lat' dir='ltr'>habuit,</span> <span class='ocrx_word' id='word_1_71' title='bbox 1498 880 1571 920; x_wconf 89' lang='lat' dir='ltr'>pa-</span> 
     </span>
     <span class='ocr_line' id='line_1_10' title="bbox 147 934 1429 990; baseline 0.002 -16"><span class='ocrx_word' id='word_1_72' title='bbox 147 934 331 975; x_wconf 89' lang='lat' dir='ltr'>storibus</span> <span class='ocrx_word' id='word_1_73' title='bbox 356 938 401 975; x_wconf 92' lang='lat' dir='ltr'>et</span> <span class='ocrx_word' id='word_1_74' title='bbox 421 934 618 990; x_wconf 82' lang='lat' dir='ltr'>agricolis</span> <span class='ocrx_word' id='word_1_75' title='bbox 641 934 878 975; x_wconf 83' lang='lat' dir='ltr'>innotuisse</span> <span class='ocrx_word' id='word_1_76' title='bbox 900 940 1113 989; x_wconf 90' lang='lat' dir='ltr'>poterant.</span> <span class='ocrx_word' id='word_1_77' title='bbox 1147 934 1242 976; x_wconf 89' lang='lat' dir='ltr'>Ecl.</span> <span class='ocrx_word' id='word_1_78' title='bbox 1267 935 1326 976; x_wconf 92' lang='lat' dir='ltr'>iii.</span> <span class='ocrx_word' id='word_1_79' title='bbox 1348 935 1429 976; x_wconf 79' lang='lat'>40:</span> 
     </span>
    </p>
   </div>
   <div class='ocr_carea' id='block_1_4' title="bbox 306 1034 1285 1151">
    <p class='ocr_par' dir='ltr' id='par_1_4' title="bbox 306 1034 1285 1151">
     <span class='ocr_line' id='line_1_11' title="bbox 306 1034 1285 1087; baseline 0.002 -15"><span class='ocrx_word' id='word_1_80' title='bbox 306 1034 356 1072; x_wconf 88' lang='lat' dir='ltr'>Iu</span> <span class='ocrx_word' id='word_1_81' title='bbox 375 1035 501 1073; x_wconf 88' lang='lat' dir='ltr'>medio</span> <span class='ocrx_word' id='word_1_82' title='bbox 520 1035 597 1073; x_wconf 90' lang='lat' dir='ltr'>duo</span> <span class='ocrx_word' id='word_1_83' title='bbox 615 1035 737 1086; x_wconf 80' lang='lat' dir='ltr'>signa,</span> <span class='ocrx_word' id='word_1_84' title='bbox 759 1036 893 1074; x_wconf 89' lang='lat' dir='ltr'>Conon</span> <span class='ocrx_word' id='word_1_85' title='bbox 913 1043 952 1074; x_wconf 85' lang='lat' dir='ltr'>et</span> <span class='ocrx_word' id='word_1_86' title='bbox 972 1036 1058 1087; x_wconf 91' lang='lat' dir='ltr'>quis</span> <span class='ocrx_word' id='word_1_87' title='bbox 1076 1037 1155 1074; x_wconf 85' lang='lat' dir='ltr'>fuit</span> <span class='ocrx_word' id='word_1_88' title='bbox 1175 1036 1285 1082; x_wconf 82' lang='lat' dir='ltr'>alter,</span> 
     </span>
     <span class='ocr_line' id='line_1_12' title="bbox 309 1099 1242 1151; baseline 0.002 -15"><span class='ocrx_word' id='word_1_89' title='bbox 309 1099 532 1151; x_wconf 73' lang='lat' dir='ltr'>Descripsit</span> <span class='ocrx_word' id='word_1_90' title='bbox 553 1099 664 1137; x_wconf 79' lang='lat' dir='ltr'>radio</span> <span class='ocrx_word' id='word_1_91' title='bbox 684 1105 799 1137; x_wconf 77' lang='lat' dir='ltr'>tolum</span> <span class='ocrx_word' id='word_1_92' title='bbox 820 1099 886 1151; x_wconf 80' lang='lat' dir='ltr'>qui</span> <span class='ocrx_word' id='word_1_93' title='bbox 902 1100 1084 1151; x_wconf 75' lang='lat' dir='ltr'>gentibus</span> <span class='ocrx_word' id='word_1_94' title='bbox 1103 1101 1242 1146; x_wconf 79' lang='lat' dir='ltr'>orbem,</span> 
     </span>
    </p>
   </div>
   <div class='ocr_carea' id='block_1_5' title="bbox 316 1164 1410 1216">
    <p class='ocr_par' dir='ltr' id='par_1_5' title="bbox 316 1164 1410 1216">
     <span class='ocr_line' id='line_1_13' title="bbox 316 1164 1410 1216; baseline 0.002 -15"><span class='ocrx_word' id='word_1_95' title='bbox 316 1164 519 1216; x_wconf 78' lang='lat' dir='ltr'>Tempora,</span> <span class='ocrx_word' id='word_1_96' title='bbox 542 1178 627 1216; x_wconf 76' lang='lat' dir='ltr'>quoe</span> <span class='ocrx_word' id='word_1_97' title='bbox 645 1178 800 1210; x_wconf 72' lang='lat' dir='ltr'>messor,</span> <span class='ocrx_word' id='word_1_98' title='bbox 821 1178 905 1216; x_wconf 82' lang='lat' dir='ltr'>quoe</span> <span class='ocrx_word' id='word_1_99' title='bbox 925 1178 1069 1202; x_wconf 74' lang='lat' dir='ltr'>curvus</span> <span class='ocrx_word' id='word_1_100' title='bbox 1088 1171 1224 1203; x_wconf 75' lang='lat' dir='ltr'>arctior</span> <span class='ocrx_word' id='word_1_101' title='bbox 1242 1165 1410 1204; x_wconf 76' lang='lat' dir='ltr'>haberet.</span> 
     </span>
    </p>
   </div>
   <div class='ocr_carea' id='block_1_6' title="bbox 151 1277 1587 2377">
    <p class='ocr_par' dir='ltr' id='par_1_6' title="bbox 151 1277 1587 2377">
     <span class='ocr_line' id='line_1_14' title="bbox 210 1277 1574 1322; baseline 0.003 -4"><span class='ocrx_word' id='word_1_102' title='bbox 210 1277 293 1319; x_wconf 91' lang='lat' dir='ltr'>IV.</span> <span class='ocrx_word' id='word_1_103' title='bbox 327 1277 496 1319; x_wconf 84' lang='lat' dir='ltr'>Praeter</span> <span class='ocrx_word' id='word_1_104' title='bbox 537 1277 793 1320; x_wconf 73' lang='lat' dir='ltr'>Graecorum</span> <span class='ocrx_word' id='word_1_105' title='bbox 827 1283 872 1319; x_wconf 89' lang='lat' dir='ltr'>et</span> <span class='ocrx_word' id='word_1_106' title='bbox 903 1277 1302 1320; x_wconf 83' lang='lat' dir='ltr'>Alexandrinorum</span> <span class='ocrx_word' id='word_1_107' title='bbox 1340 1279 1574 1322; x_wconf 87' lang='lat' dir='ltr'>observati-</span> 
     </span>
     <span class='ocr_line' id='line_1_15' title="bbox 151 1346 1574 1397; baseline 0.002 -9"><span class='ocrx_word' id='word_1_108' title='bbox 151 1361 270 1396; x_wconf 85' lang='lat' dir='ltr'>ones,</span> <span class='ocrx_word' id='word_1_109' title='bbox 301 1347 399 1388; x_wconf 82' lang='lat' dir='ltr'>aliae</span> <span class='ocrx_word' id='word_1_110' title='bbox 434 1348 562 1388; x_wconf 90' lang='lat' dir='ltr'>etiam</span> <span class='ocrx_word' id='word_1_111' title='bbox 597 1347 640 1388; x_wconf 92' lang='lat' dir='ltr'>in</span> <span class='ocrx_word' id='word_1_112' title='bbox 670 1346 799 1388; x_wconf 86' lang='lat' dir='ltr'>Italia</span> <span class='ocrx_word' id='word_1_113' title='bbox 832 1347 1040 1388; x_wconf 82' lang='lat' dir='ltr'>institutae</span> <span class='ocrx_word' id='word_1_114' title='bbox 1075 1354 1363 1397; x_wconf 83' lang='lat' dir='ltr'>accesserant,</span> <span class='ocrx_word' id='word_1_115' title='bbox 1395 1350 1515 1390; x_wconf 90' lang='lat' dir='ltr'>verbi</span> <span class='ocrx_word' id='word_1_116' title='bbox 1537 1365 1574 1391; x_wconf 91' lang='lat' dir='ltr'>c.</span> 
     </span>
     <span class='ocr_line' id='line_1_16' title="bbox 153 1415 1576 1473; baseline 0.002 -16"><span class='ocrx_word' id='word_1_117' title='bbox 153 1415 336 1458; x_wconf 80' lang='lat' dir='ltr'>Caesaris</span> <span class='ocrx_word' id='word_1_118' title='bbox 361 1416 476 1471; x_wconf 88' lang='lat' dir='ltr'>apud</span> <span class='ocrx_word' id='word_1_119' title='bbox 500 1416 689 1457; x_wconf 90' lang='lat' dir='ltr'>Plinium</span> <span class='ocrx_word' id='word_1_120' title='bbox 720 1431 836 1471; x_wconf 83' lang='lat' dir='ltr'>saepe</span> <span class='ocrx_word' id='word_1_121' title='bbox 868 1416 970 1457; x_wconf 87' lang='lat' dir='ltr'>satis</span> <span class='ocrx_word' id='word_1_122' title='bbox 994 1423 1179 1464; x_wconf 77' lang='lat' dir='ltr'>exactae,</span> <span class='ocrx_word' id='word_1_123' title='bbox 1204 1423 1248 1457; x_wconf 92' lang='lat' dir='ltr'>et</span> <span class='ocrx_word' id='word_1_124' title='bbox 1269 1417 1369 1459; x_wconf 89' lang='lat' dir='ltr'>fasti</span> <span class='ocrx_word' id='word_1_125' title='bbox 1390 1418 1576 1473; x_wconf 92' lang='lat' dir='ltr'>plerum-</span> 
     </span>
     <span class='ocr_line' id='line_1_17' title="bbox 152 1485 1577 1541; baseline 0.004 -15"><span class='ocrx_word' id='word_1_126' title='bbox 152 1500 238 1541; x_wconf 88' lang='lat' dir='ltr'>que</span> <span class='ocrx_word' id='word_1_127' title='bbox 276 1491 320 1527; x_wconf 94' lang='lat' dir='ltr'>et</span> <span class='ocrx_word' id='word_1_128' title='bbox 360 1485 539 1528; x_wconf 86' lang='lat' dir='ltr'>Graecas</span> <span class='ocrx_word' id='word_1_129' title='bbox 574 1492 619 1527; x_wconf 90' lang='lat' dir='ltr'>et</span> <span class='ocrx_word' id='word_1_130' title='bbox 652 1485 872 1527; x_wconf 85' lang='lat' dir='ltr'>Romanas</span> <span class='ocrx_word' id='word_1_131' title='bbox 903 1486 1088 1541; x_wconf 87' lang='lat' dir='ltr'>junctim</span> <span class='ocrx_word' id='word_1_132' title='bbox 1127 1486 1333 1528; x_wconf 87' lang='lat' dir='ltr'>exhibere</span> <span class='ocrx_word' id='word_1_133' title='bbox 1369 1488 1577 1531; x_wconf 89' lang='lat' dir='ltr'>solebant.</span> 
     </span>
     <span class='ocr_line' id='line_1_18' title="bbox 153 1554 1578 1611; baseline 0.003 -15"><span class='ocrx_word' id='word_1_134' title='bbox 153 1554 368 1596; x_wconf 90' lang='lat' dir='ltr'>Plurimas</span> <span class='ocrx_word' id='word_1_135' title='bbox 390 1562 496 1598; x_wconf 87' lang='lat' dir='ltr'>vett.</span> <span class='ocrx_word' id='word_1_136' title='bbox 530 1555 868 1604; x_wconf 75' lang='lat' dir='ltr'>observationes,</span> <span class='ocrx_word' id='word_1_137' title='bbox 894 1556 1038 1611; x_wconf 91' lang='lat' dir='ltr'>quoad</span> <span class='ocrx_word' id='word_1_138' title='bbox 1067 1556 1294 1598; x_wconf 86' lang='lat' dir='ltr'>veritatem</span> <span class='ocrx_word' id='word_1_139' title='bbox 1328 1559 1578 1600; x_wconf 82' lang='lat' dir='ltr'>astronomi-</span> 
     </span>
     <span class='ocr_line' id='line_1_19' title="bbox 153 1625 1579 1682; baseline 0.002 -16"><span class='ocrx_word' id='word_1_140' title='bbox 153 1639 247 1666; x_wconf 85' lang='lat' dir='ltr'>cam</span> <span class='ocrx_word' id='word_1_141' title='bbox 269 1626 446 1682; x_wconf 85' lang='lat' dir='ltr'>egregie</span> <span class='ocrx_word' id='word_1_142' title='bbox 469 1631 514 1666; x_wconf 93' lang='lat' dir='ltr'>et</span> <span class='ocrx_word' id='word_1_143' title='bbox 535 1631 690 1666; x_wconf 83' lang='lat' dir='ltr'>exacte</span> <span class='ocrx_word' id='word_1_144' title='bbox 713 1626 767 1666; x_wconf 87' lang='lat' dir='ltr'>ad</span> <span class='ocrx_word' id='word_1_145' title='bbox 791 1625 963 1666; x_wconf 81' lang='lat' dir='ltr'>Petavii</span> <span class='ocrx_word' id='word_1_146' title='bbox 991 1625 1157 1666; x_wconf 86' lang='lat' dir='ltr'>fabulas</span> <span class='ocrx_word' id='word_1_147' title='bbox 1182 1626 1465 1681; x_wconf 91' lang='lat' dir='ltr'>propriosque</span> <span class='ocrx_word' id='word_1_148' title='bbox 1495 1628 1579 1669; x_wconf 86' lang='lat' dir='ltr'>cal-</span> 
     </span>
     <span class='ocr_line' id='line_1_20' title="bbox 153 1694 1578 1750; baseline 0.002 -15"><span class='ocrx_word' id='word_1_149' title='bbox 153 1694 273 1735; x_wconf 90' lang='lat' dir='ltr'>culos</span> <span class='ocrx_word' id='word_1_150' title='bbox 297 1695 513 1743; x_wconf 88' lang='lat' dir='ltr'>discussit,</span> <span class='ocrx_word' id='word_1_151' title='bbox 537 1700 582 1735; x_wconf 89' lang='lat' dir='ltr'>et</span> <span class='ocrx_word' id='word_1_152' title='bbox 604 1695 812 1736; x_wconf 90' lang='lat' dir='ltr'>horizonti</span> <span class='ocrx_word' id='word_1_153' title='bbox 836 1710 1017 1750; x_wconf 86' lang='lat' dir='ltr'>aevoque</span> <span class='ocrx_word' id='word_1_154' title='bbox 1045 1694 1132 1736; x_wconf 87' lang='lat' dir='ltr'>suis</span> <span class='ocrx_word' id='word_1_155' title='bbox 1153 1695 1345 1736; x_wconf 88' lang='lat' dir='ltr'>reddidit</span> <span class='ocrx_word' id='word_1_156' title='bbox 1367 1696 1425 1737; x_wconf 91' lang='lat' dir='ltr'>ill.</span> <span class='ocrx_word' id='word_1_157' title='bbox 1449 1696 1578 1739; x_wconf 82' lang='lat' dir='ltr'>Pfaff.</span> 
     </span>
     <span class='ocr_line' id='line_1_21' title="bbox 154 1764 1583 1820; baseline 0.003 -15"><span class='ocrx_word' id='word_1_158' title='bbox 154 1764 181 1806; x_wconf 93' lang='lat' dir='ltr'>l.</span> <span class='ocrx_word' id='word_1_159' title='bbox 205 1779 242 1805; x_wconf 93' lang='lat' dir='ltr'>c.</span> <span class='ocrx_word' id='word_1_160' title='bbox 307 1765 567 1820; x_wconf 87' lang='lat' dir='ltr'>Priusquam</span> <span class='ocrx_word' id='word_1_161' title='bbox 596 1780 700 1806; x_wconf 91' lang='lat' dir='ltr'>vero</span> <span class='ocrx_word' id='word_1_162' title='bbox 730 1765 854 1806; x_wconf 88' lang='lat' dir='ltr'>simili</span> <span class='ocrx_word' id='word_1_163' title='bbox 888 1766 1053 1807; x_wconf 89' lang='lat' dir='ltr'>ratione</span> <span class='ocrx_word' id='word_1_164' title='bbox 1080 1765 1122 1805; x_wconf 89' lang='lat' dir='ltr'>in</span> <span class='ocrx_word' id='word_1_165' title='bbox 1153 1765 1409 1819; x_wconf 85' lang='lat' dir='ltr'>quibusdam</span> <span class='ocrx_word' id='word_1_166' title='bbox 1433 1766 1583 1809; x_wconf 87' lang='lat' dir='ltr'>Ovidii</span> 
     </span>
     <span class='ocr_line' id='line_1_22' title="bbox 154 1833 1579 1886; baseline 0.003 -12"><span class='ocrx_word' id='word_1_167' title='bbox 154 1833 260 1876; x_wconf 90' lang='lat' dir='ltr'>locis</span> <span class='ocrx_word' id='word_1_168' title='bbox 296 1835 350 1875; x_wconf 85' lang='lat' dir='ltr'>ad</span> <span class='ocrx_word' id='word_1_169' title='bbox 385 1835 611 1876; x_wconf 84' lang='lat' dir='ltr'>veritatem</span> <span class='ocrx_word' id='word_1_170' title='bbox 646 1835 974 1877; x_wconf 84' lang='lat' dir='ltr'>astronomicam</span> <span class='ocrx_word' id='word_1_171' title='bbox 1012 1835 1264 1876; x_wconf 87' lang='lat' dir='ltr'>revocandis</span> <span class='ocrx_word' id='word_1_172' title='bbox 1300 1836 1579 1886; x_wconf 88' lang='lat' dir='ltr'>versabimur,</span> 
     </span>
     <span class='ocr_line' id='line_1_23' title="bbox 156 1904 1582 1959; baseline 0.001 -14"><span class='ocrx_word' id='word_1_173' title='bbox 156 1910 215 1953; x_wconf 85' lang='lat' dir='ltr'>et,</span> <span class='ocrx_word' id='word_1_174' title='bbox 248 1904 353 1959; x_wconf 91' lang='lat' dir='ltr'>quid</span> <span class='ocrx_word' id='word_1_175' title='bbox 387 1905 442 1946; x_wconf 91' lang='lat' dir='ltr'>de</span> <span class='ocrx_word' id='word_1_176' title='bbox 471 1904 521 1945; x_wconf 88' lang='lat' dir='ltr'>iis</span> <span class='ocrx_word' id='word_1_177' title='bbox 548 1904 835 1959; x_wconf 88' lang='lat' dir='ltr'>judicandum</span> <span class='ocrx_word' id='word_1_178' title='bbox 869 1905 937 1953; x_wconf 88' lang='lat' dir='ltr'>sit,</span> <span class='ocrx_word' id='word_1_179' title='bbox 970 1904 1226 1952; x_wconf 91' lang='lat' dir='ltr'>videbimus,</span> <span class='ocrx_word' id='word_1_180' title='bbox 1258 1904 1407 1958; x_wconf 84' lang='lat' dir='ltr'>paucis</span> <span class='ocrx_word' id='word_1_181' title='bbox 1436 1905 1486 1946; x_wconf 85' lang='lat' dir='ltr'>de</span> <span class='ocrx_word' id='word_1_182' title='bbox 1513 1921 1582 1947; x_wconf 82' lang='lat' dir='ltr'>or-</span> 
     </span>
     <span class='ocr_line' id='line_1_24' title="bbox 160 1973 1583 2030; baseline 0.001 -15"><span class='ocrx_word' id='word_1_183' title='bbox 160 1980 278 2015; x_wconf 74' lang='lat' dir='ltr'>tuum</span> <span class='ocrx_word' id='word_1_184' title='bbox 306 1980 348 2015; x_wconf 82' lang='lat' dir='ltr'>et</span> <span class='ocrx_word' id='word_1_185' title='bbox 377 1989 595 2016; x_wconf 71' lang='lat' dir='ltr'>occasuvm</span> <span class='ocrx_word' id='word_1_186' title='bbox 627 1975 741 2029; x_wconf 85' lang='lat' dir='ltr'>apud</span> <span class='ocrx_word' id='word_1_187' title='bbox 771 1983 944 2015; x_wconf 88' lang='lat' dir='ltr'>veteres</span> <span class='ocrx_word' id='word_1_188' title='bbox 975 1973 1155 2015; x_wconf 76' lang='lat' dir='ltr'>diversis</span> <span class='ocrx_word' id='word_1_189' title='bbox 1183 1973 1419 2030; x_wconf 59' lang='lat' dir='ltr'>generibus,</span> <span class='ocrx_word' id='word_1_190' title='bbox 1451 1980 1497 2015; x_wconf 89' lang='lat' dir='ltr'>et</span> <span class='ocrx_word' id='word_1_191' title='bbox 1528 1976 1583 2017; x_wconf 89' lang='lat' dir='ltr'>de</span> 
     </span>
     <span class='ocr_line' id='line_1_25' title="bbox 158 2033 1582 2099; baseline 0.001 -15"><span class='ocrx_word' id='word_1_192' title='bbox 158 2033 354 2085; x_wconf 88' lang='lat' dir='ltr'>veritatis</span> <span class='ocrx_word' id='word_1_193' title='bbox 386 2043 683 2085; x_wconf 84' lang='lat' dir='ltr'>astronomieae</span> <span class='ocrx_word' id='word_1_194' title='bbox 719 2044 999 2099; x_wconf 90' lang='lat' dir='ltr'>probabiliter</span> <span class='ocrx_word' id='word_1_195' title='bbox 1034 2043 1285 2098; x_wconf 77' lang='lat' dir='ltr'>quaerendae</span> <span class='ocrx_word' id='word_1_196' title='bbox 1321 2043 1486 2086; x_wconf 87' lang='lat' dir='ltr'>ratione</span> <span class='ocrx_word' id='word_1_197' title='bbox 1521 2045 1582 2087; x_wconf 90' lang='lat' dir='ltr'>di-</span> 
     </span>
     <span class='ocr_line' id='line_1_26' title="bbox 159 2112 1583 2166; baseline 0.001 -12"><span class='ocrx_word' id='word_1_198' title='bbox 159 2114 346 2154; x_wconf 89' lang='lat' dir='ltr'>cendum</span> <span class='ocrx_word' id='word_1_199' title='bbox 379 2119 459 2155; x_wconf 87' lang='lat' dir='ltr'>est.</span> <span class='ocrx_word' id='word_1_200' title='bbox 520 2112 710 2155; x_wconf 88' lang='lat' dir='ltr'>Veteres</span> <span class='ocrx_word' id='word_1_201' title='bbox 744 2113 857 2154; x_wconf 89' lang='lat' dir='ltr'>enim</span> <span class='ocrx_word' id='word_1_202' title='bbox 888 2112 1035 2154; x_wconf 83' lang='lat' dir='ltr'>Graeci</span> <span class='ocrx_word' id='word_1_203' title='bbox 1070 2117 1169 2154; x_wconf 88' lang='lat' dir='ltr'>ante</span> <span class='ocrx_word' id='word_1_204' title='bbox 1207 2112 1434 2154; x_wconf 83' lang='lat' dir='ltr'>Thaletem</span> <span class='ocrx_word' id='word_1_205' title='bbox 1464 2114 1583 2166; x_wconf 85' lang='lat' dir='ltr'>(vide</span> 
     </span>
     <span class='ocr_line' id='line_1_27' title="bbox 160 2182 1587 2238; baseline 0.001 -14"><span class='ocrx_word' id='word_1_206' title='bbox 160 2186 306 2238; x_wconf 88' lang='lat' dir='ltr'>supra)</span> <span class='ocrx_word' id='word_1_207' title='bbox 331 2188 589 2238; x_wconf 86' lang='lat' dir='ltr'>apparentes</span> <span class='ocrx_word' id='word_1_208' title='bbox 618 2182 787 2224; x_wconf 88' lang='lat' dir='ltr'>nonnisi</span> <span class='ocrx_word' id='word_1_209' title='bbox 816 2187 932 2223; x_wconf 89' lang='lat' dir='ltr'>ortus</span> <span class='ocrx_word' id='word_1_210' title='bbox 961 2196 1229 2237; x_wconf 87' lang='lat' dir='ltr'>occasusque</span> <span class='ocrx_word' id='word_1_211' title='bbox 1259 2182 1513 2237; x_wconf 89' lang='lat' dir='ltr'>spectabant</span> <span class='ocrx_word' id='word_1_212' title='bbox 1541 2190 1587 2226; x_wconf 82' lang='lat' dir='ltr'>et</span> 
     </span>
     <span class='ocr_line' id='line_1_28' title="bbox 160 2252 1586 2304; baseline 0 -12"><span class='ocrx_word' id='word_1_213' title='bbox 160 2252 221 2293; x_wconf 88' lang='lat' dir='ltr'>ita</span> <span class='ocrx_word' id='word_1_214' title='bbox 240 2253 409 2294; x_wconf 92' lang='lat' dir='ltr'>nonnisi</span> <span class='ocrx_word' id='word_1_215' title='bbox 431 2253 694 2301; x_wconf 84' lang='lat' dir='ltr'>dividebant,</span> <span class='ocrx_word' id='word_1_216' title='bbox 715 2258 763 2293; x_wconf 93' lang='lat' dir='ltr'>ut</span> <span class='ocrx_word' id='word_1_217' title='bbox 785 2258 925 2293; x_wconf 88' lang='lat' dir='ltr'>ortum</span> <span class='ocrx_word' id='word_1_218' title='bbox 943 2252 1136 2304; x_wconf 71' lang='grc' dir='ltr'>(ἐπιτολῆν)</span> <span class='ocrx_word' id='word_1_219' title='bbox 1154 2257 1198 2293; x_wconf 85' lang='lat' dir='ltr'>et</span> <span class='ocrx_word' id='word_1_220' title='bbox 1222 2266 1420 2293; x_wconf 85' lang='lat' dir='ltr'>occasum</span> <span class='ocrx_word' id='word_1_221' title='bbox 1441 2254 1586 2304; x_wconf 57' lang='grc' dir='ltr'>(δύο-ιω</span> 
     </span>
     <span class='ocr_line' id='line_1_29' title="bbox 162 2321 1585 2377; baseline 0.001 -14"><span class='ocrx_word' id='word_1_222' title='bbox 162 2322 232 2363; x_wconf 90' lang='lat' dir='ltr'>vel</span> <span class='ocrx_word' id='word_1_223' title='bbox 260 2323 531 2372; x_wconf 87' lang='lat' dir='ltr'>matutinum,</span> <span class='ocrx_word' id='word_1_224' title='bbox 556 2321 625 2363; x_wconf 92' lang='lat' dir='ltr'>vel</span> <span class='ocrx_word' id='word_1_225' title='bbox 647 2321 940 2377; x_wconf 84' lang='lat' dir='ltr'>vespertinum</span> <span class='ocrx_word' id='word_1_226' title='bbox 969 2336 1064 2362; x_wconf 90' lang='lat' dir='ltr'>esse</span> <span class='ocrx_word' id='word_1_227' title='bbox 1093 2321 1333 2363; x_wconf 87' lang='lat' dir='ltr'>indicarent</span> <span class='ocrx_word' id='word_1_228' title='bbox 1346 2327 1373 2363; x_wconf 64' lang='grc' dir='ltr'>Ζ.</span> <span class='ocrx_word' id='word_1_229' title='bbox 1437 2321 1585 2375; x_wconf 85' lang='lat' dir='ltr'>Quum</span> 
     </span>
    </p>
   </div>
   <div class='ocr_carea' id='block_1_7' title="bbox 165 2458 1587 2702">
    <p class='ocr_par' dir='ltr' id='par_1_7' title="bbox 165 2458 1587 2702">
     <span class='ocr_line' id='line_1_30' title="bbox 208 2458 1586 2503; baseline 0.001 -13"><span class='ocrx_word' id='word_1_230' title='bbox 208 2464 221 2485; x_wconf 66' lang='lat' dir='ltr'><strong>y</strong></span> <span class='ocrx_word' id='word_1_231' title='bbox 245 2458 415 2491; x_wconf 86' lang='lat' dir='ltr'>Eudoxum</span> <span class='ocrx_word' id='word_1_232' title='bbox 430 2464 538 2490; x_wconf 84' lang='lat' dir='ltr'>autem</span> <span class='ocrx_word' id='word_1_233' title='bbox 551 2470 619 2491; x_wconf 87' lang='lat' dir='ltr'>esse</span> <span class='ocrx_word' id='word_1_234' title='bbox 633 2459 736 2496; x_wconf 90' lang='lat' dir='ltr'>illum,</span> <span class='ocrx_word' id='word_1_235' title='bbox 748 2459 840 2501; x_wconf 85' lang='lat' dir='ltr'>cujus</span> <span class='ocrx_word' id='word_1_236' title='bbox 912 2458 958 2490; x_wconf 81' lang='lat' dir='ltr'>vel</span> <span class='ocrx_word' id='word_1_237' title='bbox 976 2458 1104 2500; x_wconf 86' lang='lat' dir='ltr'>quando</span> <span class='ocrx_word' id='word_1_238' title='bbox 1123 2458 1210 2490; x_wconf 79' lang='lat' dir='ltr'>sidus</span> <span class='ocrx_word' id='word_1_239' title='bbox 1231 2458 1368 2501; x_wconf 87' lang='lat' dir='ltr'>primum</span> <span class='ocrx_word' id='word_1_240' title='bbox 1383 2459 1416 2490; x_wconf 90' lang='lat' dir='ltr'>in</span> <span class='ocrx_word' id='word_1_241' title='bbox 1431 2460 1514 2491; x_wconf 84' lang='lat' dir='ltr'>coelo</span> <span class='ocrx_word' id='word_1_242' title='bbox 1530 2470 1586 2503; x_wconf 90' lang='lat' dir='ltr'>ap-</span> 
     </span>
     <span class='ocr_line' id='line_1_31' title="bbox 165 2508 1587 2553; baseline -0.001 -12"><span class='ocrx_word' id='word_1_243' title='bbox 165 2521 281 2542; x_wconf 87' lang='lat' dir='ltr'>nomen</span> <span class='ocrx_word' id='word_1_244' title='bbox 297 2520 360 2540; x_wconf 88' lang='lat' dir='ltr'>non</span> <span class='ocrx_word' id='word_1_245' title='bbox 381 2510 521 2553; x_wconf 87' lang='lat' dir='ltr'>suppetit</span> <span class='ocrx_word' id='word_1_246' title='bbox 541 2509 680 2546; x_wconf 86' lang='lat' dir='ltr'>canenti,</span> <span class='ocrx_word' id='word_1_247' title='bbox 696 2510 735 2540; x_wconf 88' lang='lat' dir='ltr'>ob</span> <span class='ocrx_word' id='word_1_248' title='bbox 758 2509 840 2541; x_wconf 90' lang='lat' dir='ltr'>cele-</span> <span class='ocrx_word' id='word_1_249' title='bbox 909 2513 1000 2551; x_wconf 86' lang='lat' dir='ltr'>paret</span> <span class='ocrx_word' id='word_1_250' title='bbox 1020 2508 1188 2551; x_wconf 82' lang='lat' dir='ltr'>diligenter</span> <span class='ocrx_word' id='word_1_251' title='bbox 1210 2508 1364 2551; x_wconf 85' lang='lat' dir='ltr'>distingui</span> <span class='ocrx_word' id='word_1_252' title='bbox 1387 2509 1456 2541; x_wconf 86' lang='lat' dir='ltr'>vult</span> <span class='ocrx_word' id='word_1_253' title='bbox 1476 2510 1587 2542; x_wconf 90' lang='lat' dir='ltr'>Gemi-</span> 
     </span>
     <span class='ocr_line' id='line_1_32' title="bbox 165 2557 1585 2603; baseline -0.001 -11"><span class='ocrx_word' id='word_1_254' title='bbox 165 2562 233 2597; x_wconf 83' lang='lat' dir='ltr'>bre,</span> <span class='ocrx_word' id='word_1_255' title='bbox 251 2560 337 2602; x_wconf 91' lang='lat' dir='ltr'>quod</span> <span class='ocrx_word' id='word_1_256' title='bbox 353 2560 421 2602; x_wconf 86' lang='lat' dir='ltr'>ejus</span> <span class='ocrx_word' id='word_1_257' title='bbox 437 2560 510 2591; x_wconf 85' lang='lat' dir='ltr'>fasti</span> <span class='ocrx_word' id='word_1_258' title='bbox 526 2560 612 2603; x_wconf 80' lang='lat' dir='ltr'>apud</span> <span class='ocrx_word' id='word_1_259' title='bbox 631 2559 764 2591; x_wconf 85' lang='lat' dir='ltr'>rusticos</span> <span class='ocrx_word' id='word_1_260' title='bbox 783 2559 840 2590; x_wconf 84' lang='lat' dir='ltr'>ha·</span> <span class='ocrx_word' id='word_1_261' title='bbox 910 2569 970 2590; x_wconf 88' lang='lat' dir='ltr'>nus</span> <span class='ocrx_word' id='word_1_262' title='bbox 985 2562 1032 2603; x_wconf 85' lang='lat' dir='ltr'>(c.</span> <span class='ocrx_word' id='word_1_263' title='bbox 1047 2557 1108 2598; x_wconf 83' lang='lat' dir='ltr'>xi.)</span> <span class='ocrx_word' id='word_1_264' title='bbox 1124 2559 1192 2591; x_wconf 84' lang='grc' dir='ltr'>ἀπὸ</span> <span class='ocrx_word' id='word_1_265' title='bbox 1209 2561 1271 2598; x_wconf 81' lang='grc' dir='ltr'>τῆς</span> <span class='ocrx_word' id='word_1_266' title='bbox 1283 2558 1468 2598; x_wconf 83' lang='grc' dir='ltr'><em>ἀνατολῆς,</em></span> <span class='ocrx_word' id='word_1_267' title='bbox 1481 2559 1514 2590; x_wconf 89' lang='lat' dir='ltr'>id</span> <span class='ocrx_word' id='word_1_268' title='bbox 1526 2565 1585 2598; x_wconf 89' lang='lat' dir='ltr'>est,</span> 
     </span>
     <span class='ocr_line' id='line_1_33' title="bbox 165 2608 1587 2652; baseline 0 -11"><span class='ocrx_word' id='word_1_269' title='bbox 165 2611 295 2647; x_wconf 84' lang='lat' dir='ltr'>bebant,</span> <span class='ocrx_word' id='word_1_270' title='bbox 312 2620 428 2641; x_wconf 88' lang='lat' dir='ltr'>nomen</span> <span class='ocrx_word' id='word_1_271' title='bbox 448 2609 632 2652; x_wconf 86' lang='lat' dir='ltr'>neminique</span> <span class='ocrx_word' id='word_1_272' title='bbox 652 2608 840 2646; x_wconf 87' lang='lat' dir='ltr'>secundum,</span> <span class='ocrx_word' id='word_1_273' title='bbox 909 2614 979 2640; x_wconf 90' lang='lat' dir='ltr'>ortu</span> <span class='ocrx_word' id='word_1_274' title='bbox 1006 2609 1193 2651; x_wconf 84' lang='lat' dir='ltr'>quotidiano</span> <span class='ocrx_word' id='word_1_275' title='bbox 1222 2614 1292 2652; x_wconf 86' lang='lat' dir='ltr'>post</span> <span class='ocrx_word' id='word_1_276' title='bbox 1321 2608 1397 2640; x_wconf 88' lang='lat' dir='ltr'>solis</span> <span class='ocrx_word' id='word_1_277' title='bbox 1426 2619 1587 2642; x_wconf 87' lang='lat' dir='ltr'>occasum.</span> 
     </span>
     <span class='ocr_line' id='line_1_34' title="bbox 165 2659 1585 2702; baseline 0 -11"><span class='ocrx_word' id='word_1_278' title='bbox 165 2660 231 2691; x_wconf 87' lang='lat' dir='ltr'>fere</span> <span class='ocrx_word' id='word_1_279' title='bbox 247 2659 446 2702; x_wconf 84' lang='lat' dir='ltr'>exploratum</span> <span class='ocrx_word' id='word_1_280' title='bbox 462 2665 521 2692; x_wconf 85' lang='lat' dir='ltr'>est.</span> <span class='ocrx_word' id='word_1_281' title='bbox 561 2660 645 2692; x_wconf 88' lang='lat' dir='ltr'>Vide</span> <span class='ocrx_word' id='word_1_282' title='bbox 664 2660 842 2696; x_wconf 87' lang='lat' dir='ltr'>Lucanum,</span> <span class='ocrx_word' id='word_1_283' title='bbox 910 2659 1015 2692; x_wconf 80' lang='grc' dir='ltr'>Δὺσιν</span> <span class='ocrx_word' id='word_1_284' title='bbox 1041 2659 1119 2691; x_wconf 88' lang='lat' dir='ltr'>item</span> <span class='ocrx_word' id='word_1_285' title='bbox 1143 2659 1214 2692; x_wconf 84' lang='grc' dir='ltr'>ἀπὸ</span> <span class='ocrx_word' id='word_1_286' title='bbox 1241 2662 1303 2699; x_wconf 81' lang='grc' dir='ltr'>τῆς</span> <span class='ocrx_word' id='word_1_287' title='bbox 1327 2659 1487 2702; x_wconf 79' lang='grc' dir='ltr'><em>κρύψεως,</em></span> <span class='ocrx_word' id='word_1_288' title='bbox 1513 2670 1585 2702; x_wconf 89' lang='lat' dir='ltr'>quae</span> 
     </span>
    </p>
   </div>
   <div class='ocr_carea' id='block_1_8' title="bbox 167 2710 1587 2804">
    <p class='ocr_par' dir='ltr' id='par_1_8' title="bbox 167 2710 1587 2804">
     <span class='ocr_line' id='line_1_35' title="bbox 167 2710 1587 2753; baseline 0 -12"><span class='ocrx_word' id='word_1_289' title='bbox 167 2710 279 2741; x_wconf 83' lang='lat' dir='ltr'>Phars.</span> <span class='ocrx_word' id='word_1_290' title='bbox 295 2721 326 2741; x_wconf 86' lang='lat' dir='ltr'>x.</span> <span class='ocrx_word' id='word_1_291' title='bbox 346 2710 420 2741; x_wconf 88' lang='grc'><strong>187.</strong></span> <span class='ocrx_word' id='word_1_292' title='bbox 910 2716 1018 2742; x_wconf 84' lang='lat' dir='ltr'>tamen</span> <span class='ocrx_word' id='word_1_293' title='bbox 1032 2721 1126 2742; x_wconf 90' lang='lat' dir='ltr'>voces</span> <span class='ocrx_word' id='word_1_294' title='bbox 1148 2710 1265 2753; x_wconf 85' lang='lat' dir='ltr'>saepius</span> <span class='ocrx_word' id='word_1_295' title='bbox 1286 2715 1533 2747; x_wconf 87' lang='lat' dir='ltr'>commutantur,</span> <span class='ocrx_word' id='word_1_296' title='bbox 1551 2715 1587 2741; x_wconf 93' lang='lat' dir='ltr'>ut</span> 
     </span>
     <span class='ocr_line' id='line_1_36' title="bbox 211 2759 1193 2804; baseline -0.001 -12"><span class='ocrx_word' id='word_1_297' title='bbox 211 2765 223 2779; x_wconf 59' lang='grc' dir='ltr'><strong>Ζ</strong></span> <span class='ocrx_word' id='word_1_298' title='bbox 244 2759 438 2799; x_wconf 82' lang='grc' dir='ltr'>Ἐπιτολὴν,</span> <span class='ocrx_word' id='word_1_299' title='bbox 454 2760 486 2792; x_wconf 88' lang='lat' dir='ltr'>id</span> <span class='ocrx_word' id='word_1_300' title='bbox 501 2768 548 2793; x_wconf 87' lang='lat' dir='ltr'>est</span> <span class='ocrx_word' id='word_1_301' title='bbox 570 2772 711 2793; x_wconf 89' lang='lat' dir='ltr'>annuum</span> <span class='ocrx_word' id='word_1_302' title='bbox 727 2767 841 2797; x_wconf 85' lang='lat' dir='ltr'>ortum,</span> <span class='ocrx_word' id='word_1_303' title='bbox 911 2762 1029 2803; x_wconf 82' lang='lat' dir='ltr'>passim</span> <span class='ocrx_word' id='word_1_304' title='bbox 1046 2761 1193 2804; x_wconf 80' lang='lat' dir='ltr'>reperies.</span> 
     </span>
    </p>
   </div>
  </div>
 </body>
</html>
