1830 3220
248 209 305 250 52
640 206 692 248 P.
728 204 945 247 OVIDII
978 203 1265 246 NASONIS

257 324 467 372 Sarcula
491 322 789 379 cessabant3
829 322 1066 383 versique
1091 321 1140 367 in
1168 320 1271 384 pila
1295 319 1506 382 ligones,

322 402 580 464 Factaque
606 400 669 447 de
695 399 841 446 rastri
867 399 1093 462 pondere
1119 398 1278 445 cassis
1299 404 1422 445 erat.

1572 397 1671 442 700

254 480 432 527 Gratia
459 479 568 535 Dis,
597 477 873 541 domuique
898 484 1021 525 tuae:
1063 477 1272 540 religata
1295 473 1490 523 catenis

317 557 348 604 J
355 574 434 605 am
460 557 657 621 pridem
682 563 854 603 nostro
881 557 975 603 sub
1001 556 1132 620 pede
1158 555 1293 603 bella
1311 555 1502 618 jacent.

254 635 361 683 Sub
380 636 505 698 juga
531 635 622 681 bos
648 634 846 690 veniat3
876 633 971 680 sub
998 641 1156 681 terras
1182 649 1357 681 semen
1382 637 1576 679 aratas:

323 712 435 760 Pax
463 711 701 759 Cererem
728 711 910 758 nutrit:
953 710 1104 758 Pacis
1131 711 1333 758 alumna
1360 710 1535 757 Ceres.

253 790 349 846 AT,
379 806 493 853 quae
519 797 755 836 venturas
783 788 1040 852 praecedet
1065 796 1212 836 sexta
1237 787 1516 842 Kalendas,
1573 787 1670 833 705

324 867 436 915 Hac
463 877 580 915 sunt
607 867 801 915 Ledaeis
827 867 1018 931 templa
1041 867 1210 915 dicata
1238 866 1367 914 Diis.

257 945 515 994 Fratribus
542 945 627 993 illa
654 946 778 994 Deis
802 945 979 993 fratres
1005 946 1069 992 de
1096 951 1247 1008 gente
1275 944 1501 991 Deorum

325 1024 476 1071 Circa
499 1023 728 1070 Juturnae
755 1039 1085 1087 composuere
1111 1024 1268 1070 lacus.

257 1101 435 1148 Ipsum
463 1118 554 1148 nos
581 1117 784 1149 carmen
809 1101 1017 1148 deducit
1044 1100 1194 1148 Pacis
1221 1099 1284 1147 ad
1311 1115 1477 1154 aram;

325 1178 449 1226 Haec
477 1179 571 1226 erit
596 1195 625 1226 a
651 1178 838 1226 mensis
865 1179 963 1226 fine
990 1177 1215 1226 secunda
1239 1177 1366 1225 dies.

303 1341 487 1371 705—708.
507 1341 643 1371 Pollucis
663 1349 691 1372 ec
711 1343 843 1372 Crateris
858 1348 929 1372 tem-

255 1390 371 1431 plum]
393 1390 453 1421 vl.
470 1390 544 1421 Kal.
563 1390 653 1422 Febr.
671 1402 724 1422 an.
744 1392 784 1422 U.
801 1392 838 1422 C.
857 1392 931 1422 769.

256 1439 402 1471 Tiberius
428 1440 570 1472 Castoris
598 1446 630 1471 et
661 1440 799 1471 Pollucis
830 1441 930 1472 aedern

255 1489 427 1526 dedicavit,
456 1490 605 1532 inscripto
632 1496 664 1521 et
693 1502 750 1522 suo
774 1497 806 1522 et
834 1490 931 1522 Drusi

256 1539 360 1569 fratris
385 1539 533 1577 nomine3
558 1539 632 1576 Dio,
660 1540 716 1571 lib.
737 1540 780 1572 lv.
801 1553 831 1583 p.
853 1541 930 1572 567.

258 1586 374 1619 Confer
391 1588 553 1619 Consolat.
570 1589 610 1619 ad
634 1589 770 1626 Liviam,
788 1601 852 1621 ver.
868 1592 932 1621 283

257 1648 328 1680 sqq.
366 1637 439 1668 Fuit
466 1638 546 1669 illud
577 1639 732 1681 templum
759 1640 799 1670 ad
827 1640 931 1670 lacum

257 1687 433 1718 Juturnum
450 1689 534 1728 (ver.
554 1689 645 1728 463.)
659 1689 690 1719 in
709 1689 773 1720 foro
787 1690 933 1721 Romano

256 1747 355 1779 prope
371 1736 452 1769 Julii
469 1737 603 1769 Caesaris
628 1739 803 1780 templum:
830 1740 874 1770 II.
893 1750 931 1771 ex

256 1786 351 1817 Pont.
374 1786 407 1817 ii.
429 1788 471 1818 85
491 1798 550 1829 sq3
575 1789 743 1820 Suetonius
770 1790 856 1820 Caes.
882 1790 932 1821 10.

257 1835 382 1867 Ledaeis.
436 1836 528 1867 Unus
566 1837 640 1868 MS.
677 1838 819 1875 Ledaeis,
847 1839 932 1870 unde

256 1886 369 1917 Heins.
381 1886 522 1918 Ledaicis
533 1887 742 1930 conjiciebat:
760 1889 816 1920 sed
835 1888 933 1921 forma

257 1935 384 1966 Ledaeus
405 1936 481 1966 satis
507 1937 646 1975 usitata3
673 1938 801 1969 Consol.
818 1939 857 1970 ad
880 1939 932 1970 Li-

260 1984 357 2021 viam,
374 1986 459 2024 2833
486 1986 657 2023 Martialis,
675 1987 717 2018 iv.
733 1989 787 2019 58.
810 1989 932 2020 Leda-as

260 2034 483 2066 Lacedoemonis
498 2037 663 2076 palastras.
689 2038 737 2069 De
750 2045 842 2080 gente
854 2039 931 2070 Deu-

257 2095 341 2120 rum,
357 2084 398 2115 de
419 2090 514 2126 gente
531 2086 690 2118 Caesarea.
726 2088 932 2128 Composuere,

258 2133 421 2176 conjuncti
438 2146 581 2177 posuere.
619 2137 709 2168 Nove
724 2137 768 2168 sic
785 2137 919 2169 dictum.

302 2183 377 2214 709.
401 2185 466 2215 Ara
489 2184 607 2226 Pacis.]
627 2189 707 2217 Aras
726 2193 846 2218 veteres
867 2194 930 2218 sta-

258 2233 391 2264 tuebant
407 2234 463 2270 rei,
475 2245 569 2276 quam
586 2242 739 2278 cuperent
755 2236 932 2268 laudatam.

256 2282 334 2314 Vid.
346 2283 473 2326 Lipsius
487 2284 524 2315 ad
540 2285 645 2316 Tacit.
659 2286 725 2317 An.
739 2286 759 2318 i.
778 2288 827 2318 13.
856 2287 931 2319 Paci

258 2332 337 2363 Deae
357 2333 424 2374 jam
441 2333 653 2366 Athenienses
675 2346 745 2367 aras
766 2347 930 2368 consecra-

260 2387 353 2421 runt3
378 2382 433 2413 sed
455 2383 569 2414 Romae
595 2391 668 2415 ante
689 2385 828 2426 Augusti
853 2392 932 2417 tem-

261 2442 339 2474 pora
356 2432 452 2463 nullis
468 2433 528 2464 fuit
538 2435 748 2466 monumentis
758 2435 933 2467 honestata.

258 2482 305 2513 Eo
321 2481 450 2513 tandem
466 2482 650 2524 imperante,
663 2490 792 2516 senatus
806 2486 929 2528 populi-

256 2541 317 2573 que
337 2531 428 2574 jussu
451 2543 508 2562 ara
532 2533 624 2563 Pacis
647 2533 750 2574 posita
776 2540 823 2565 est
848 2545 931 2566 anno

256 2582 298 2612 U.
314 2581 353 2613 C.
376 2581 450 2611 741.
470 2581 522 2612 die
545 2581 588 2612 vi.
613 2583 686 2612 Non
711 2583 779 2614 Jul.
804 2583 836 2614 in
862 2583 931 2626 ipsa

256 2631 357 2662 curia.
406 2631 451 2662 Eo
475 2631 559 2663 enirn
585 2643 667 2664 anno
688 2632 865 2675 AugustuS‚
882 2645 928 2666 re-

257 2681 316 2712 bus
330 2679 362 2712 in
374 2680 494 2718 Gallia,
504 2681 673 2723 Hispania,
692 2683 928 2726 Germaniaque

257 2741 400 2773 prospere
423 2730 588 2767 confectis,
615 2731 753 2762 Romam
779 2732 926 2764 redierat.

256 2780 354 2812 Aram
370 2786 402 2811 et
419 2780 534 2811 Noster
551 2780 608 2811 lib.
626 2780 671 2812 iii.
690 2782 766 2812 882.
779 2788 810 2813 et
825 2783 924 2814 Juve-

1575 1176 1674 1221 710

1000 1341 1081 1372 nalis
1091 1342 1159 1371 Sat.
1174 1340 1195 1371 i.
1214 1342 1286 1373 115.
1301 1344 1488 1375 memorant,
1500 1343 1568 1369 tum
1584 1347 1676 1368 num-

1000 1390 1043 1420 mi
1069 1390 1230 1421 exhibent.
1270 1389 1347 1421 Vid.
1363 1388 1509 1421 Goltzius
1533 1386 1566 1418 in
1588 1386 1678 1429 Aug.

1001 1452 1031 1482 p.
1048 1439 1116 1470 lvii.
1135 1451 1167 1470 n.
1187 1441 1238 1470 12.
1277 1439 1329 1470 Ad
1343 1449 1413 1470 earn
1430 1438 1477 1469 bis
1493 1437 1674 1479 quotannis,

1000 1489 1145 1521 Januarii
1161 1495 1192 1520 et
1210 1489 1318 1520 Martii
1335 1487 1494 1519 tricesimo
1511 1486 1562 1518 die
1578 1485 1676 1518 sacri·

1002 1540 1143 1571 ficatum.
1194 1539 1276 1570 Vide
1307 1537 1434 1570 omnino
1463 1536 1606 1569 Fischer.
1635 1536 1675 1568 de

1003 1591 1070 1621 Ara
1098 1590 1202 1621 Pacis.
1250 1590 1335 1625 Hccc,
1363 1598 1476 1631 nempe
1499 1597 1564 1630 qua
1586 1597 1678 1618 sacra

1001 1640 1081 1670 fiunt
1097 1639 1137 1670 ad
1153 1650 1239 1671 aram
1255 1639 1354 1670 illam.
1400 1638 1439 1669 In
1451 1637 1557 1669 verbis
1571 1636 1676 1678 Ipsum

1001 1701 1052 1720 uos
1073 1701 1206 1726 carmen,
1223 1696 1286 1720 etc.
1309 1687 1494 1720 commodus
1513 1694 1545 1719 et
1568 1692 1676 1729 gratus

1002 1740 1160 1771 transitus.
1194 1739 1338 1770 Victoria
1351 1740 1481 1770 Actiaca
1491 1748 1589 1780 quum
1607 1743 1677 1768 tan-

1001 1790 1074 1820 dem
1090 1790 1156 1820 orbi
1168 1789 1326 1825 Romano,
1339 1789 1433 1820 bellis
1448 1787 1606 1820 continuis
1621 1797 1677 1830 per

1001 1839 1094 1881 plura
1123 1839 1242 1871 saecula
1269 1839 1445 1882 profligato,
1466 1848 1579 1881 pacem
1605 1837 1677 1870 red-

1001 1889 1146 1925 didisset,
1159 1889 1310 1932 praeclare
1328 1899 1412 1920 nunc
1428 1888 1676 1930 Paxfrnndibus

1001 1938 1051 1969 vel
1065 1938 1143 1970 oleae
1159 1940 1210 1970 vel
1226 1939 1307 1970 lauri
1320 1941 1410 1980 (nain
1428 1945 1562 1980 utraque
1578 1947 1675 1980 paca-

1000 1988 1056 2028 lis)
1087 1989 1204 2031 quibus
1233 1996 1303 2031 post
1326 1989 1414 2020 illam
1437 1987 1603 2020 victoriam
1626 1999 1675 2020 or·

1002 2045 1077 2070 nata
1101 2047 1181 2074 erat,
1207 2038 1317 2070 adesse
1334 2039 1476 2081 jubetur.
1524 2038 1676 2070 Heinsius

1003 2098 1075 2119 vero
1090 2087 1240 2130 intelligit
1254 2087 1399 2119 frondem
1419 2088 1562 2119 lauream
1576 2087 1676 2130 Apol·

1001 2137 1058 2169 lini
1086 2140 1174 2170 Actio
1203 2148 1338 2170 sacram.
1383 2138 1435 2169 Sic
1465 2143 1498 2169 et
1526 2138 1675 2170 Lenzius.

1002 2188 1181 2219 Bochartus
1204 2188 1357 2225 malebat,
1369 2188 1539 2229 frondibus
1556 2188 1675 2225 clamis,

1002 2237 1033 2269 id
1049 2244 1109 2274 est,
1125 2239 1205 2270 olea.
1253 2239 1370 2269 Comtos
1383 2238 1450 2281 jam
1466 2237 1619 2270 Ciofanus
1633 2248 1673 2269 ex

1001 2287 1128 2331 optimis
1143 2288 1214 2319 cod.
1230 2287 1362 2319 invexit.
1401 2289 1605 2319 Burmannus
1620 2298 1675 2319 no-

1003 2343 1060 2373 tat,
1098 2349 1197 2374 canos,
1225 2338 1309 2380 quod
1342 2337 1456 2379 reliqui
1493 2337 1676 2379 praeferunt,

1002 2387 1183 2418 diuturnam
1200 2392 1232 2418 et
1247 2387 1338 2429 quasi
1354 2392 1539 2429 perpetuam
1560 2397 1675 2429 pacem

1002 2437 1154 2469 indicare.
1201 2436 1286 2468 Mihi
1299 2447 1369 2468 vero
1384 2447 1465 2468 cana
1479 2437 1547 2468 Pax
1563 2447 1674 2479 parum

1000 2486 1131 2529 placet3
1155 2497 1258 2529 neque
1279 2487 1324 2518 sic
1347 2487 1429 2518 bene
1453 2487 1675 2530 perpetuitatis

1000 2536 1155 2568 rationem
1193 2542 1287 2579 poeta
1323 2537 1523 2579 expresserit.
1576 2537 1675 2568 comni

999 2592 1109 2617 contra
1145 2586 1255 2628 capilli
1284 2586 1498 2617 venerandam
1535 2585 1674 2618 reddunt

999 2633 1113 2665 faciem
1141 2635 1264 2675 (Tibul.
1282 2636 1342 2667 IV.
1357 2635 1391 2667 ii.
1408 2635 1480 2677 10.)
1499 2642 1532 2667 et
1556 2645 1671 2667 conve-

999 2684 1091 2715 niunt
1107 2685 1154 2716 his
1170 2686 1374 2717 solemnibus.
1424 2686 1561 2718 Possunt
1575 2685 1671 2717 etiam

999 2735 1094 2766 verba
1116 2742 1224 2766 comtos
1244 2738 1386 2767 redimita
1401 2747 1418 2768 e
1434 2736 1525 2779 copia
1544 2735 1670 2779 poetica

999 2784 1086 2815 dicta
1101 2795 1168 2816 esse
1183 2796 1240 2828 pro
1256 2797 1319 2817 uno
1335 2793 1442 2818 comta.
1475 2786 1527 2817 Ita
1540 2785 1669 2817 AEneid.
