1830 3220
788 187 926 230 IBIS.

1485 192 1570 232 513

146 302 284 350 Aera
308 303 350 349 si
375 303 530 350 misso
556 319 771 350 vacuum
791 305 1085 367 jaculabere
1110 303 1268 361 disco,

214 379 328 434 Quo
355 396 479 443 puer
505 379 788 436 OEbalides,
816 380 946 428 ictus
973 381 1036 428 ab
1063 382 1184 429 orbe
1211 382 1382 429 cadas.

1465 384 1564 430 590

146 455 198 502 Si
228 473 331 519 qua
354 473 445 521 per
470 457 687 504 alternos
714 458 998 521 pulsabitur
1024 459 1160 505 unda
1184 459 1418 516 lacertos,

215 533 395 581 Omnis
420 534 673 598 Abydena
699 534 765 581 sit
789 534 880 581 tibi
905 535 1048 598 pejor
1073 551 1222 599 aqua.

143 611 383 660 Comicus
411 620 466 659 ut
491 612 671 660 mediis
698 613 860 676 periit,
888 613 1010 660 dum
1036 614 1205 670 nabat,
1234 614 1284 660 in
1311 614 1478 668 undis,

214 689 283 737 Et
307 697 396 738 tua
421 691 492 737 sic
522 690 734 754 Stygius
762 692 1044 754 strangulet
1068 708 1155 738 ora
1178 692 1371 755 liquor:

144 766 250 815 Aut
275 768 361 815 ubi
385 775 652 816 ventosum
679 769 932 832 superaris
958 769 1228 833 naufragus
1255 786 1443 833 aequor,
1467 772 1564 818 595

217 844 467 892 Contacta
491 861 686 909 pereas,
715 853 771 892 ut
796 845 1084 904 Palinurus,
1113 848 1283 894 humo.

150 921 325 986 thue
350 924 707 971 cothurnatum
733 931 900 972 vatem
925 925 1087 972 tutela
1114 924 1309 982 Dianae,

217 1000 480 1049 Dilanient
503 1002 710 1064 vigilum
736 1009 786 1049 te
813 1018 1019 1066 quoque
1044 1003 1193 1050 turba
1217 1019 1416 1050 canum.

147 1078 252 1126 Aut
276 1087 331 1126 tu
357 1079 647 1126 Trinacrius
675 1079 826 1127 salias
853 1096 1005 1144 super
1030 1096 1118 1127 ora
1143 1081 1378 1144 gigantis,

216 1156 442 1205 Plurima
468 1173 570 1221 qua
595 1158 825 1205 flammas
855 1157 1053 1205 Sicanis
1081 1158 1233 1206 AEtna
1255 1159 1426 1206 vomit.
1467 1161 1566 1206 600

150 1235 507 1301 Diripiantque
532 1244 645 1284 tuos
673 1237 862 1284 insanis
889 1237 1143 1298 unguibus
1170 1244 1307 1284 artus

217 1314 521 1379 Strymoniae
547 1322 752 1371 matres,
782 1314 1017 1379 Orpheos
1043 1331 1155 1362 esse
1181 1323 1318 1362 ratae.

148 1392 314 1441 Natus
345 1400 397 1440 ut
421 1393 633 1440 Althaeae
660 1393 878 1440 flammis
905 1393 1203 1440 absentibus
1230 1392 1369 1448 arsit,

218 1471 304 1518 Sic
329 1478 446 1518 tuus
473 1470 708 1518 ardescat
734 1470 922 1535 stipitis
948 1471 1064 1533 igne
1091 1486 1260 1533 rogus.

150 1549 224 1597 Ut
239 1565 367 1596 nova
385 1548 639 1597 Phasiaca
657 1566 959 1614 comprensa
977 1557 1055 1597 est
1070 1556 1232 1613 nupta
1251 1563 1452 1603 corona,
1471 1549 1568 1594 605

218 1627 395 1691 thue
420 1633 564 1690 pater
589 1634 780 1692 nuptae,
808 1643 1030 1691 cumque
1056 1632 1267 1690 parente
1293 1626 1505 1682 domus3

154 1704 227 1752 Ut
250 1720 397 1753 cruor
423 1703 707 1752 Herculeos
735 1705 859 1753 abiit
880 1705 1095 1752 diffusus
1121 1704 1172 1751 in
1199 1711 1366 1760 artus;

221 1783 449 1847 Corpora
473 1782 769 1847 pestiferum
796 1782 868 1830 sic
894 1790 983 1830 tua
1006 1781 1141 1829 virus
1169 1782 1304 1829 edat.

151 1939 218 1961 rore
237 1929 276 1960 ob
299 1934 443 1960 natorum
466 1927 627 1960 interitum
645 1929 677 1959 in
693 1939 828 1959 marmor

152 1971 268 2010 dieitur
289 1989 391 2015 versa,
407 1984 443 2009 ut
464 1979 504 2009 ab
522 1978 620 2010 Ovid.
635 1978 668 2009 in
693 1979 828 2010 Metam.

153 2029 210 2060 lib.
225 2029 268 2060 vi.
284 2028 478 2071 accepimus.

199 2081 275 2112 588.
300 2080 343 2110 Et
369 2081 454 2110 laesus
482 2080 592 2120 lingua
620 2078 762 2120 Battus]
791 2079 830 2109 In

158 2128 375 2171 Metamorph.
391 2129 424 2160 ii.

197 2180 275 2211 590.
313 2179 379 2214 Quo
414 2178 518 2219 paen]
559 2177 774 2220 Hyacinthus,
814 2190 832 2209 a

155 2230 280 2261 Phoebo
304 2228 450 2265 dilectus,
472 2228 506 2259 in
526 2227 601 2259 ludo
624 2228 705 2259 disci
732 2229 771 2259 ab
795 2238 832 2259 eo

157 2285 205 2310 est
220 2278 381 2310 extinctus
392 2289 447 2320 per
461 2277 720 2320 imprudentiam.
736 2277 831 2309 Dosr.

201 2330 277 2361 593.
303 2329 442 2360 Comicus
466 2335 503 2359 ut
526 2328 659 2368 mediis]
692 2327 831 2359 Terentii

157 2379 390 2411 comoediarum
415 2378 576 2421 scriptoris
601 2377 759 2419 significat
785 2377 832 2408 in-

157 2430 299 2466 teritum,
327 2429 394 2472 qui,
422 2440 519 2471 quum
557 2438 596 2459 ex
629 2427 755 2459 Graecia
784 2439 832 2459 re-

157 2480 260 2516 diens,
286 2490 400 2511 navem
428 2478 675 2514 conscendisset,
705 2477 833 2508 nauFra-

159 2530 211 2572 gio
232 2531 337 2573 periit,
357 2537 388 2561 et
410 2540 482 2561 cum
506 2540 543 2561 eo
566 2528 683 2560 fabulae
705 2529 777 2560 108.
794 2539 833 2559 ex

159 2580 341 2612 Menandro
352 2590 524 2615 conversae,
540 2579 738 2610 interierunt.
753 2579 836 2610 ΖΑΗ.

159 2632 344 2662 ——Comicus
364 2638 399 2662 ut
425 2632 542 2661 mediis.
590 2629 746 2671 Egnatius
771 2630 835 2660 Eu-

159 2681 258 2724 polim
276 2680 444 2712 Comicum
467 2686 559 2722 putat
577 2679 724 2721 intelligi,
741 2689 836 2721 quem

159 2730 244 2762 bello
269 2730 539 2773 Peloponnesiaco
568 2730 599 2760 in
630 2729 836 2772 Hellesponto

161 2780 290 2823 periisse
318 2779 483 2821 naufragio
509 2786 632 2810 constat
658 2790 696 2810 ex
725 2778 836 2809 Suida.

212 2830 313 2862 VOL.
332 2830 380 2861 Υ.

898 1927 1047 1970 Eupolim
1061 1937 1135 1958 vero
1150 1927 1232 1958 inter
1246 1926 1358 1968 priscae
1375 1924 1576 1956 commoediae

898 1978 1059 2020 principes
1083 1983 1230 2008 numerat
1254 1976 1361 2007 Flacc.
1383 1976 1440 2006 lib.
1460 1975 1484 2005 i.
1509 1975 1577 2006 Sat.

898 2028 940 2058 iv.
958 2038 1020 2059 ver.
1040 2028 1067 2058 l.
1092 2027 1181 2058 VAL.
1200 2027 1315 2057 Axon.

945 2079 1021 2109 597.
1067 2077 1199 2118 thue]
1255 2074 1435 2117 EuripideS‚
1477 2085 1577 2116 quum

902 2127 989 2170 apud
1029 2126 1226 2158 Archelaum
1264 2135 1370 2166 regem
1408 2130 1579 2160 coenasset,

901 2178 1095 2219 domumque
1118 2181 1339 2211 reverteretur,
1363 2185 1382 2205 a
1404 2174 1538 2205 canibus
1560 2185 1579 2205 a

901 2229 1040 2271 quodam
1064 2228 1180 2259 aemulo
1195 2226 1356 2262 immissis,
1373 2231 1421 2257 est
1437 2225 1578 2268 discerp-

901 2286 952 2311 tus
967 2292 975 2319 ;
1000 2279 1075 2311 Val.
1090 2280 1228 2309 Maxim.
1245 2278 1302 2308 lib.
1320 2277 1366 2308 ix.
1382 2287 1453 2318 cap.
1473 2277 1523 2306 12.

945 2330 1019 2361 602.
1036 2328 1244 2370 Strymonia]
1261 2327 1419 2358 Mulieres
1430 2325 1576 2357 Thraciae

904 2379 1070 2422 Orpheum
1085 2378 1256 2409 laniarunt.
1279 2377 1324 2408 D.

948 2430 1025 2461 605.
1057 2429 1098 2459 Ut
1125 2440 1203 2459 nova
1231 2428 1383 2458 Phasiaca
1408 2436 1580 2466 comprensa

902 2486 944 2510 ese
985 2486 1082 2519 nupta
1119 2478 1258 2518 corona]
1301 2476 1410 2518 Eurip.
1440 2475 1578 2506 Medea:

903 2535 923 2547 ‘⁴
938 2529 1008 2560 Nec
1029 2528 1131 2571 potuit
1152 2538 1294 2570 unquam
1317 2526 1444 2568 gravius
1467 2524 1581 2556 ulcisci

904 2579 1018 2610 virum.
1055 2579 1177 2610 Ornata
1192 2587 1330 2619 namque
1347 2575 1507 2607 Colchicis
1522 2574 1579 2605 do-

905 2630 953 2661 nis
969 2629 1049 2672 perit
1065 2630 1187 2661 Creusa
1201 2640 1207 2658 :
1233 2634 1331 2658 totam
1347 2626 1477 2656 flamma
1493 2635 1579 2656 com-

905 2679 1033 2721 prendit
1070 2678 1211 2709 domum.
1268 2676 1379 2718 Ipsum
1409 2674 1580 2706 Creontem

906 2728 1035 2771 corripit
1056 2729 1194 2769 flagrans
1214 2727 1295 2761 lues,
1311 2726 1402 2757 Carae
1426 2723 1579 2766 supremis

907 2785 1012 2821 gnatae
1028 2777 1236 2809 inhaerentem
1249 2775 1405 2807 osculis.’⁷

1046 2830 1064 2859 :3
1091 2829 1116 2859 U
