1830 3220
692 185 1124 229 CONSOLATIO.

1537 191 1624 232 427

190 303 300 352 Nec
328 320 486 368 quum
512 304 755 352 victorem
784 303 1028 352 referetur
1053 304 1235 353 adesse
1264 303 1539 362 Neronem,

257 382 442 430 Dicere
462 383 570 445 jam
597 389 790 446 potero,
821 381 1006 445 Major,
1029 399 1090 430 an
1119 383 1265 440 alter,
1287 384 1469 432 adest?
1525 388 1619 434 150

191 461 384 509 Ultima
406 461 743 525 contigimus:
767 462 853 526 jus
881 461 1055 509 matris
1083 462 1329 510 habemus
1357 463 1420 510 ab
1448 480 1576 513 uno:

256 539 422 588 Unius
447 547 526 588 est
553 557 753 596 munus,
782 540 921 604 quod
944 547 1116 589 tamen
1142 541 1266 589 orba
1291 558 1464 606 negor.

185 617 274 667 Me
301 619 559 667 miseram!
588 618 1095 683 extimui,frigusque
1117 635 1207 684 per
1229 635 1347 668 ossa
1362 621 1615 681 cucurrit;

252 698 337 746 Nil
363 715 460 763 ego
480 700 587 763 jam
614 715 823 764 possum
850 708 990 747 certa
1015 715 1195 748 vocare
1223 716 1414 749 meum.

186 776 284 825 Hic
311 795 454 826 meus
480 794 603 827 ecce
628 777 749 826 fuit:
785 779 935 842 jubet
961 779 1042 826 hic
1068 779 1133 827 de
1158 778 1312 827 fratre
1329 780 1488 828 vereri
1510 799 1521 837 3

255 856 442 904 Omnia
461 858 568 920 jam
596 864 768 904 metuo
792 874 801 905 :
845 856 1015 905 fortior
1041 865 1158 905 ante
1181 856 1270 905 fui.

1524 861 1615 906 156

186 935 393 1000 Sospite
420 944 471 984 te
498 936 681 984 saltem
708 936 908 992 moriar,
942 935 1105 984 Nero!
1146 943 1201 984 tu
1229 952 1343 984 mea
1367 937 1558 986 condas

255 1014 487 1071 Lumina,
516 1022 567 1063 et
593 1016 820 1081 excipias
847 1015 977 1064 hanc
1006 1016 1226 1064 animam
1253 1032 1339 1064 ore
1366 1016 1466 1080 pio,

184 1092 357 1158 Atque
384 1094 578 1142 utinam
604 1094 757 1142 Drusi
778 1111 958 1142 manus
979 1095 1154 1152 altera,
1178 1102 1231 1143 et
1253 1095 1412 1143 altera
1430 1095 1613 1153 fratris,

255 1172 554 1222 Formarent
579 1174 754 1222 oculos
780 1173 1285 1239 comprimerentque
1307 1174 1475 1222 meos!
1522 1177 1615 1223 160

184 1251 335 1308 Quod
364 1253 501 1310 licet,
531 1253 626 1301 hoc
652 1260 790 1301 certe
818 1253 1013 1301 tumulo
1041 1269 1289 1318 ponemur
1314 1253 1365 1301 in
1393 1270 1509 1310 uno,

254 1330 449 1389 Druse3
493 1348 662 1396 neque
689 1332 751 1380 ad
779 1339 975 1380 veteres
1001 1332 1238 1380 conditus
1264 1332 1360 1380 ibis
1387 1349 1524 1381 avos.

183 1409 445 1458 Miscebor
468 1410 731 1475 cinerique
758 1410 902 1467 cinis,
926 1417 1085 1474 atque
1111 1411 1312 1459 ossibus
1340 1428 1472 1460 ossa.

252 1488 398 1538 Hanc
425 1490 593 1538 lucem
619 1490 772 1539 celeri
798 1490 999 1538 turbine
1031 1490 1191 1538 Parca
1220 1498 1339 1538 neat
1359 1490 1401 1538 Γ

1516 1494 1607 1539 164

182 1567 308 1617 Haec
334 1576 386 1618 et
406 1570 551 1634 plura
571 1569 746 1618 refert:
775 1570 996 1617 lacrimae
1025 1586 1117 1618 sua
1131 1569 1285 1618 verba
1306 1576 1609 1634 sequuntur,

251 1648 461 1714 Oraque
489 1649 835 1713 nequicquam
863 1665 953 1713 per
972 1649 1125 1697 modo
1147 1656 1331 1713 questa
1356 1649 1537 1696 fluunt.

181 1727 319 1783 Quin
344 1729 498 1776 etiam
518 1744 720 1793 corpus,
750 1728 895 1776 matri
922 1728 1006 1775 vix
1033 1728 1224 1793 vixque
1246 1728 1532 1784 remissum,

251 1806 529 1872 Exsequiis
555 1807 734 1865 caruit,
765 1807 920 1862 Livia,
950 1824 1082 1872 pene
1109 1808 1231 1855 suis.

228 1999 300 2031 150.
327 1999 442 2040 sslajor,
464 2011 505 2030 an
529 2000 610 2030 ulter
636 2001 719 2030 adest
733 1999 762 2040 ?]
791 1999 860 2031 Nec

179 2061 321 2092 quaerere
333 2050 400 2093 jam
414 2056 534 2093 potero,
549 2057 618 2081 uter
635 2049 726 2081 adest
739 2049 860 2081 victor?

178 2101 312 2133 Natune
343 2101 454 2144 major,
479 2101 626 2132 Tiberius
653 2100 791 2137 scilieet,
819 2111 859 2132 an

180 2153 306 2184 Drusus
330 2152 448 2184 frater?
472 2152 579 2183 Ambo
601 2158 709 2183 autem
727 2151 860 2183 victores

172 2204 241 2246 jam
268 2203 426 2235 redierant
456 2214 473 2234 e
504 2202 642 2238 Rhaetis,
666 2202 857 2239 Vindelicis,

177 2260 242 2286 etc.
267 2265 339 2296 quae
362 2253 494 2296 quidem
522 2252 662 2284 victoriae
689 2252 858 2294 magnifice

177 2304 258 2336 adeo
281 2304 410 2336 fuerunt
433 2305 474 2336 ab
507 2303 640 2335 Horatio
665 2303 858 2341 decantatae,

175 2356 231 2387 lib.
247 2355 291 2387 iv.
309 2355 376 2387 Od.
394 2356 415 2386 4
431 2362 462 2387 et
482 2355 532 2386 14.

227 2407 298 2437 161.
326 2406 415 2442 Quod
439 2408 520 2443 licet,
547 2406 599 2436 hoc
623 2411 715 2442 certe,
741 2406 860 2435 tumulo

175 2468 388 2498 compatiemur
405 2458 435 2488 in
449 2456 540 2498 ἰιηο.]
557 2456 583 2487 Ο
594 2462 674 2487 certe
686 2454 860 2497 legendum

176 2508 326 2539 monebat
357 2508 523 2539 Heinsius.
567 2507 698 2538 Tumulo
724 2508 756 2537 ἱη
787 2518 861 2537 uno.

176 2557 217 2589 In
239 2559 400 2590 mausoleo
416 2559 593 2594 Caesarum,
611 2568 673 2588 non
695 2557 726 2588 in
748 2567 858 2588 monu-

178 2613 286 2639 mento
307 2608 453 2640 Claudiae
476 2608 526 2639 vel
553 2607 651 2639 Liviae
676 2607 803 2649 gentis;
829 2614 862 2638 et

177 2658 223 2690 ita
250 2658 370 2691 factum
401 2659 499 2691 fuisse
536 2664 645 2690 narrat
675 2659 741 2690 Dio
771 2658 861 2690 Cass.

179 2707 225 2741 lv.

226 2760 299 2791 163.
321 2760 471 2791 Miscebat=
485 2761 642 2801 cinerique
657 2759 762 2801 einim]
792 2759 862 2791 Nec

179 2818 253 2841 voto
273 2809 416 2851 excidit5
440 2821 515 2843 nam
538 2810 572 2842 in
595 2810 707 2842 eodem
727 2810 864 2847 tumulo,

931 2010 994 2041 quo
1011 1999 1147 2036 Drusus,
1163 1998 1257 2030 Livia
1277 1999 1407 2031 condita
1425 1999 1485 2031 fuit
1502 2012 1511 2039 3
1535 2006 1613 2033 teste

930 2049 1083 2090 scriptore
1122 2049 1248 2087 eodem,
1282 2049 1413 2082 ineunte
1446 2050 1502 2082 lib.
1535 2051 1615 2084 lviii.

931 2100 1115 2138 Conferant,
1149 2101 1204 2143 qui
1243 2100 1361 2132 talibus
1401 2100 1614 2139 delectantur,

929 2152 1104 2183 orationem
1144 2151 1227 2182 hanc
1265 2151 1365 2183 Liviae
1405 2162 1479 2183 cum
1510 2151 1614 2184 verbis

931 2201 1083 2238 Evandri,
1102 2203 1179 2234 AEn.
1195 2201 1239 2234 xi.
1259 2203 1332 2234 152.
1348 2212 1444 2245 super
1469 2202 1612 2234 exstinc-

929 2259 996 2283 tum
1014 2252 1163 2284 Pallanta
1178 2251 1429 2295 procumbentis,
1444 2262 1614 2295 erumpen-

928 2302 1033 2345 tisque
1061 2303 1092 2334 in
1116 2303 1173 2334 has
1197 2313 1308 2334 voces:
1344 2307 1366 2320 ‘⁶
1387 2302 1462 2334 Non
1484 2302 1566 2340 haec,
1592 2303 1611 2334 ὃ

930 2353 1032 2390 Palla,
1049 2352 1184 2385 dederas
1200 2352 1352 2395 promissa
1369 2352 1533 2395 parenti,’'
1549 2358 1613 2385 etc.

977 2404 1049 2434 167.
1072 2403 1162 2438 Quin
1187 2404 1279 2434 etiam
1306 2413 1414 2443 corpus
1440 2404 1535 2434 matri
1563 2404 1614 2435 vix

930 2457 1036 2496 viique
1052 2453 1233 2495 remissum]
1244 2453 1276 2485 Is
1291 2458 1360 2485 erat
1375 2453 1513 2485 militum
1525 2464 1613 2485 amor

930 2504 962 2536 in
979 2505 1135 2542 Drusum,
1155 2510 1189 2536 ut
1203 2504 1408 2547 auferendam
1424 2504 1502 2546 ipsis
1517 2502 1614 2535 fuerit

930 2565 1065 2597 corpus3
1090 2554 1176 2597 quod
1192 2565 1291 2597 quum
1316 2553 1451 2585 retinere
1473 2564 1536 2584 non
1557 2563 1612 2596 po-

931 2605 1077 2643 tuissent,
1108 2606 1182 2637 duci
1222 2605 1335 2636 saltem
1370 2609 1612 2635 monumentum

931 2656 1026 2688 inane
1048 2655 1193 2699 quidem,
1212 2655 1269 2687 sed
1289 2654 1494 2698 splendidum
1515 2665 1610 2696 posu-

932 2712 1036 2744 erunt,
1059 2707 1100 2738 ad
1125 2706 1291 2743 Rhenum,
1307 2705 1384 2748 ipsis
1404 2704 1438 2735 in
1457 2703 1536 2735 locis
1558 2703 1614 2735 ubi

933 2757 1166 2790 Germanorum
1180 2756 1337 2799 impetum
1356 2755 1397 2788 ad
1412 2760 1539 2797 tempus
1554 2754 1615 2785 fre-

934 2813 1038 2850 gerat.
