1830 3220
569 181 921 224 FASTORUM
954 181 1076 223 LIB.
1100 180 1138 223 I.
1504 180 1562 221 27

138 298 379 347 Nondum
406 300 683 364 pertulerat
708 299 1016 363 lacrymatas
1043 297 1230 345 cortice
1257 296 1486 361 myrrhas

202 376 334 425 Acta
359 394 448 442 per
473 392 733 442 aequoreas
759 376 961 441 hospita
985 376 1126 423 navis
1152 391 1329 438 aquas.

1456 376 1556 421 340

133 453 268 502 Tura
291 472 386 503 nec
415 455 719 520 Euphrates,
748 471 841 502 nec
869 454 1074 501 miserat
1098 453 1247 501 India
1271 459 1486 508 costum,

202 532 249 579 N
255 549 314 581 ec
340 533 539 601 fuerant
563 534 698 580 rubri
725 532 930 595 cognita
953 532 1038 579 fila
1062 531 1212 579 croci.

131 610 235 659 Ara
259 612 415 660 dabat
438 612 619 668 fumos,
648 611 818 659 herbis
841 618 1081 658 contenta
1110 608 1331 664 Sabinis,

199 689 268 737 Et
292 707 393 737 non
418 690 604 753 exiguo
629 688 800 737 laurus
828 690 1010 737 adusta
1035 704 1176 736 sono,

132 767 188 815 Si
215 767 330 831 quis
355 775 480 824 erat,
507 767 653 815 factis
679 768 810 832 prati
836 768 900 815 de
925 767 1046 814 flore
1072 765 1272 814 coronis

1452 766 1550 811 345

198 844 298 900 Qui
324 852 498 910 posset
521 846 678 893 violas
705 845 907 900 addere,
936 845 1077 892 dives
1104 850 1226 891 erat.

131 922 246 980 Hic,
275 923 362 987 qui
388 940 523 971 nunc
549 923 710 988 aperit
730 921 959 988 percussi
984 921 1178 969 viscera
1198 920 1345 976 tauri,

198 1000 259 1049 In
285 1002 441 1050 sacris
466 1003 659 1049 nullum
686 1002 847 1050 culter
873 1001 1095 1050 habebat
1119 1016 1264 1064 opus.

126 1131 260 1157 raverat.
308 1126 393 1158 Hinc
415 1137 501 1169 saepe
523 1127 592 1169 ejus
615 1127 651 1158 fit
672 1126 805 1158 mentio.

126 1174 289 1211 Horatius,
305 1176 369 1207 III.
386 1176 450 1208 Od.
466 1176 555 1207 xxiii.
574 1177 624 1208 19.
640 1176 693 1207 ubi
714 1182 806 1218 urget

126 1223 197 1261 hoc,
214 1225 301 1256 Deos
327 1237 390 1257 non
414 1226 554 1257 muneris
576 1226 724 1268 pretium,
747 1226 803 1257 sed

125 1280 265 1306 mentem
299 1275 385 1318 piam
420 1275 584 1318 respicere,
615 1280 636 1293 “
661 1275 804 1306 Mollivit

124 1333 251 1355 aversos
266 1324 404 1356 Penates
419 1325 513 1356 Fari-e
535 1325 587 1368 pio
610 1330 642 1357 et
666 1324 801 1357 saliente

124 1373 242 1405 mica.''

168 1425 245 1455 339.
279 1423 414 1458 Plinius,
439 1424 562 1456 Histor.
585 1425 663 1456 Nat.
687 1424 753 1456 xiii.
772 1427 800 1456 1.

123 1474 270 1506 “Iliacis
299 1475 496 1517 temporibus
530 1486 592 1506 non
622 1482 711 1506 erant
738 1486 798 1506 un-

122 1530 264 1566 guenta;
291 1535 348 1556 nec
364 1531 433 1556 ture
448 1525 723 1568 supplicabatur.''
747 1526 800 1558 De

124 1574 255 1605 Romuli
286 1580 318 1606 et
344 1576 460 1606 Numae
493 1575 687 1618 temporibus
714 1575 799 1607 idem

122 1630 230 1656 monet
251 1622 412 1657 Arnobius
436 1631 546 1657 contra
569 1626 668 1657 Gent.
691 1625 746 1656 vii.
767 1637 800 1668 p.

122 1675 199 1706 232.
244 1675 362 1706 Noster
375 1680 482 1707 tamen
495 1676 539 1706 iii.
550 1677 625 1708 713.
638 1686 654 1706 a
668 1676 800 1707 Baccho

116 1724 196 1766 jam,
206 1723 301 1756 India
316 1725 490 1763 debellata,
502 1725 627 1762 odores,
637 1725 798 1762 cinnama,

121 1777 192 1805 tura
207 1773 284 1805 data
298 1785 365 1806 esse
381 1774 490 1806 tradit.
534 1775 678 1816 Myrrha,
696 1775 799 1806 frutex

120 1821 154 1853 in
168 1822 277 1854 multis
292 1822 420 1854 Arabiae
437 1823 516 1855 locis
531 1834 677 1861 nascens,
688 1835 725 1855 ex
743 1835 797 1855 cu-

116 1871 170 1914 jus
186 1872 307 1904 cortice
325 1871 423 1904 inciso
441 1879 540 1916 guttae
557 1879 707 1913 manant3
731 1874 798 1905 Pli—

121 1922 203 1959 nius,
228 1923 285 1954 xii.
308 1925 367 1962 153
395 1924 541 1955 Dioscor.
564 1924 585 1955 i.
611 1925 653 1954 64
674 1930 706 1955 et
731 1925 796 1964 693

121 1972 219 2004 Ovid.
245 1973 379 2005 Metam.
410 1985 442 2005 x.
473 1975 550 2006 500.
579 1974 619 2005 de
653 1974 796 2016 myrrha,

120 2027 142 2040 “
158 2023 230 2054 Flet
256 2028 375 2061 tamen,
402 2030 433 2055 et
458 2024 574 2067 tepidae
600 2030 733 2055 manant
759 2035 798 2055 ex

119 2074 228 2104 arbore
250 2079 370 2115 guttae:
396 2075 453 2105 Est
472 2074 569 2106 honor
587 2079 619 2105 et
635 2074 798 2117 lacrymis,

117 2123 207 2154 etc-'⁷
244 2123 383 2164 Hospita,
394 2123 570 2166 peregrina.
612 2124 695 2155 Tura
712 2123 798 2166 apud

119 2173 246 2204 Sabaeos
259 2173 418 2204 sudabant
433 2185 471 2204 ex
489 2173 652 2205 arboribus
671 2173 798 2213 incisis;

119 2222 254 2260 Plinius,
266 2222 321 2254 xii.
338 2224 397 2262 143
414 2223 530 2265 Virgil.
542 2224 662 2265 Georg.
678 2223 710 2254 ii.
725 2224 798 2255 117.

118 2273 167 2303 Ex
185 2272 306 2304 Arabia
329 2284 386 2315 per
405 2273 605 2314 Euphratem,
623 2274 678 2313 qui
701 2273 734 2304 in
757 2273 798 2304 si-

119 2333 196 2353 num
221 2322 387 2354 Persicum
411 2334 443 2354 se
468 2329 628 2360 exonerat,
645 2323 799 2354 subvecta

118 2378 192 2403 sunt
215 2372 248 2404 in
273 2372 352 2404 alias
375 2378 482 2404 terras.
529 2372 614 2410 Quia
637 2372 733 2414 igitur
757 2373 797 2404 ad

119 2422 314 2464 Euphratem
341 2422 481 2453 maxima
507 2422 619 2453 talium
644 2422 798 2453 mercium

117 2472 220 2515 copia,
236 2477 401 2514 propterea
421 2472 476 2503 ille
500 2482 555 2503 eas
578 2474 697 2502 mittere
716 2471 796 2503 dici-

119 2529 179 2554 tur.
218 2522 358 2553 Omnino
371 2522 541 2554 orientales
556 2532 676 2553 merces
691 2522 723 2552 in
738 2522 795 2564 Sy-

117 2572 171 2603 riae
181 2577 213 2603 et
225 2571 402 2603 Phoeniciae
416 2571 535 2614 oppida
547 2571 706 2602 maritima
718 2582 794 2603 con-

118 2622 271 2658 fluebant,
287 2621 372 2653 unde
389 2622 527 2653 Romani
553 2633 607 2653 eas
628 2622 793 2664 petebant.

122 2671 204 2703 costi
214 2677 246 2703 et
261 2671 352 2703 radix
367 2677 399 2703 et
415 2671 491 2703 folia
504 2672 594 2704 Indis
609 2672 642 2702 in
657 2671 796 2703 maximo

120 2722 220 2764 pretio
235 2726 362 2764 propter
377 2721 528 2753 eximium
545 2722 685 2753 odorem.
731 2721 796 2752 Pli-

121 2769 202 2808 nius,
218 2771 273 2803 xii.
293 2772 341 2803 12.
375 2772 503 2803 Crocum
521 2771 665 2803 mittebat
681 2770 798 2803 Cilicia

875 1137 913 1157 ex
931 1126 1047 1168 Corylo
1068 1130 1186 1156 monte.
1234 1123 1272 1154 Ei
1294 1133 1367 1154 mox
1379 1123 1457 1164 fila,
1477 1132 1548 1152 mox

874 1175 983 1218 capilli
1009 1175 1202 1210 tribuuntur,
1228 1173 1313 1204 unde
1345 1171 1550 1212 ξανθότριχα

873 1226 991 1268 κρόκον
1008 1224 1114 1256 Graeci
1132 1224 1291 1255 dixerunt.
1325 1222 1402 1254 Vid.
1416 1222 1552 1252 Salmas.

873 1275 913 1306 ad
926 1275 1024 1306 Solin.
1037 1285 1068 1316 p.
1082 1274 1158 1305 749.

916 1326 992 1356 343.
1030 1324 1141 1355 Herbis
1167 1322 1318 1363 Sabinis]
1358 1320 1445 1352 Plin.
1462 1318 1550 1350 xxiv.

871 1376 926 1406 61.
952 1380 971 1393 ‘⁴
989 1375 1099 1406 Herba
1113 1373 1244 1409 Sabina,
1259 1371 1374 1413 brathy
1388 1370 1551 1413 appellata

870 1437 887 1457 a
904 1425 1037 1462 Graeeis,
1051 1424 1185 1455 duorum
1200 1432 1353 1465 generum
1370 1426 1431 1452 est:
1451 1419 1553 1450 altera

870 1475 1024 1507 tamaraci
1038 1473 1151 1506 similis
1167 1472 1252 1509 folio,
1269 1472 1371 1504 altera
1386 1480 1548 1513 cupresso.

870 1527 977 1564 Quare
1006 1524 1138 1567 quidam
1168 1522 1329 1554 Creticam
1359 1529 1547 1562 cupressum

869 1575 1028 1607 dixerunt.
1059 1574 1090 1605 A
1103 1572 1211 1604 multis
1226 1572 1259 1603 in
1273 1572 1395 1603 suffitus
1408 1580 1464 1612 pro
1479 1575 1548 1600 ture

870 1625 1046 1656 adsumitur
1057 1625 1087 1661 ;”
1113 1623 1184 1655 vide
1203 1623 1249 1654 iv.
1266 1623 1343 1653 741:
1369 1619 1548 1652 lustrationi

868 1674 1009 1707 inservit.
1056 1674 1162 1705 Etiam
1186 1672 1280 1713 Virg.
1310 1671 1343 1702 in
1371 1670 1444 1702 Cul.
1471 1670 1548 1700 403.

869 1729 890 1742 “
907 1725 1080 1766 Herbaque
1096 1722 1174 1754 turis
1193 1733 1268 1764 opes
1289 1720 1401 1764 priscis
1422 1719 1548 1750 imitata

867 1774 1022 1806 Sabina.''
1062 1774 1243 1804 Utebantur
1258 1777 1364 1802 autem
1380 1770 1463 1801 foliis
1478 1768 1548 1810 ejus

868 1824 900 1855 in
925 1835 997 1856 earn
1023 1834 1109 1862 rem3
1134 1821 1314 1853 Dioscorid.
1335 1820 1357 1850 i.
1377 1830 1452 1862 pag.
1473 1819 1548 1850 104.

869 1875 951 1906 Cum
979 1875 1068 1905 lauro
1091 1871 1297 1914 conjungitur
1320 1878 1352 1901 et
1373 1869 1417 1900 iv.
1439 1869 1500 1899 741
1519 1878 1545 1899 s.

871 1925 1012 1963 Crepitus
1026 1921 1108 1953 lauri
1124 1934 1185 1952 non
1207 1922 1335 1962 exiguus
1347 1920 1465 1950 bonurn
1481 1917 1545 1959 sig-

868 1984 966 2012 num;
988 1971 1110 2003 Tibull.
1128 1971 1174 2002 II.
1190 1982 1221 2001 v.
1245 1970 1283 2000 81
1311 1980 1355 2007 s.;
1383 1967 1490 1999 confer
1513 1972 1546 1998 et

868 2034 964 2066 supra
978 2033 1042 2054 ver.
1060 2023 1114 2054 76.
1166 2021 1291 2053 Coronis
1306 2019 1479 2060 etfloribus
1494 2028 1543 2048 or-

868 2074 1028 2104 nabantur
1059 2071 1114 2102 Dii
1143 2071 1176 2101 in
1206 2068 1348 2111 templis.
1396 2069 1544 2099 Lactant.

868 2123 948 2154 Inst.
964 2122 996 2154 ii.
1015 2123 1041 2153 1.
1088 2121 1210 2152 Arnob.
1232 2123 1342 2150 contra
1363 2118 1463 2150 Gent.
1487 2116 1542 2148 vii.

867 2173 942 2204 237.

911 2223 989 2253 347.
1024 2222 1076 2253 De
1107 2219 1246 2252 victimis
1280 2216 1542 2260 sanguinolentis.

872 2272 992 2303 Viscera
1008 2271 1058 2302 hic
1075 2272 1202 2312 aperiri,
1213 2269 1290 2301 alibi
1303 2270 1419 2300 nudari
1431 2266 1544 2298 dicun-

867 2327 918 2352 tur
934 2327 968 2352 ut
985 2322 1062 2353 AEn.
1078 2320 1099 2352 i.
1115 2318 1255 2351 2ll.ubi
1269 2317 1415 2349 Servius:
1434 2321 1454 2334 “
1467 2316 1542 2347 Vis-

867 2381 939 2402 cera
954 2369 1112 2413 quidquid
1129 2370 1187 2400 sub
1201 2368 1284 2399 corio
1301 2367 1384 2399 est.''
1433 2366 1542 2396 Prima

870 2421 972 2460 Ceres,
986 2426 1048 2452 etc.
1093 2420 1144 2451 Ita
1160 2424 1191 2450 et
1207 2420 1309 2451 Varro
1324 2417 1363 2448 de
1379 2417 1430 2447 Re
1445 2416 1543 2446 Rust.

866 2472 898 2503 ii.
911 2473 948 2502 4:
974 2476 996 2489 “
1008 2472 1038 2502 A
1052 2470 1146 2502 suillo
1161 2479 1277 2511 genere
1292 2468 1414 2511 pecoris
1430 2466 1541 2497 immo-

866 2521 954 2552 landi
979 2521 1105 2552 initium
1127 2519 1265 2563 primum
1290 2523 1430 2550 sumtum
1454 2517 1541 2548 vide-

865 2576 925 2603 tur.
973 2571 1074 2614 Cujus
1089 2570 1223 2612 vestigia
1242 2575 1327 2605 sunt,
1343 2567 1427 2610 quod
1444 2566 1542 2598 initiis

865 2621 989 2652 Cereris
1004 2619 1092 2663 porci
1108 2619 1327 2655 immolantur,
1342 2616 1427 2648 etc.'’
1454 2616 1539 2647 Con-

866 2670 910 2702 fer
922 2669 1021 2702 ovid.
1041 2671 1122 2701 Met.
1140 2680 1194 2700 xv.
1207 2668 1392 2698 111ffl115.
1423 2666 1541 2701 Aviclae,

865 2720 940 2751 dum
953 2720 1074 2751 semina
1085 2718 1167 2750 eruit
1180 2723 1289 2753 rostro,
1300 2725 1453 2759 spemque
1465 2712 1540 2744 anni

867 2768 1040 2811 intercipit.
1072 2769 1147 2808 Opes
1162 2778 1244 2803 suas,
1263 2766 1431 2797 frumenta.
1477 2763 1540 2794 Pro
