1809 3220
203 191 289 234 518
742 189 1092 232 EXCURSUS

204 306 424 348 Henricus
467 304 713 360 Stephanus
757 304 954 359 Epistola
995 306 1048 346 ad
1093 305 1364 347 Ludovicum
1402 303 1627 346 Castelve-

200 382 327 423 trum,
353 389 449 428 quae
476 372 656 428 praefixa
684 379 751 414 est
777 373 957 414 editioni
979 387 1068 414 suae
1090 373 1184 414 libri
1206 372 1308 415 Jani
1332 372 1549 415 Parrhasii
1570 372 1625 413 de

201 443 331 485 rebus
351 457 430 497 per
451 441 679 496 epistolam
704 442 911 495 quaesitis,
935 448 960 464 “
981 440 1094 497 Age,
1114 442 1267 496 inquit,
1292 450 1339 482 tu
1363 442 1626 497 quicumque

202 510 422 558 Beroaldi,
446 516 521 550 aut
545 509 727 550 Domitii
749 509 909 564 scripta
929 524 1012 550 non
1045 510 1170 550 unius
1200 510 1319 558 assis,
1346 524 1432 564 prae
1455 509 1506 550 iis
1529 521 1627 563 quae

202 580 330 621 hodie
363 579 564 626 eduntur,
599 578 851 619 aestimanda
881 584 1024 632 putaS,
1052 578 1155 632 quid
1188 578 1280 619 sine
1315 577 1546 625 Beroaldo,
1577 591 1626 617 ac

204 648 412 696 Domitio,
450 647 631 701 aliisque
673 647 928 702 hujusmodo
971 646 1187 701 magistris
1224 646 1353 687 scribi
1388 647 1440 686 ab
1478 659 1626 686 eorum

199 717 383 771 posteris
412 715 604 771 potuisse
635 715 852 756 arbitraris
866 715 906 756 3''
970 714 1133 769 Neque
1163 715 1278 755 enim
1309 714 1446 755 solum
1478 713 1626 754 Domi-

201 785 285 826 tius
318 785 427 826 hunc
458 784 607 825 Ovidii
639 784 845 832 libellum,
871 784 947 825 sed
979 784 1110 825 etiam
1140 783 1363 825 Ciceronis
1393 782 1627 838 Epistolas,

203 853 464 902 Martialem,
479 853 755 901 Juvenfflem,
772 852 944 907 Papinii
967 853 1122 900 Silvas,
1144 852 1416 899 Suetonium,
1437 856 1481 892 et
1502 864 1628 905 quos-

202 923 299 963 dam
323 922 426 962 alios
449 922 679 976 scriptores
700 920 929 962 enarravit.
996 920 1200 974 Denique
1223 925 1286 961 tot
1308 925 1514 974 tantaque
1537 918 1627 959 edi-

202 991 279 1040 dit,
315 991 458 1031 aiebat
491 990 716 1044 Egnatius,
752 995 858 1043 quot
890 994 1139 1043 quantaque
1177 989 1219 1030 in
1258 988 1337 1029 hoc
1376 1001 1537 1043 genere
1575 987 1630 1027 ad

203 1058 311 1100 hanc
341 1059 454 1099 diem
485 1072 625 1098 nemo.
687 1058 754 1099 Eo
784 1057 946 1098 factum
970 1063 1050 1104 est,
1075 1062 1123 1097 ut
1145 1056 1321 1098 acerbas
1344 1071 1442 1097 cum
1466 1054 1630 1096 aemulis

201 1128 440 1169 simultates
462 1126 725 1174 exercuerit,
749 1141 773 1167 a
799 1127 954 1181 quibus
984 1127 1191 1181 piperatis
1221 1125 1400 1166 literulis
1429 1124 1631 1180 perstric-

199 1205 268 1240 tus
297 1199 393 1247 fuit,
416 1198 532 1252 quod
562 1197 642 1238 sibi
671 1204 963 1252 comparatam
990 1198 1288 1238 auctoritatem
1313 1196 1501 1236 retinere
1524 1209 1628 1250 qua-

201 1268 266 1310 vis
297 1268 462 1309 ratione
493 1274 538 1307 et
566 1272 658 1307 arte
688 1267 999 1315 contenderet;
1033 1273 1164 1321 atque
1195 1267 1256 1306 ita
1284 1266 1438 1307 crudos
1469 1265 1631 1319 ingenii

203 1337 270 1378 sui
291 1337 425 1377 foetus
447 1335 645 1376 emittere
668 1340 844 1375 coactus
866 1334 934 1383 sit,
959 1335 1116 1389 quibus
1140 1334 1384 1388 provectior
1406 1340 1511 1374 aetas
1533 1348 1630 1388 pro-

203 1405 272 1446 cul
310 1405 440 1446 dubio
477 1403 770 1444 maturitatem
808 1403 1038 1443 attulisset.
1103 1402 1280 1456 Quippe
1315 1408 1339 1424 “
1366 1402 1633 1443 auctoritatis

203 1480 290 1516 tam
329 1488 498 1528 magnae
534 1472 656 1521 suits*
694 1472 833 1526 inquit
868 1472 1069 1527 Angelus
1108 1471 1346 1512 Politianus
1388 1471 1630 1512 Miscellan.

204 1559 298 1598 cap.
333 1543 376 1585 9.
413 1549 441 1565 “
464 1548 513 1583 ut
546 1541 700 1583 Romae
734 1542 846 1583 inter
877 1541 1144 1596 professores
1171 1541 1345 1596 juvenis
1379 1541 1518 1583 adhuc
1551 1541 1635 1596 pri·

203 1627 314 1653 mam
347 1611 643 1653 celebritatem
675 1610 754 1651 sibi
774 1610 1073 1659 vindicaverit,
1098 1610 1220 1666 cujus
1250 1611 1425 1652 tuendae
1454 1625 1503 1652 ac
1532 1611 1635 1652 reti-

203 1681 358 1722 nendae
381 1682 519 1735 gratia
542 1680 703 1720 factum
727 1679 986 1734 compluries
1008 1684 1226 1733 putamus,
1250 1686 1298 1720 ut
1319 1679 1361 1720 in
1383 1679 1471 1721 suis
1494 1680 1633 1734 operi-

203 1750 281 1790 bus
309 1749 493 1792 frontem
526 1749 813 1803 perfricuerit‚
839 1754 883 1789 et
913 1763 992 1803 per
1024 1763 1163 1803 aequa,
1190 1763 1268 1803 per
1295 1749 1444 1803 iniqua
1472 1749 1632 1790 famam

202 1824 393 1873 captanS,
418 1832 568 1872 parum
592 1832 647 1858 ex
670 1817 754 1858 fide
779 1818 992 1872 quaepiam
1023 1817 1243 1866 retulerit3
1275 1816 1480 1858 nonnulla
1501 1818 1632 1858 etiam

202 1888 313 1929 male
337 1887 469 1928 solers
491 1894 536 1927 et
556 1886 849 1941 praestigiosus
872 1887 1061 1941 speciem
1085 1887 1260 1941 quidem
1287 1887 1517 1941 primorem
1542 1886 1634 1928 veri

205 1956 420 2005 habentia,
444 1970 600 2011 magno
622 1955 894 1997 credentium
917 1956 1145 2010 dispendio
1170 1955 1395 1997 sententiis
1418 1955 1633 2010 ignorabi-

203 2024 314 2067 libus
336 2025 611 2079 implicuerit,
632 2030 678 2065 et
697 2024 937 2079 pulverem,
959 2025 1072 2079 quod
1095 2025 1228 2073 aiunt,
1250 2024 1383 2065 oculis
1405 2024 1636 2072 offuderit;

205 2100 294 2143 aut,
318 2094 455 2135 sicubi
475 2095 609 2149 major
631 2094 875 2142 difficultas,
896 2108 975 2135 nec
999 2093 1224 2141 absistens,
1243 2107 1323 2134 nec
1347 2092 1635 2147 congrediens

205 2177 325 2217 spem
355 2163 528 2204 lectoris
556 2163 747 2203 eluserit.
811 2162 895 2211 Ita,
920 2162 1022 2203 dum
1053 2162 1220 2203 nescire
1247 2176 1293 2202 se
1321 2161 1424 2202 nibil
1450 2161 1633 2215 probare

206 2232 444 2280 contendit,
479 2231 610 2273 etiam
645 2231 816 2272 Parthis
850 2231 1081 2287 aliquoties
1113 2236 1158 2272 et
1193 2230 1478 2273 Cretensibus
1514 2243 1634 2271 men-

206 2299 353 2342 dacior
373 2300 631 2341 invenitur.”
683 2299 793 2341 Ideo
817 2299 1015 2355 Raphael
1041 2298 1368 2347 volaterranus,
1387 2297 1635 2352 Anthropo-

204 2368 347 2424 logiae,
370 2368 443 2410 lib.
466 2369 557 2411 xxi.
579 2368 758 2423 dignum
781 2384 896 2418 eum,
919 2375 966 2409 ut
994 2368 1048 2410 de
1074 2367 1217 2409 Coelio
1241 2367 1535 2419 Quintilianus
1557 2366 1631 2416 ait,

205 2437 293 2479 vita
324 2436 531 2491 longiore,
551 2437 727 2493 ingenio
758 2443 904 2478 tamen
934 2437 1114 2477 meliore
1141 2435 1420 2477 existimavit.
1482 2435 1633 2487 Quum

204 2505 318 2547 enim
349 2505 614 2561 trigesimum
641 2511 842 2560 quartum
871 2505 1009 2546 aetatis
1037 2519 1194 2545 annum
1225 2503 1453 2558 attigisset,
1478 2502 1634 2545 Romae

203 2574 463 2628 pestilentia,
489 2574 558 2616 vel
581 2580 629 2615 ut
649 2574 804 2616 Jovius
826 2579 976 2616 auctor
997 2579 1078 2622 est,
1102 2573 1224 2614 febre
1248 2578 1489 2627 correptuS,
1511 2571 1632 2614 obiit.

206 2642 285 2682 Ille
313 2643 404 2697 ipse
438 2648 517 2691 est,
548 2656 677 2697 quem
703 2642 758 2683 de
787 2641 996 2683 sacrificio
1023 2641 1109 2690 illo,
1134 2642 1249 2696 quod
1274 2640 1514 2696 Gregorius
1538 2639 1629 2682 Na-

208 2710 437 2752 zianzenus
463 2715 678 2759 ἀναίμακτον
698 2714 833 2755 θυσίαν,
857 2710 1064 2765 synesius
1092 2713 1237 2757 τελετὴν
1258 2711 1439 2760 ἀπόῤῥητον
1459 2715 1629 2758 vocant,
