1830 3220
507 161 858 205 FASTORUM
893 162 1016 204 LIB.
1047 162 1143 205 III.

1465 163 1550 206 135

127 276 237 326 Nec
265 277 373 327 sine
400 279 446 326 vi
472 280 699 329 tradent:
740 279 980 328 adhibeto
1004 280 1206 328 vincula
1232 280 1414 344 captis,

196 355 368 420 Atque
394 357 479 414 ita,
508 374 611 421 qua
636 357 849 422 possint,
877 357 1060 415 erudit,
1088 365 1194 406 arte
1221 359 1352 423 capi.

130 432 299 482 Lucus
325 435 578 485 Aventino
605 437 813 484 suberat
838 437 978 500 niger
1003 436 1132 484 ilicis
1159 437 1355 494 umbra,

1451 438 1549 484 295

197 511 311 568 Quo
336 530 520 578 posses
547 515 653 563 viso
678 515 865 570 dicere,
895 514 1100 563 Numen
1127 514 1275 563 inest.

128 589 190 638 In
216 591 384 640 medio
409 609 634 656 gramen,
662 609 944 656 muscoque
970 593 1214 657 adoperta
1237 593 1417 642 virenti

199 669 447 719 Manabat
473 688 597 719 saxo
624 688 753 720 vena
779 671 1014 736 perennis
1041 688 1205 735 aquae.

130 746 257 796 Inde
284 748 387 797 sere
413 750 504 797 soli
534 749 737 798 Faunus
765 750 1026 814 Picusque
1053 750 1315 797 bibebant.

198 826 315 875 Huc
335 828 489 885 venit,
512 835 565 876 et
582 828 708 876 fonti
735 845 824 876 rex
854 828 1023 876 Numa
1045 835 1235 875 mactat
1255 844 1398 876 ovem
1419 845 1428 876 :
1454 830 1543 876 30(

130 904 399 970 Plenaque
425 907 620 954 odorati
647 907 876 971 disponit
901 907 1085 971 pocula
1113 906 1334 965 Bacchi3

201 984 440 1048 Cumque
467 986 570 1034 suis
598 993 741 1033 antro
767 985 1002 1032 conditus
1030 985 1140 1049 ipse
1170 985 1312 1032 latet.

129 1062 212 1110 Ad
238 1064 414 1112 solitos
438 1065 647 1113 veniunt
673 1064 925 1112 silvestria
949 1064 1159 1112 numina
1183 1063 1347 1111 fontes
1369 1083 1379 1121 ;

199 1141 267 1190 Et
292 1143 518 1191 relevant
543 1143 702 1191 multo
727 1150 937 1208 pectora
962 1142 1099 1190 sicca
1124 1158 1280 1190 mero.

129 1220 263 1269 Vina
278 1221 425 1285 quies
446 1222 703 1286 sequitur:
734 1221 903 1285 gelido
927 1221 1099 1269 Numa
1113 1220 1280 1285 prodit
1296 1221 1359 1268 ab
1378 1227 1521 1269 antro
1539 1240 1551 1277 ;

197 1299 484 1365 Vinclaque
511 1300 701 1366 sopitas
729 1301 871 1348 addit
896 1300 947 1347 in
972 1306 1081 1347 arta
1105 1315 1302 1346 manus.

1456 1302 1554 1347 306

136 1377 356 1426 Somnus
382 1386 439 1427 ut
464 1379 744 1437 abscessit3
786 1379 1030 1428 tentando
1055 1375 1259 1425 vincula
1284 1384 1515 1441 pugnant

204 1456 495 1522 Rumpere:
530 1465 815 1522 pugnantes
841 1457 1019 1505 fortius
1046 1455 1132 1504 illa
1156 1462 1351 1504 tenent.

133 1534 264 1582 Tum
288 1534 485 1584 Numa:
529 1536 595 1584 Di
617 1552 897 1593 nemorum,
919 1535 1067 1584 factis
1087 1534 1334 1599 ignoscite
1355 1534 1558 1591 nostris,

205 1612 260 1660 Si
287 1614 456 1662 scelus
483 1614 685 1678 ingenio
711 1614 852 1663 scitis
875 1614 1057 1662 abesse
1083 1629 1226 1671 meo3

179 1767 256 1797 295.
282 1765 383 1797 Fauni
408 1765 571 1797 oraculum
601 1766 633 1797 in
658 1766 731 1797 luco
757 1766 815 1797 Al-

135 1816 249 1847 buneae
271 1820 339 1847 erat
357 1827 365 1854 3
392 1814 486 1857 Virg.
508 1816 587 1846 AEn.
606 1815 660 1846 vii.
684 1817 722 1846 81
745 1827 816 1858 sqq.

136 1864 191 1896 ubi
217 1865 290 1896 vide
312 1865 376 1896 Int.
423 1864 485 1896 Sed
508 1876 593 1896 nunc
617 1865 700 1908 prior
725 1866 817 1897 lucus

137 1921 342 1952 memoratur,
363 1916 421 1946 sub
443 1917 610 1952 Aventino,
627 1926 722 1958 quem
741 1916 816 1947 olim

139 1967 247 2011 largos
255 1966 524 2008 habuissefontes,
541 1967 679 2008 lucosque
690 1978 817 2010 opacos,

139 2028 156 2048 e
172 2017 339 2049 Plutarchi
350 2016 427 2048 dict.
438 2017 501 2048 loc.
516 2016 679 2048 discimus.
706 2017 816 2060 Niger,

139 2080 158 2100 a
179 2067 356 2109 nigricante
374 2066 455 2098 ilicis
470 2066 569 2098 virore
586 2079 594 2105 3
618 2068 755 2099 Metam.
774 2068 818 2099 ix.

139 2119 216 2155 664,
251 2117 446 2159 “nigraque
474 2118 532 2149 sub
572 2117 644 2148 ilice
675 2113 818 2146 manat.''

140 2168 214 2200 Cul.
239 2168 312 2199 138.
336 2167 462 2199 “Ilicis
483 2173 515 2198 et
539 2167 636 2209 nigrae
662 2164 819 2208 speeies.''

140 2218 192 2249 Sic
223 2217 338 2249 melius
368 2218 486 2261 capies.
514 2228 611 2260 quam
637 2217 676 2248 de
707 2216 820 2247 umbra

139 2269 285 2299 obscura.
316 2267 396 2298 Inde
410 2268 662 2303 soli—bibebant,
679 2265 756 2308 quia
771 2267 820 2307 ip-

140 2317 182 2349 sis
197 2328 298 2349 sacer.
342 2317 464 2348 Arnob.
482 2322 503 2335 ‘⁴
523 2316 585 2348 illis
605 2315 747 2359 aquandi
767 2325 818 2346 so-

142 2367 249 2399 lemne
263 2367 322 2399 iter
336 2367 400 2398 huc
418 2367 511 2398 fuit.’'

179 2417 255 2448 301.
282 2417 435 2448 Odor-atus
453 2416 603 2453 Bacchus,
620 2415 728 2446 vinum
745 2414 821 2446 odo-

142 2479 226 2504 rum,
237 2467 380 2509 adeoque
387 2477 587 2508 generosum,
597 2465 695 2497 etiam
705 2465 824 2506 Georg.

142 2519 185 2550 iv.
201 2518 277 2549 279.
323 2517 446 2548 Arnob.
461 2515 670 2558 “liquoribus
686 2514 825 2546 odoratis

145 2566 320 2610 fragrantia
334 2566 481 2609 pocula.’'
505 2566 567 2597 Sed
579 2576 634 2608 pro
650 2565 709 2596 Dis
721 2566 822 2605 ponit,

147 2617 235 2661 quod
254 2617 366 2649 Heins.
388 2628 451 2648 non
474 2615 535 2647 nisi
556 2627 596 2647 ex
619 2614 746 2657 ingenio
768 2624 825 2645 suo

149 2668 294 2704 dederat,
308 2669 441 2708 disponit
452 2665 609 2703 revocavi,
623 2664 720 2697 etiam
732 2675 827 2707 prop-

146 2724 195 2750 ter
219 2718 342 2749 Arnob.
364 2717 449 2760 apud
471 2727 567 2759 quem
583 2716 693 2747 Numa
712 2713 830 2757 pocula

150 2773 246 2800 “non
272 2768 360 2811 parvi
384 2767 540 2800 numeri³⁵
566 2767 640 2798 vino
663 2765 829 2806 mulsoque

1460 1615 1560 1660 310

884 1766 1037 1809 complet.
1062 1765 1160 1808 Apud
1176 1764 1340 1796 Plutarch.
1356 1775 1429 1796 vero
1443 1764 1562 1796 fontem

884 1818 1001 1859 ipsum,
1035 1827 1073 1847 ex
1104 1826 1168 1858 quo
1196 1814 1244 1845 illi
1267 1814 1377 1846 bibere
1407 1814 1564 1851 solebant,

885 1867 958 1898 vino
973 1866 1085 1897 miscet
1101 1871 1133 1896 et
1148 1865 1254 1896 melle.
1282 1865 1359 1895 Cum
1375 1866 1447 1896 suis.
1463 1865 1563 1895 Nem-

885 1929 925 1960 pe
963 1923 1067 1948 castos
1096 1915 1267 1947 duodecim
1290 1915 1426 1957 juvenes
1456 1925 1564 1946 secum

886 1966 1000 1997 ductos
1022 1964 1139 1996 celavit
1162 1964 1246 2006 apud
1267 1974 1384 2006 aquam
1408 1975 1481 1995 cum
1498 1963 1566 1995 vin—

886 2016 966 2048 culis
982 2029 990 2055 ;
1015 2016 1136 2046 Arnob.
1153 2014 1231 2046 dict.
1244 2014 1307 2045 loc.
1333 2015 1469 2045 Antrum
1485 2014 1564 2045 forte

887 2066 967 2097 illud
989 2066 1105 2109 ipsum,
1130 2065 1162 2095 in
1190 2075 1253 2107 quo
1279 2075 1465 2106 congressus
1492 2074 1566 2095 cum

886 2116 1002 2158 Egeria
1028 2115 1192 2153 habebat;
1232 2113 1349 2145 etenim
1373 2113 1407 2144 id
1438 2124 1566 2156 quoque

887 2167 945 2197 sub
964 2165 1135 2197 Aventino.

932 2217 1007 2247 305.
1042 2215 1121 2246 Vina
1151 2216 1233 2254 quies
1262 2213 1428 2254 sequitur]
1470 2214 1568 2255 Sopor

889 2265 994 2305 gravis
1009 2275 1048 2296 ex
1065 2263 1218 2295 ebrietate
1233 2263 1324 2295 intel.
1352 2262 1428 2294 Vid.
1445 2262 1568 2295 Arnob.

889 2315 1075 2346 Secundum
1090 2313 1255 2345 Plutarch.
1272 2313 1304 2344 hi
1318 2313 1415 2356 capti,
1428 2324 1520 2355 aeque
1532 2324 1568 2345 ac

894 2365 1039 2402 Proteus,
1055 2365 1088 2395 in
1099 2365 1202 2396 varias
1218 2375 1251 2396 se
1262 2369 1426 2394 mutarunt
1442 2362 1571 2400 formas,

892 2415 1057 2457 oculisque
1083 2413 1256 2445 horrendas
1280 2414 1465 2456 objecerunt
1491 2413 1570 2445 ima-

892 2465 992 2508 gines.
1039 2465 1120 2495 Haec
1137 2465 1254 2495 Noster
1269 2463 1385 2500 omisit,
1401 2463 1479 2494 forte
1495 2463 1572 2505 quia

894 2515 1021 2547 nolebat
1029 2525 1103 2546 cum
1116 2513 1252 2556 Virgilio
1269 2519 1463 2544 concertare.
1494 2513 1572 2544 Ten-

895 2571 972 2602 tare,
990 2563 1170 2607 periculum
1192 2563 1308 2600 facere,
1332 2573 1372 2594 an
1394 2563 1494 2605 possis
1515 2563 1573 2593 ali-

896 2614 974 2657 quid
993 2614 1129 2645 efficere.
1178 2613 1305 2644 Fortius
1324 2619 1438 2648 tenent,
1456 2611 1573 2643 arctius

897 2664 1079 2703 continent;
1116 2664 1255 2695 Metam.
1293 2662 1326 2694 ii.
1354 2663 1427 2694 127.
1451 2662 1575 2704 fortius

898 2722 986 2747 utere
1002 2716 1085 2752 loris,
1099 2714 1138 2746 de
1155 2713 1278 2755 auriga.
