1809 3220
241 178 329 220 522
781 179 1131 221 EXCURSUS

245 295 448 349 reliquias
485 310 563 349 per
594 295 839 337 Ambraciae
870 295 960 337 vias
995 296 1195 351 disjectas
1229 309 1340 344 esse,
1377 293 1556 350 Hygino
1593 293 1671 334 soli

244 378 340 404 cum
370 363 550 405 Nasone
587 365 805 406 convenit.
859 366 929 406 De
960 365 1283 420 Eurydamante
1319 379 1344 405 a
1374 364 1550 405 Simone
1586 362 1669 403 La-

241 432 386 473 rissaeo
411 433 524 474 circa
546 433 758 489 Thrasylli
780 435 991 475 tumulum
1009 441 1192 490 raptato,
1209 441 1368 489 praeter
1391 432 1598 475 Ovidium
1622 437 1668 471 et

243 500 493 555 Didymum,
529 501 713 543 Homeri
747 503 1017 544 Scholiasten
1049 504 1101 544 ad
1138 503 1264 544 Iliad.
1300 518 1343 544 x.
1382 515 1508 542 nemo
1542 500 1666 555 quid-

240 583 368 622 quam
390 571 607 611 memoriae
632 572 834 626 prodidit.
896 572 1085 613 Thasum
1108 573 1238 613 etiam
1261 586 1285 612 a
1306 570 1483 612 canibus
1505 569 1664 610 lacera-

240 642 328 678 tum
355 638 476 679 Naso
499 639 713 681 duntaxat
733 646 778 681 et
800 640 1004 696 Hyginus
1035 641 1289 682 retulerunt.
1354 639 1466 680 Item
1491 651 1663 679 carmen

236 706 324 748 507
346 708 398 748 ab
423 708 550 749 unico
576 708 768 750 Diodoro
790 710 1038 758 illustratur,
1064 718 1112 751 ut
1140 716 1184 751 et
1207 724 1355 751 versus
1380 708 1468 750 531
1497 708 1550 748 ab
1573 707 1663 761 epi-

238 784 474 829 grammate
496 779 627 826 ἀὸήλῳ,
646 778 718 819 lib.
743 778 802 819 iii.
821 777 1098 833 Anthologiae
1117 795 1127 826 ;
1159 785 1206 819 ut
1229 777 1436 819 credibile
1458 777 1524 825 sit,
1545 791 1662 831 quae-

239 846 337 888 dam
360 847 426 888 hic
449 863 545 889 esse
563 849 702 897 obvia,
720 863 819 903 quae
838 849 872 890 si
889 849 983 903 quis
1001 849 1100 890 alibi
1122 864 1316 904 quaerere
1335 848 1453 896 velit,
1472 861 1661 902 operam,

236 916 382 963 credo,
418 932 584 958 omnem
625 918 789 959 luserit.
854 917 926 958 Sic
959 919 1073 972 apud
1106 918 1450 974 Lycophronem,
1474 916 1662 958 historiae

237 985 434 1038 quaedam
457 992 646 1035 exstant,
671 1002 778 1041 quas
800 1001 925 1027 nemo
943 987 1051 1028 alius
1071 987 1228 1042 attigit,
1249 993 1297 1028 ut
1320 986 1475 1041 Prylis,
1497 985 1659 1033 Midae;

232 1058 277 1094 et
296 1055 504 1096 vocabula
527 1071 607 1097 non
631 1070 785 1110 pauca,
809 1055 964 1110 quibus
987 1062 1146 1110 praeter
1167 1071 1266 1097 eum
1287 1055 1429 1096 nullus
1453 1069 1554 1095 usus
1576 1059 1657 1102 est,

235 1123 378 1177 qualia
401 1128 566 1175 φύλαμος,
588 1129 696 1176 λάρις,
717 1126 835 1175 πέῥρα,
856 1126 1000 1170 πτέλας·
1058 1126 1165 1182 Ejus
1183 1131 1327 1167 tamen
1345 1123 1660 1171 Alexandram,

232 1194 323 1235 sive
358 1194 663 1245 Cassandram,
685 1197 880 1252 quamvis
912 1196 1242 1242 tenebricosam,
1266 1193 1480 1249 poematio
1514 1198 1660 1234 nostro

233 1263 524 1306 obscuriorem
556 1280 649 1306 esse
676 1265 893 1307 Domitius
923 1281 1009 1307 non
1038 1264 1252 1307 concedit.
1317 1264 1389 1304 Sic
1419 1262 1534 1304 enim
1562 1276 1657 1316 per-

233 1333 426 1374 oratione
451 1334 868 1377 Commentariorum
892 1351 1090 1377 suorum:
1122 1341 1148 1357 ‘¹
1170 1333 1463 1389 Lycophronis
1484 1347 1658 1374 carmen

232 1402 415 1457 legimus
445 1419 577 1458 saepe,
602 1405 644 1445 in
668 1420 752 1459 quo
776 1411 1029 1458 argumento
1052 1404 1226 1459 quidem
1252 1403 1411 1444 Ovidio
1442 1403 1657 1457 grandior,

231 1471 307 1511 sed
332 1471 472 1512 verbis
496 1473 684 1526 apertior
704 1473 824 1514 nobis
846 1474 1043 1522 videtur3
1077 1479 1121 1514 et
1141 1473 1260 1521 caeci,
1286 1473 1360 1527 qui
1388 1473 1505 1514 illum
1528 1473 1658 1513 inter-

234 1546 474 1593 pretantur,
510 1541 551 1581 in
592 1547 709 1582 tanta
745 1542 982 1596 praesertim
1019 1542 1223 1583 librorum
1262 1542 1410 1597 copia:
1445 1556 1528 1583 non
1574 1548 1659 1582 tam

231 1608 343 1648 enim
379 1623 457 1662 per
491 1609 785 1663 conjecturam
819 1610 992 1659 fabulae,
1017 1616 1065 1651 ut
1097 1611 1211 1665 apud
1247 1611 1366 1651 illum
1398 1611 1656 1666 indagandae

233 1677 423 1724 fuerunt,
448 1693 576 1732 quam
611 1678 868 1733 colligendae
902 1695 926 1720 a
953 1680 1133 1721 diversis
1163 1680 1409 1721 auctoribus
1443 1680 1654 1735 scriptae.''

231 1745 524 1797 Quamobrem
565 1748 725 1788 nemini
759 1748 912 1790 mirum
935 1749 1071 1790 videri
1103 1750 1249 1797 debet,
1274 1750 1309 1790 si
1336 1756 1401 1790 tot
1422 1749 1651 1791 Ovidianae

226 1815 380 1856 mentis
410 1815 670 1870 interpretes
699 1817 741 1857 in
772 1817 992 1872 plerisque
1015 1818 1119 1859 locis
1143 1818 1276 1859 veluti
1298 1818 1340 1858 in
1364 1819 1478 1860 circo
1500 1818 1648 1860 Anda-

229 1884 422 1924 batarum
451 1899 568 1925 more
602 1885 889 1927 decertamus.
953 1886 993 1927 A
1020 1901 1145 1928 versu
1177 1888 1375 1928 nimirum
1408 1888 1509 1936 255,
1534 1890 1650 1930 unde

230 1952 351 1994 Naso
384 1953 549 1995 fabulas
583 1960 628 1995 et
656 1954 853 1996 historias
887 1956 1146 2011 auspicatur,
1172 1957 1226 1997 ad
1251 1971 1423 1998 versum
1451 1957 1551 2007 645,
1577 1959 1651 2014 qui

224 2021 354 2062 libelli
379 2028 620 2076 postremus
643 2030 722 2072 est,
747 2024 923 2078 triginta
950 2039 1078 2079 supra
1110 2025 1320 2066 ducentas
1347 2033 1650 2068 memorantur.

225 2090 453 2132 Interdum
475 2107 560 2133 uno
583 2092 764 2135 disticho
788 2099 874 2135 tres
897 2094 1184 2143 continentur,
1208 2094 1425 2136 interdum
1449 2102 1647 2151 quatuor,

223 2167 269 2200 ut
292 2160 361 2202 illo
381 2177 388 2201 :

382 2270 437 2307 Ut
458 2270 536 2308 fuit
561 2271 690 2309 OEtaeo
709 2273 917 2322 quondam,
940 2286 1157 2324 generoque
1177 2273 1399 2318 draconum,

434 2333 714 2385 Tisamenique
734 2335 850 2386 patri,
871 2336 1160 2388 Callirhoesque
1179 2337 1285 2382 viro,·

221 2444 280 2485 ita
310 2450 358 2485 ut
385 2443 648 2486 Ovidiannm
680 2445 756 2487 hoc
791 2448 1052 2501 poematium
1078 2446 1318 2488 fabularum
1353 2447 1520 2490 officina
1542 2464 1643 2492 vere

221 2513 305 2554 dici
338 2514 485 2568 possit.
547 2513 692 2555 Causa
724 2530 824 2556 vero
860 2530 885 2556 a
917 2516 1037 2557 nobis
1070 2531 1146 2557 suo
1182 2516 1274 2557 loco
1312 2517 1530 2567 afferetur,
1565 2533 1642 2561 cur

220 2581 405 2622 Ovidius
447 2582 696 2623 obscuritati
732 2584 970 2632 studuerit;
1015 2585 1092 2626 sed
1129 2591 1174 2626 et
1215 2591 1315 2627 ante
1347 2586 1466 2628 illum
1499 2586 1642 2630 Cinna

219 2655 361 2704 poeta,
386 2650 559 2706 Virgilii
586 2653 800 2705 praeconio
834 2653 1089 2702 celebratus,
1120 2653 1360 2709 Smyrnam,
1384 2670 1540 2710 poema
1565 2657 1638 2698 ob-

219 2719 523 2768 scurissimum,
548 2719 798 2769 elaboravit,
825 2722 938 2775 quod
962 2736 1095 2776 quum
1118 2722 1245 2777 vulgo
1268 2738 1351 2764 non
1377 2723 1638 2779 intelligere-
