1830 3220
824 188 969 229 IBlS.

1519 186 1606 228 489

188 302 392 367 Quique
411 306 570 351 oculis
586 305 765 361 caruit,
783 320 873 369 per
889 320 1017 367 quos
1043 304 1175 352 male
1197 303 1391 351 viderat
1409 318 1602 357 aurum,

255 380 466 428 Inferias
492 390 609 430 nato
636 398 766 447 quos
791 382 933 430 dedit
957 383 1080 430 orba
1104 398 1315 446 parens:

1502 384 1602 427 270

184 457 367 506 Pastor
392 466 448 506 ut
472 460 715 518 AEtnaeus‚
742 461 824 507 cui
848 475 998 508 casus
1023 467 1139 508 ante
1164 459 1357 507 futuros

251 535 488 584 Telemus
517 537 834 602 Eurymedes
860 537 1159 585 vaticinatus
1186 543 1320 584 erat:

189 612 261 661 Ut
284 615 383 662 duo
411 614 659 673 Phinidae,
689 616 875 680 quibus
902 616 1037 663 idem
1063 616 1235 663 lumen
1261 615 1466 670 ademit,

253 691 351 746 Qui
375 693 544 742 dedit:
576 701 631 741 ut
655 693 943 758 Thamyrae,
975 693 1361 756 Demodocique
1383 698 1553 756 caput.

188 768 273 817 Sic
291 770 476 834 aliquis
492 778 580 818 tua
598 772 826 819 membra
844 778 1000 828 secet,
1025 771 1276 819 Saturnus
1292 777 1350 817 ut
1368 769 1478 817 illas
1503 771 1602 817 275

255 846 531 896 Subsecuit
556 857 744 913 partes,
771 850 906 898 unde
932 857 1133 898 creatus
1160 855 1296 897 erat:

187 923 299 972 Nec
324 925 416 973 tibi
444 926 510 974 sit
535 927 712 975 melior
737 927 944 975 tumidis
972 927 1244 992 Neptunus
1271 925 1320 973 in
1347 924 1511 981 undis,

254 1002 421 1058 Quam
446 1005 528 1051 cui
555 1012 674 1052 sunt
699 1006 878 1054 subitae
903 1005 1058 1052 frater
1082 1011 1134 1052 et
1157 1019 1285 1051 uxor
1310 1018 1456 1059 aves;

185 1128 238 1157 dia
253 1126 339 1158 dicta
355 1132 414 1164 est,
431 1128 581 1170 quoniam
605 1128 691 1160 sacta
714 1135 761 1160 est
784 1141 860 1161 cura

187 1176 344 1208 Palladis.

228 1227 304 1257 269.
331 1226 451 1268 Quique
479 1228 600 1269 oculis]
629 1229 859 1270 Polymnestor,

183 1285 238 1306 rex
275 1275 431 1313 Thraciae,
468 1277 568 1308 veteri
607 1277 748 1309 amicitia
785 1288 858 1308 con-

180 1325 312 1367 junctus
327 1336 400 1356 cum
421 1326 559 1363 Priamo,
574 1327 760 1359 imminente
775 1328 861 1359 bello

185 1373 382 1411 Graecorum,
407 1375 601 1417 Polydorum
620 1376 738 1407 Priami
761 1377 860 1407 filium

185 1433 204 1455 a
219 1424 404 1466 parentibus
425 1425 486 1456 sibi
511 1425 739 1457 demandatum
755 1426 859 1468 hospi-

183 1472 229 1504 tio
245 1473 396 1516 suscepit.
433 1474 495 1506 Sed
520 1475 686 1507 ruentibus
703 1475 860 1518 Trojanis,

184 1523 265 1560 auri,
279 1524 364 1565 quod
381 1524 558 1567 Polydorus
573 1526 743 1563 adtulerat,
760 1526 859 1557 avidi-

182 1579 250 1604 tate
272 1579 397 1615 captus,
419 1581 602 1617 contempto
627 1575 755 1617 hospitii
779 1576 861 1618 jure,

187 1623 382 1664 Polydorum
415 1625 596 1656 obtruncat.
641 1625 736 1663 Quod
763 1636 862 1667 quum

183 1673 321 1704 Hecuba
350 1680 451 1706 mater
481 1675 687 1717 percepisset,
713 1675 861 1707 dissimu-

184 1723 254 1754 lans
281 1734 314 1754 se
335 1723 492 1765 ignorare,
514 1725 788 1767 Polymnestorem
814 1737 862 1757 ro-

184 1773 284 1814 gavit,
301 1781 348 1810 ut,
368 1781 500 1817 accepto
523 1775 671 1807 thesauro
694 1787 790 1818 quem
815 1776 862 1807 in-

184 1821 317 1859 dicaret,
342 1823 442 1855 filium
472 1824 630 1857 redderet.
674 1825 706 1857 Is
737 1832 865 1857 secutus

185 1872 327 1904 mulieris
342 1873 449 1911 fidem,
467 1874 626 1906 adductus
646 1875 678 1906 in
694 1882 863 1912 secretum,

185 1922 227 1953 ab
243 1922 378 1954 Hecuba
391 1929 423 1954 et
434 1923 559 1955 ancillis
571 1922 672 1956 oculis
688 1925 841 1967 privatur.

227 1972 304 2003 271.
324 1973 436 2004 Pastor
458 1981 494 2005 ut
512 1975 680 2016 AEtnaeus.]
704 1974 864 2017 Polyphe—

185 2031 267 2058 mus,
293 2022 375 2054 inter
395 2023 554 2067 Cyclopes
585 2023 710 2056 Siculos
732 2025 864 2056 Homeri

186 2071 326 2103 carmine
350 2073 586 2110 celeberrimus,
600 2074 731 2106 oculum
747 2074 864 2111 amisit,

186 2120 300 2152 adusto
334 2122 442 2164 stipite
481 2123 630 2155 effossum
665 2124 706 2155 ab
736 2123 865 2166 Ulysse,

185 2181 297 2212 quum,
314 2172 493 2215 absumptis
503 2174 646 2216 quinque
659 2173 754 2205 sociis
768 2174 864 2211 illius,

187 2220 259 2251 vino
274 2222 405 2253 obrutus
415 2223 550 2265 jaceret.

231 2270 307 2302 272.
345 2271 481 2303 Telemus
511 2273 726 2314 Eurymedes]
761 2274 865 2315 Eury-

187 2321 281 2351 mides
305 2320 427 2352 dictum
450 2323 533 2354 Met.
549 2323 616 2354 xiii.
640 2334 706 2354 ver.
722 2324 796 2354 771.
825 2324 866 2354 H.

189 2370 337 2402 Telemus.
376 2372 407 2403 V
410 2378 487 2409 ateS,
514 2373 570 2415 qui
598 2373 746 2416 praedixit
770 2374 864 2416 Poly-

188 2420 305 2462 phemo
318 2421 491 2464 aliquando
503 2423 656 2460 futurum,
669 2429 703 2454 ut
717 2423 746 2454 ei
757 2423 867 2455 oculus

187 2469 380 2502 effoderetur
395 2473 435 2503 ab
452 2472 492 2504 Ul
496 2483 578 2515 ysse.

234 2519 311 2551 273.
339 2521 382 2551 Ut
398 2523 459 2552 duo
474 2522 644 2563 Phinidae]
669 2522 817 2554 Crambis
836 2529 868 2554 et

190 2573 346 2616 Orythus,
357 2572 420 2603 duo
435 2571 549 2603 Phinei
562 2572 618 2603 filii
631 2583 670 2603 ex
682 2572 867 2614 Cleopatra,

189 2623 253 2655 vim
284 2622 459 2654 intulerunt
489 2622 570 2659 Idae,
600 2633 698 2664 quam
727 2621 868 2654 Phineus

189 2672 466 2716 superinduxerat,
492 2672 588 2704 filiam
613 2671 770 2708 Dardani,
790 2673 867 2715 Scy·

191 2724 317 2755 thar-um
333 2722 415 2764 regis
429 2735 435 2752 :
463 2733 526 2765 qua
541 2722 581 2754 de
597 2733 694 2754 causa
714 2722 866 2754 excaecati

191 2784 210 2804 a
225 2778 316 2816 patre
330 2778 414 2804 sunt.

236 2824 336 2854 VOL.
352 2823 395 2853 V.

974 1130 1051 1160 274.
1080 1127 1266 1168 Thamyroe.]
1294 1126 1393 1158 Filius
1410 1125 1606 1156 Philammo-

929 1178 978 1209 nis
1003 1183 1035 1209 et
1054 1177 1210 1220 Argiopes
1234 1175 1405 1219 Nymphae,
1427 1181 1459 1206 et
1484 1185 1503 1205 a
1525 1174 1606 1206 Lino

929 1229 1083 1260 musicam
1108 1227 1253 1259 edoctus.
1301 1226 1426 1257 Dicitur
1450 1225 1489 1256 ab
1510 1225 1607 1256 Hom.

929 1277 1098 1320 Thamyris
1120 1283 1215 1319 aptus
1236 1276 1276 1307 ad
1292 1275 1394 1317 lyram
1415 1280 1447 1306 et
1467 1285 1606 1310 carmen,

930 1334 966 1360 ut
985 1328 1094 1360 scribit
1112 1327 1211 1359 Diod.
1228 1326 1353 1358 Claruit
1376 1325 1508 1361 musica,
1527 1324 1607 1356 adeo

930 1383 965 1409 ut
992 1388 1032 1409 ex
1057 1376 1206 1408 OEchalia
1230 1374 1440 1417 Peloponnesi
1463 1375 1606 1410 veniens,

929 1428 1043 1458 Musas
1067 1426 1184 1468 quibus
1208 1424 1356 1460 occurrit,
1382 1424 1415 1454 in
1445 1433 1608 1455 certamen

929 1477 1162 1520 provocaverit,
1180 1486 1199 1506 a
1215 1474 1330 1517 quibus
1352 1481 1534 1505 excaecatus
1551 1480 1610 1505 est.

933 1527 1164 1568 Demodocique.
1189 1526 1263 1556 Duo
1277 1531 1421 1556 cantores
1437 1530 1511 1555 sunt
1523 1523 1608 1566 apud

932 1578 1026 1609 Hom.
1051 1575 1202 1608 Phemius
1217 1575 1250 1606 in
1266 1573 1413 1605 convivio
1428 1584 1607 1616 procorum,

932 1626 1139 1658 Demodocus
1158 1624 1193 1656 in
1211 1624 1356 1656 convivio
1375 1623 1522 1654 Alcinoi:
1550 1634 1606 1654 cu-

927 1678 981 1720 jus
996 1676 1151 1707 musicam
1167 1674 1280 1706 laudat
1297 1673 1395 1704 Hom.
1431 1674 1527 1704 Hunc
1546 1683 1608 1704 cae-

933 1736 1005 1757 cum
1032 1725 1127 1757 valde
1155 1725 1254 1755 Musa
1282 1722 1406 1760 dilexit,
1431 1722 1521 1754 dedit
1554 1723 1609 1753 bo-

933 1786 1074 1818 numque
1107 1774 1313 1816 malumque;
1348 1772 1448 1804 oculis
1478 1771 1609 1814 quidem

933 1825 1079 1868 privavit,
1104 1823 1159 1856 sed
1186 1829 1316 1855 cantum
1343 1822 1432 1854 dedit
1458 1821 1609 1853 suavissi-

934 1886 1032 1906 mum.

976 1926 1052 1957 277.
1079 1925 1143 1957 Nec
1164 1926 1220 1956 tibi
1242 1924 1309 1965 sit.]
1338 1923 1429 1965 Ceyx
1447 1922 1608 1965 Alcyones

934 1977 1061 2019 conjux,
1075 1986 1172 2017 quum
1188 1974 1229 2005 ad
1240 1974 1402 2005 oraculum
1415 1974 1609 2014 navigasset,

934 2026 1018 2057 facto
1039 2024 1204 2066 naufragio
1222 2024 1404 2055 submersus
1424 2029 1493 2061 est;
1519 2023 1611 2065 cujus

934 2076 977 2107 rei
998 2075 1106 2107 dolore
1121 2075 1268 2116 Alcyone
1286 2072 1320 2104 in
1341 2083 1433 2104 avem
1457 2082 1611 2103 conversa

934 2132 983 2157 est
998 2125 1046 2156 sui
1067 2124 1225 2163 nominis3
1250 2123 1321 2154 vide
1343 2122 1441 2155 Ovid.
1459 2123 1538 2154 Met.
1554 2122 1611 2154 lib.

935 2175 977 2206 xi.
989 2185 1054 2206 ver.
1070 2175 1131 2205 741
1150 2185 1222 2216 sqq.

978 2225 1054 2255 278.
1066 2223 1278 2264 F1·nte²·‚etc.]
1299 2221 1481 2258 Daedalion,
1496 2222 1613 2264 Ceycis

935 2273 1045 2310 frater,
1064 2273 1162 2304 filiam
1178 2273 1290 2303 habuit
1302 2271 1428 2303 nomine
1440 2271 1608 2307 Cliionem,

935 2323 1205 2360 formosissimam,
1221 2333 1317 2365 quam
1334 2321 1451 2364 Apollo
1472 2328 1504 2353 et
1524 2322 1612 2352 Mer-

936 2373 1042 2406 curius
1064 2384 1291 2415 compressere,
1312 2380 1344 2404 et
1369 2372 1436 2403 nati
1460 2378 1535 2403 sunt
1557 2383 1612 2413 ge-

936 2424 1035 2455 melli.
1065 2423 1209 2466 Apollini
1224 2423 1406 2458 Pbilamon,
1424 2421 1477 2463 qui
1491 2421 1613 2452 musica

936 2473 1063 2510 claruit,
1087 2479 1209 2516 patrem
1236 2472 1389 2503 imitatus.
1435 2470 1614 2511 Autolycus

937 2530 1045 2555 autem
1071 2521 1244 2559 Mercurio,
1271 2522 1320 2553 sur
1346 2520 1470 2552 nobilis.
1516 2521 1612 2550 Suam

936 2573 1083 2616 praeferre
1103 2572 1227 2604 Chione
1248 2572 1380 2603 formam
1396 2570 1512 2601 Dianae
1535 2579 1614 2600 ausa

936 2630 995 2660 est,
1025 2634 1045 2654 a
1077 2633 1142 2665 qua
1171 2628 1219 2653 est
1254 2620 1378 2663 sagittis
1410 2621 1612 2661 interempta.

937 2673 1039 2715 Cujus
1062 2672 1094 2703 in
1114 2682 1222 2714 rogum
1242 2677 1331 2713 pater
1354 2669 1524 2701 Daedalion
1549 2678 1612 2711 prae

936 2722 1044 2754 dolore
1073 2733 1107 2753 se
1137 2720 1236 2752 voluit
1263 2719 1451 2751 immittere:
1484 2724 1516 2749 at
1543 2727 1612 2760 pro-

935 2771 1066 2807 hibitus,
1081 2771 1114 2802 in
1136 2771 1328 2802 Parnassum
1350 2775 1488 2800 montem
1508 2766 1587 2799 abiit
1604 2779 1612 2804 3

1065 2823 1084 2851 3
1101 2821 1129 2851 R
