1809 3220
310 473 661 536 PUBLII
708 471 1038 534 OVIDII
1091 468 1515 532 NASONIS

795 630 821 682 I
839 628 890 683 B
908 629 934 681 I
953 628 990 681 S
1011 634 1043 680 ⁸.

791 813 1054 847 ..ἡ-

209 961 519 1021 TEMPUS
560 971 622 1018 ad
653 971 765 1027 hoc,
794 970 967 1017 lustris
995 971 1103 1033 jam
1137 969 1214 1017 bis
1250 967 1370 1015 mihi
1399 967 1626 1032 quinque

415 1049 652 1114 peractis,

280 1127 447 1174 Omne
472 1126 567 1174 fuit
593 1125 758 1172 Musae
784 1141 987 1173 carmen
1014 1124 1205 1172 inerme
1231 1139 1386 1181 meae;

214 1204 490 1268 Nullaque,
519 1219 633 1266 quae
660 1202 838 1267 possit,
868 1201 1069 1265 scriptis
1094 1207 1170 1248 tot
1193 1200 1417 1248 millibus
1443 1205 1614 1248 exstat

281 1281 451 1330 Litera
477 1280 716 1338 Nasonis,
744 1280 1130 1343 sanguinolenta
1154 1278 1272 1342 legi.

212 1361 323 1408 Nec
351 1375 663 1423 quemquam
689 1358 864 1414 nostri,
893 1357 988 1404 nisi
1014 1373 1121 1414 nos,
1149 1356 1324 1403 laesere
1349 1355 1522 1411 libelli,
1596 1357 1626 1402 5

279 1437 504 1485 Artificis
530 1437 679 1501 periit
705 1452 862 1500 quum
887 1442 1044 1499 caput
1068 1433 1192 1482 Arte
1219 1450 1325 1482 sua.

214 1515 378 1571 Unus,
407 1521 458 1562 et
482 1515 578 1562 hoc
605 1514 772 1578 ipsum
799 1521 878 1561 est
901 1512 1083 1576 injuria
1106 1528 1305 1574 magna,
1328 1526 1602 1576 perennem

281 1592 529 1640 Candoris
554 1592 757 1639 titulum
782 1608 883 1639 non
909 1590 1029 1638 sinit
1053 1607 1166 1638 esse
1191 1590 1307 1638 mei.
1577 1606 1583 1608 “

257 1742 342 1778 Ibin,
358 1743 416 1773 sub
434 1753 497 1784 quo
518 1743 643 1773 nomine
659 1742 824 1784 Hyginum
840 1742 886 1773 la-

212 1797 278 1823 tere
295 1791 414 1829 volunt,
432 1791 517 1834 quod
534 1791 641 1823 Ovidii
657 1802 771 1823 nomen
787 1792 885 1823 male-

215 1842 308 1873 dictis
330 1842 494 1878 laceraret,
512 1848 543 1873 et
562 1841 651 1872 falsis
673 1841 887 1872 crimination—

213 1891 284 1922 ibus
304 1891 337 1921 in
358 1891 511 1922 invidiam
531 1896 563 1922 et
578 1891 685 1921 odium
702 1891 887 1928 adduceret,

214 1941 300 1982 quod
327 1951 418 1983 porro
446 1941 515 1982 ejus
543 1951 671 1971 uxorem
705 1939 889 1971 sollicitaret

215 1991 405 2032 importune,
427 1989 577 2032 quodque
600 1989 733 2020 fortunis
754 1989 889 2021 inhiaret

215 2045 329 2081 poetae,
345 2039 421 2070 diris
437 2039 583 2070 omnibus
599 2038 812 2082 hic-devovet.

258 2094 273 2110 ³
296 2089 374 2119 Ims.
408 2088 459 2119 Ita
479 2088 597 2119 rectius
621 2088 808 2119 inscribetur
830 2088 888 2120 hoc

215 2148 339 2178 poema,
364 2147 460 2179 quam
486 2137 526 2167 ΙΝ
555 2136 642 2173 ΙΒῙΝ,
665 2136 750 2178 quod
777 2137 888 2169 hacte-

215 2197 273 2217 nus
296 2186 537 2226 circumfertur3
561 2197 664 2229 neque
684 2186 775 2218 aliter
797 2197 888 2219 suum

215 2246 326 2278 poema
339 2235 557 2267 Callimachus
571 2235 782 2278 inscripserat.
828 2235 887 2267 Vi-

215 2285 254 2316 de
267 2285 397 2316 Suidam
411 2285 442 2316 in
458 2286 690 2327 Καλλίμαχος.
724 2285 888 2327 Eutyches

218 2346 345 2377 quoque
359 2335 607 2371 Grammaticus,
625 2335 680 2366 lib.
692 2335 726 2366 ii.
745 2336 888 2366 Ovidium

214 2387 247 2415 in
266 2384 350 2416 Ibide
365 2385 452 2421 citat,
469 2395 531 2415 non
547 2387 579 2415 in
596 2385 677 2415 Ibin.

264 2435 290 2465 l.
317 2433 464 2474 Lustris]
491 2434 636 2464 Lustrum
660 2433 808 2464 dixerunt
827 2433 886 2464 La-

216 2483 272 2515 tini
290 2484 426 2525 spatium
441 2483 581 2525 quinque
598 2493 762 2514 annorum.
800 2484 886 2514 Serv.

216 2533 247 2564 in
266 2533 396 2564 lICneid.
413 2533 469 2564 lib.
487 2532 508 2564 i.
524 2543 569 2563 vs.
586 2534 650 2564 283
665 2544 672 2562 :
698 2538 719 2549 ¹‘
738 2533 884 2563 Lustrum

217 2582 349 2618 dictum,
362 2581 446 2623 quod
459 2587 529 2624 post
541 2581 792 2623 quinquennium
809 2592 885 2612 una-

215 2642 350 2673 quaeque
379 2631 491 2662 civitas
525 2631 728 2662 lustrabatur.
790 2631 884 2662 Unde

217 2681 328 2711 Romae
353 2681 583 2716 ambilustrum,
610 2681 693 2722 quod
721 2692 781 2712 non
806 2681 882 2713 lice-

215 2731 281 2768 bat,
303 2730 361 2762 nisi
386 2731 492 2762 ambos
518 2741 673 2768 censores,
697 2737 766 2773 post
789 2730 881 2773 quin-

954 1741 1128 1784 quennium
1139 1741 1272 1772 lustrare
1282 1739 1479 1772 civitatem.'’
1506 1741 1627 1778 Quam-

954 1791 1002 1822 vis
1024 1792 1124 1822 Varro
1150 1801 1169 1822 a
1195 1792 1316 1828 luendo,
1341 1789 1373 1820 id
1399 1794 1457 1825 est,
1479 1788 1630 1821 solvendo

955 1841 1088 1872 lustrum
1119 1840 1220 1876 ducit,
1247 1839 1333 1882 quod
1362 1840 1474 1881 quinto
1501 1848 1628 1881 quoque

956 1901 1038 1922 anno
1061 1889 1245 1932 vectigalia,
1267 1896 1299 1921 et
1324 1891 1406 1921 ultro
1431 1889 1550 1921 tributa
1571 1899 1629 1932 per

956 1950 1101 1971 censores
1116 1940 1386 1981 persolvebantur.
1410 1940 1542 1971 Domrr.

1001 1991 1032 2020 2.
1059 1990 1188 2020 Carmen
1204 1991 1327 2026 inerme,
1343 1989 1424 2030 etc.]
1451 1988 1513 2019 Hic
1529 1998 1630 2019 mores

957 2050 1042 2076 suos,
1063 2039 1307 2081 candoremque,
1329 2046 1360 2070 et
1387 2038 1548 2081 ingenium
1572 2037 1631 2068 mi-

958 2089 1041 2120 nime
1057 2088 1250 2120 maledicum
1267 2088 1389 2120 indicat
1405 2088 1503 2120 Naso.
1526 2089 1561 2119 Z.

1001 2140 1032 2169 4.
1058 2138 1166 2169 Litera
1191 2137 1456 2180 sanguinolenta]
1492 2138 1629 2169 Carmen

957 2188 1160 2219 maledicum.

1002 2238 1033 2268 6.
1059 2238 1134 2267 Arte
1153 2236 1237 2278 sum]
1264 2236 1386 2268 Eadem
1409 2236 1486 2268 alibi
1505 2247 1543 2268 ac
1567 2237 1628 2268 sre-

957 2297 1058 2329 quens
1086 2287 1214 2328 querela
1242 2292 1290 2317 est
1318 2292 1438 2329 poetae:
1474 2293 1510 2318 ut
1531 2286 1627 2319 Trist-

956 2336 1014 2367 lib.
1040 2335 1073 2366 ii.
1099 2346 1179 2367 vers.
1201 2336 1241 2366 2:
1273 2335 1440 2377 “Ingenio
1468 2335 1548 2379 perii
1571 2335 1627 2379 qui

958 2385 1051 2417 miser
1070 2385 1137 2427 ipse
1159 2385 1263 2416 meo.”
1308 2386 1350 2417 Et
1364 2386 1458 2417 Pont.
1474 2385 1520 2418 ΙΙ.
1535 2386 1628 2428 Eleg.

957 2435 1009 2466 vii.
1023 2447 1053 2466 v.
1067 2436 1108 2465 47
1121 2448 1126 2465 :
1153 2439 1174 2452 ¹‘
1186 2434 1318 2467 Artibus
1334 2434 1479 2477 ingenuis
1494 2436 1629 2478 quaesita

956 2490 1004 2515 est
1026 2484 1125 2526 gloria
1149 2483 1276 2516 multis:
1304 2485 1420 2516 Infelix
1444 2484 1522 2528 perii
1547 2485 1628 2517 doti-

956 2534 1014 2564 bus
1030 2534 1095 2575 ipse
1110 2533 1222 2565 meis.''

1001 2585 1031 2613 7.
1060 2583 1174 2624 Unus]
1198 2583 1283 2615 Ibis:
1305 2583 1355 2615 vel
1368 2594 1462 2626 quem
1474 2584 1626 2628 deinceps

955 2631 1056 2663 Ibidis
1072 2632 1198 2664 nomine
1214 2633 1342 2665 notabo.

999 2682 1030 2712 8.
1057 2681 1229 2723 Tinctum]
1256 2682 1307 2714 De
1324 2693 1386 2725 quo
1401 2683 1468 2715 111.
1485 2682 1525 2717 de
1541 2683 1623 2715 Pon·

955 2736 997 2765 to,
1018 2730 1106 2772 Eleg.
1122 2731 1163 2763 iv.
1180 2743 1227 2763 vs.
1248 2733 1296 2764 13.
