1830 3220
518 172 869 215 FASTORUM
902 173 1024 216 LIB.
1047 174 1104 216 V.

1427 177 1516 219 279

106 287 258 336 Nunc
285 289 458 353 elapsa
483 290 589 352 rogi
615 290 848 346 flammis,
877 298 927 338 et
952 290 1115 338 inanis
1142 295 1336 354 imago;

172 364 297 414 Haec
325 374 404 414 est
429 383 493 415 ex
519 368 603 415 illo
628 367 788 415 forma
812 368 989 416 relicta
1015 368 1196 416 Remo.

105 442 248 491 Heu!
276 444 358 492 ubi
389 444 529 492 Mars
556 453 698 509 pater
724 446 835 493 est?
863 445 1014 493 sivos
1041 447 1190 494 modo
1208 463 1327 495 vera
1350 447 1520 505 locuti,

176 520 452 586 Uberaque
479 522 726 587 expositis
754 523 838 570 ille
864 522 1023 570 ferina
1047 524 1225 571 dedit?

1427 528 1525 573 466

105 597 269 652 Quem
298 600 420 663 lupa
443 600 673 657 servavit,
702 616 879 647 manus
907 600 1041 647 hunc
1067 602 1337 649 temeraria
1362 602 1485 650 civis

171 676 431 726 Perdidit:
472 695 501 726 o
528 686 721 742 quanto
747 678 912 726 mitior
937 678 1022 725 illa
1048 678 1167 726 fuit!

105 753 248 803 Saeve
272 756 437 812 Celer,
455 757 713 805 crudelem
736 756 954 804 animam
977 773 1065 820 per
1080 757 1290 804 vulnera
1309 757 1490 805 reddas
1509 777 1519 815 ;

173 832 349 897 thue
375 851 485 898 ego,
515 835 609 881 sub
636 842 794 882 terras
821 834 1239 897 sanguinolentus
1267 851 1371 882 eas.
1424 838 1524 883 470

105 909 282 958 Noluit
307 912 400 960 hoc
427 913 606 962 frater:
647 913 810 977 pietas
837 913 1050 976 aequalis
1077 912 1130 959 in
1157 912 1244 959 illo
1271 920 1379 960 est:

175 988 324 1043 Quod
351 992 531 1055 potuit,
560 993 812 1056 lacrymas
838 991 888 1038 in
914 1008 1028 1039 mea
1052 990 1155 1038 fata
1180 990 1339 1039 dedit.

106 1065 258 1115 Hunc
274 1085 361 1116 vos
383 1086 473 1133 per
491 1070 758 1135 lacrymas,
778 1086 867 1134 per
882 1077 1048 1117 vestra
1069 1068 1311 1116 alimenta
1333 1076 1523 1132 rogate,

179 1144 249 1192 Ut
272 1147 525 1194 celebrem
551 1148 680 1195 festo
707 1147 874 1210 signet
900 1147 1087 1194 honore
1115 1145 1267 1194 diem.

106 1220 444 1272 Mandantem
467 1226 706 1290 amplecti
728 1225 956 1289 cupiunt,
975 1231 1027 1272 et
1047 1224 1256 1272 brachia
1276 1225 1492 1272 tendunt
1510 1241 1521 1273 :

176 1299 392 1350 Lubrica
416 1310 716 1367 prensantes
743 1303 920 1366 effugit
944 1304 1124 1350 umbra
1149 1318 1349 1350 manus.

1424 1305 1523 1350 476

108 1376 181 1425 Ut
206 1395 379 1427 secum
404 1380 602 1444 fugiens
629 1397 833 1429 somnos
861 1381 1076 1428 abduxit
1101 1381 1294 1443 imago3

175 1455 254 1503 Ad
279 1474 448 1521 regem
475 1475 624 1506 voces
649 1458 815 1506 fratris
842 1466 1058 1522 uterque
1083 1458 1267 1505 ferunt.

103 1566 296 1612 provinciam
335 1573 470 1615 populus
502 1574 635 1616 jussit.''
690 1574 778 1605 Aves

105 1623 344 1661 autemjubent,
361 1622 436 1654 dum
452 1623 656 1665 portendunt,
672 1624 705 1654 id
720 1630 777 1660 est,

104 1669 258 1703 divinitus
284 1671 476 1714 significant.
522 1673 630 1715 Atque
655 1674 699 1705 ita
725 1674 778 1704 Li-

103 1718 184 1757 vius,
201 1719 222 1752 i.
239 1722 270 1752 8.
286 1721 326 1752 de
348 1723 507 1753 Romulo:
534 1734 620 1760 aves,
636 1735 700 1764 quae
722 1736 779 1754 au-

103 1772 195 1811 gurio
224 1782 353 1813 regnum
380 1774 627 1811 portenderant‚·
660 1772 779 1803 ibidem

106 1821 157 1850 12.
187 1820 366 1851 Romulus:
399 1821 535 1861 Jupiter,
566 1823 638 1858 tuis,
669 1824 779 1863 inquit,

94 1871 204 1909 jussus
231 1872 336 1901 avibus
366 1872 414 1902 hic
438 1875 538 1911 prima
567 1873 637 1903 urbi
653 1872 779 1914 fienda·

105 1923 289 1961 mentaJ'eci.
338 1921 448 1952 Inanis
468 1923 576 1964 iniagr),
593 1922 705 1953 umbra
725 1933 779 1953 ex-

105 1969 233 2011 sanguis
261 1970 329 2001 sine
359 1981 453 2002 carne
484 1978 516 2002 et
545 1971 680 2002 ossibus.
735 1973 782 2002 Ea

105 2018 236 2051 levitate
251 2030 307 2051 sua
319 2020 400 2051 bene
417 2020 533 2051 dicitur
543 2022 622 2051 elabi
637 2020 782 2052 flammis.

149 2069 225 2100 465.
254 2070 313 2100 Ubi
327 2077 367 2101 est
387 2081 444 2101 vox
460 2071 540 2112 ejus,
557 2070 611 2112 qui
632 2069 780 2110 indigna-

105 2123 167 2155 tur,
183 2129 307 2150 cessare
323 2124 378 2150 aut
393 2120 512 2161 negligi
527 2119 668 2161 aliquid3
686 2120 778 2150 1³11ae-

106 2168 192 2205 drus,
213 2168 234 2199 i.
254 2169 321 2199 fab.
338 2170 378 2199 9:
405 2174 426 2186 “
444 2169 507 2200 Ubi
533 2169 703 2211 pernicitas
727 2169 782 2199 illa

106 2218 199 2250 estr’
246 2218 306 2249 Ille
321 2221 405 2250 dedit
423 2221 524 2256 ubera,
540 2219 627 2249 illius
642 2219 780 2261 impulsu

109 2268 185 2310 lupa
211 2268 301 2299 dedit
329 2269 440 2300 ubera.
488 2269 539 2299 De
568 2275 669 2299 marte
697 2279 781 2299 nunc

107 2328 209 2349 sermo
233 2324 301 2357 est;
325 2318 364 2350 ad
381 2329 453 2349 eum
469 2319 550 2350 bene
572 2318 705 2349 refertur
726 2318 782 2348 illa

109 2367 250 2399 nutritio.
298 2368 428 2405 Mitior;
454 2368 575 2404 Livius,
591 2368 612 2399 i.
625 2369 656 2398 4.
673 2367 780 2409 lupam

109 2421 132 2435 “
151 2418 324 2449 submissas
353 2417 529 2449 infantibus
564 2417 644 2448 adeo
675 2417 782 2448 mitem

109 2467 280 2509 praebuisse
310 2478 475 2505 mammas,
502 2474 538 2498 ut
565 2468 674 2509 lingua
704 2466 781 2497 lam-

108 2517 238 2548 bentem
261 2527 374 2558 pueros
394 2517 544 2559 magister
565 2517 642 2558 regii
662 2515 784 2559 pecoris

109 2565 306 2597 invenerit.’'

156 2617 234 2647 469.
258 2616 310 2647 De
339 2616 442 2646 Celere
468 2615 539 2647 vide
570 2615 610 2646 ad
634 2614 676 2646 iv.
704 2615 782 2646 837.

113 2667 176 2697 Per
207 2667 336 2697 vulnera
366 2667 491 2697 reddere
519 2667 664 2701 animam,
687 2671 722 2695 ut
741 2664 782 2696 iv.

114 2717 197 2748 150:
226 2727 280 2756 per
311 2717 437 2746 vulnera
465 2717 597 2746 animam
627 2715 783 2754 erpellere.

113 2766 229 2798 Gravis
252 2772 357 2797 autem
378 2765 446 2795 haec
468 2763 666 2806 imprecatio.
712 2764 782 2794 Ser-

848 1573 917 1605 vius
934 1574 974 1605 ad
993 1573 1130 1605 AEneid.
1147 1573 1197 1605 iv:
1226 1578 1246 1591 “
1258 1573 1388 1616 Physici
1403 1573 1527 1610 dicunt,

847 1635 911 1660 eos,
928 1623 983 1666 qui
1007 1630 1106 1655 morte
1132 1624 1276 1656 violenta
1304 1623 1528 1662 concidissent,

848 1685 910 1705 non
937 1673 1034 1715 recipi
1060 1674 1092 1704 in
1117 1673 1270 1716 originem
1298 1684 1404 1710 suam,
1427 1673 1528 1705 donec

848 1729 989 1754 errantes
1012 1723 1191 1764 legitimum
1215 1722 1272 1753 fati
1296 1728 1421 1765 tempus
1442 1733 1526 1753 com-

848 1772 1057 1816 plevissent.'’
1117 1772 1381 1814 Sunguinolentus
1419 1777 1526 1803 autem

850 1822 973 1852 Remus
999 1821 1131 1852 humum
1158 1821 1273 1863 premit
1296 1820 1338 1851 iv.
1353 1822 1429 1852 844.
1473 1820 1525 1852 lbi

849 1877 882 1902 et
897 1871 936 1902 de
954 1874 1069 1911 pietate
1088 1871 1232 1908 Romuli,
1248 1871 1302 1913 qui
1323 1871 1457 1913 primum
1482 1872 1528 1902 la-

850 1932 969 1962 crymas
995 1920 1139 1956 devorat,
1170 1931 1242 1951 mox
1273 1927 1378 1951 autem
1408 1920 1526 1952 fundit.

851 1971 1002 2011 AEquulis,
1019 1980 1111 2012 aeque
1134 1980 1251 2011 magna
1275 1980 1312 2000 ac
1336 1968 1368 2000 in
1393 1980 1444 2000 me
1469 1974 1527 2000 est.

850 2021 1026 2061 Lacrymas
1047 2019 1103 2050 dat
1119 2021 1151 2050 in
1169 2030 1246 2056 rem,
1263 2019 1318 2060 qui
1336 2029 1406 2049 eam
1421 2019 1525 2060 lacry-

851 2069 910 2100 mis
939 2069 1004 2100 suis
1039 2068 1198 2100 honestat.
1252 2068 1376 2099 Honore
1404 2070 1527 2111 signare

850 2119 986 2150 formula
1000 2118 1171 2160 exquisita,
1187 2118 1373 2156 honestare3
1393 2118 1528 2155 Plinius,

850 2168 892 2199 V.
912 2169 972 2210 Ep.
989 2167 1009 2199 i.
1029 2169 1064 2198 ll
1081 2179 1088 2197 :
1114 2173 1136 2185 “
1155 2168 1273 2200 sactum
1297 2178 1403 2199 meum
1428 2167 1526 2198 nobili

850 2217 966 2248 honore
999 2217 1169 2259 signavit.''
1216 2217 1369 2248 Similiter
1403 2218 1525 2259 Paneg.

850 2266 938 2297 xxiii.
964 2268 1000 2296 l:
1027 2267 1143 2298 honore
1175 2267 1339 2297 nominum
1367 2266 1525 2308 signare.''

851 2317 933 2358 Ergo
956 2321 987 2347 et
1011 2327 1094 2347 nunc
1122 2327 1244 2353 sensus,
1267 2316 1352 2347 hunc
1376 2316 1526 2347 honorem

850 2367 924 2398 huic
945 2366 1008 2397 diei
1030 2367 1157 2404 habeat,
1175 2373 1210 2398 ut
1229 2377 1302 2398 eum
1321 2367 1435 2398 festum
1457 2377 1526 2398 esse

846 2417 969 2459 jubeat.
1015 2417 1151 2449 Honoris
1170 2417 1257 2448 illius
1278 2417 1436 2448 notionem
1455 2417 1526 2460 plu-

851 2465 938 2497 ribus
954 2466 1058 2498 verbis
1074 2467 1239 2509 expressit.

897 2517 971 2547 476.
997 2516 1101 2547 Etiam
1126 2517 1218 2558 Virg.
1243 2516 1360 2557 Georg.
1384 2516 1427 2547 iv,
1451 2518 1525 2548 501.

853 2566 982 2608 Orphea
997 2565 1120 2597 inducit
1138 2571 1159 2583 ‘¹
1174 2572 1374 2608 prensantem
1391 2565 1524 2607 nequid-

852 2626 948 2658 quam
961 2616 1118 2647 umbras'’
1136 2615 1322 2658 Eurydices,
1338 2626 1420 2657 quae,
1433 2620 1451 2632 ‘¹
1466 2625 1524 2646 ceu

852 2665 956 2697 fumus
985 2666 1017 2696 in
1052 2676 1143 2697 auras
1173 2665 1372 2696 Commixtus
1404 2670 1524 2701 tenues,

852 2714 943 2756 fugit.
978 2714 1154 2747 cedentem
1169 2721 1200 2746 et
1216 2715 1292 2746 fumi
1308 2714 1405 2745 instar
1421 2719 1524 2745 tactus

852 2764 1025 2806 fugientem
1041 2766 1189 2796 lubricam
1207 2774 1290 2796 nunc
1306 2769 1409 2795 vocat.
