1830 3220
556 179 906 223 FASTORUM
941 180 1061 223 LIB.
1097 180 1154 222 V.

1496 181 1583 224 247

165 298 314 363 Saepe
341 298 525 362 aliquis
552 298 696 355 solio,
726 298 862 362 quod
889 304 961 354 tu,
993 297 1229 355 Saturne,
1256 297 1486 355 tenebas,

228 377 400 424 Ausus
425 377 489 425 de
515 377 682 424 media
708 377 859 441 plebe
887 376 1064 424 sedere
1089 377 1233 425 deus.

1517 380 1582 424 20

163 455 232 503 Et
255 457 388 503 latus
417 454 625 503 Oceano
654 455 927 519 quisquam
953 455 1079 501 deus
1107 455 1301 502 advena
1318 455 1518 519 junxit;

229 534 424 598 Tethys
451 541 502 582 et
527 541 754 582 extremo
781 549 916 597 saepe
943 540 1149 597 recepta
1174 534 1286 581 loco
1313 540 1420 582 est:

165 612 342 661 Donec
365 611 559 669 Honos,
581 613 887 677 placidoque
909 612 1096 659 decens
1119 611 1425 660 Reverentia
1444 612 1586 660 vultu

233 690 462 755 Corpora
484 691 721 754 legitimis
748 690 1035 753 imposuere
1057 690 1196 737 toris.

167 768 300 817 Hinc
319 776 428 817 sata
444 769 691 833 Majestas
710 787 719 825 ;
750 769 841 815 hos
859 775 937 815 est
947 768 1043 815 dea
1058 784 1212 815 censa
1222 775 1459 832 parentes
1478 787 1488 827 3
1521 771 1585 816 25

233 847 451 911 Quaque
477 848 559 895 die
585 855 731 912 partu
759 854 838 894 est
863 847 1016 904 edita,
1045 863 1229 910 magna
1252 846 1361 895 fuit.

168 924 278 973 Nec
305 942 470 983 mora;
512 926 744 974 consedit
768 926 934 974 medio
961 926 1191 973 sublimis
1219 925 1443 991 Olympo

234 1003 419 1060 Aurea,
447 1021 700 1069 purpureo
727 1004 1088 1069 conspicienda
1113 1005 1242 1053 sinu.

169 1081 463 1132 Consedere
490 1084 639 1130 sim-ul
665 1083 853 1139 Pudor,
883 1091 933 1131 et
960 1083 1162 1131 Metus:
1204 1099 1353 1131 omne
1378 1082 1575 1130 videres

237 1160 443 1209 Numen
470 1162 534 1209 ad
558 1162 687 1209 hanc
715 1161 883 1208 cultus
909 1161 1257 1226 composuisse
1283 1177 1419 1208 suos.

1522 1163 1588 1207 30

168 1238 408 1286 Protinus
434 1239 638 1287 intravit
659 1247 854 1288 mentes
882 1248 1152 1304 suspectus
1178 1241 1454 1287 honorum:

237 1316 320 1364 Fit
343 1317 559 1382 pretium
586 1317 781 1381 dignis;
824 1335 917 1366 nec
945 1319 1039 1366 sibi
1066 1319 1284 1383 quisque
1311 1318 1497 1382 placet.

172 1436 244 1467 173.
291 1437 412 1467 Verum
428 1436 485 1468 illa
501 1436 576 1468 coeli
595 1436 842 1468 domiciliorum-

169 1496 231 1528 que
248 1486 423 1517 caelestium
437 1486 607 1529 descriptio
624 1487 750 1518 Saturni
765 1493 844 1519 tem-

169 1547 245 1578 pore
260 1537 400 1569 nondum
414 1542 500 1576 erat;
527 1548 629 1579 neque
649 1548 668 1568 a
688 1537 771 1579 regis
790 1537 843 1569 do-

169 1597 220 1617 mo
233 1586 359 1628 longius
371 1587 483 1618 remoti
494 1589 616 1619 advene?
628 1587 691 1619 dici
705 1594 847 1630 possunt.

171 1638 375 1668 Burmannus
392 1637 532 1680 legeret:
561 1639 602 1670 Et
621 1640 701 1669 lutus
713 1638 844 1674 Oceano,

170 1689 306 1729 quamvis
332 1690 405 1718 (leus
430 1690 563 1724 advena,
585 1689 709 1729 junxit,
737 1688 848 1719 addita

169 1737 229 1769 hac
245 1738 524 1778 interpretatione:
550 1737 628 1768 licet
645 1744 676 1768 et
694 1743 777 1768 esset
790 1737 848 1767 mi-

171 1798 282 1819 norum
311 1787 455 1829 gentium
483 1794 515 1819 et
545 1787 728 1819 adscititius
759 1788 848 1829 quasi

172 1837 264 1874 deus,
283 1837 337 1880 qui
360 1837 454 1878 longe
474 1843 558 1868 stare
581 1838 621 1868 ab
641 1838 774 1868 Oceano
793 1837 848 1868 de-

174 1887 272 1923 beret,
293 1886 377 1918 sedit
393 1887 447 1918 ille
472 1892 577 1918 tamen
595 1887 707 1918 eodem
727 1887 848 1923 ordine,

175 1948 238 1979 quo
260 1938 424 1968 Oceanus.
473 1938 610 1976 Recepta
631 1944 684 1974 est,
704 1937 796 1968 sedes
820 1937 849 1968 ei

174 1987 285 2018 relicta
301 1993 360 2022 est,
378 1989 500 2018 caeteris
513 1987 579 2029 jam
598 1986 848 2018 considentibus.

219 2038 362 2068 23—-34-
394 2037 555 2068 Paulatim
589 2038 698 2068 honore
733 2037 851 2068 afficie-

175 2088 302 2123 bantur,
330 2093 566 2129 reverenterque
594 2087 782 2118 colebantur
808 2087 852 2118 dii

176 2137 362 2168 muneribus
383 2143 415 2168 et
434 2137 553 2168 meritis
572 2137 732 2179 insignes3
757 2143 853 2180 atque

178 2187 223 2219 ita
237 2191 378 2229 majestas
392 2188 456 2218 illis
473 2187 625 2227 accessit3
651 2198 690 2218 ex
706 2188 764 2219 hae
782 2198 852 2218 sen-

177 2238 279 2269 tentia
318 2239 474 2280 praeclara
516 2238 667 2280 allegoria
708 2238 852 2269 effloruit.

180 2289 366 2320 Reverentia
384 2289 466 2320 bene
484 2289 695 2328 describitur;
719 2289 748 2320 ei
768 2289 851 2320 enirn

176 2340 319 2380 placidus
350 2340 455 2370 vultus
490 2339 649 2376 convenit,
679 2338 768 2380 isque
802 2340 854 2369 ‹Ie-

181 2400 279 2420 corem
298 2389 469 2431 quemdam
490 2389 652 2420 conciliat.
701 2389 791 2419 Toros
812 2390 853 2419 le-

177 2440 310 2481 gitimos.
356 2438 493 2469 Lenzius
510 2438 661 2479 intelligit
681 2438 781 2469 lectos
801 2438 855 2468 tri-

182 2489 318 2520 clinares
356 2499 412 2530 pro
451 2499 508 2519 sua
544 2488 660 2530 cuique
698 2488 855 2529 dignitate

181 2538 419 2570 convenientes.
456 2538 583 2573 Putem,
598 2538 646 2568 his
662 2538 765 2569 verbis
782 2548 856 2568 con-

183 2588 327 2620 cubitum
366 2587 557 2629 legitimum,
589 2587 772 2630 conjugium
801 2588 856 2619 de-

182 2638 287 2669 scribi.
335 2638 433 2673 Hinc,
451 2649 489 2669 ex
506 2648 543 2668 eo
564 2638 775 2674 matrimonio,
792 2646 858 2670 sata

185 2688 344 2727 Majestas.
395 2688 516 2718 Censeri
532 2688 662 2728 aliquid,
679 2687 711 2718 in
727 2698 858 2719 censum

183 2737 318 2774 deferre,
347 2743 444 2780 atque
482 2737 562 2768 adeo
598 2737 768 2779 possidere,
799 2737 855 2769 ha-

184 2787 284 2826 bere3
320 2798 357 2819 ex
386 2789 414 2818 1.
443 2789 552 2824 Ponto,
576 2787 607 2818 ii.
638 2788 714 2818 138:
755 2792 774 2805 ‘¹
800 2788 858 2818 Est

912 1438 994 1469 inter
1026 1438 1159 1469 comites
1190 1438 1318 1468 Marcia
1351 1447 1447 1468 censa
1480 1436 1588 1473 suas,’'

912 1488 1024 1519 habuit
1045 1488 1126 1519 inter
1151 1487 1294 1519 comites.
1340 1487 1392 1518 Ita
1419 1492 1452 1518 et
1478 1486 1590 1519 Cicero

914 1549 968 1580 pro
983 1538 1069 1569 Flac.
1087 1539 1140 1568 32.
1152 1544 1183 1569 et
1200 1537 1288 1568 alibi.
1338 1537 1428 1567 Male
1444 1536 1541 1578 igitur
1558 1541 1590 1567 et

915 1588 974 1619 hoc
990 1588 1060 1619 loco
1075 1588 1187 1630 interp.
1203 1587 1344 1629 quidam,
1357 1592 1388 1618 et
1406 1586 1532 1629 Lipsius
1549 1586 1589 1617 ad

914 1638 1017 1669 Taciti
1035 1639 1153 1669 Annal.
1169 1638 1189 1669 i.
1206 1641 1238 1669 5.
1257 1636 1590 1680 putarunt,passivum

917 1690 1031 1719 censeri
1057 1687 1129 1729 poni
1156 1698 1212 1729 pro
1238 1687 1354 1718 activo.
1397 1686 1481 1718 Vide
1509 1686 1589 1718 Gro-

920 1737 1003 1768 novii
1026 1737 1104 1768 Obs.
1131 1736 1173 1767 iv.
1199 1738 1232 1767 3.
1288 1737 1414 1777 Quaque
1440 1738 1502 1772 die,
1527 1740 1592 1766 etc.

918 1787 1044 1828 Nempe
1069 1786 1217 1828 majestas
1241 1796 1303 1816 non
1326 1785 1439 1816 crescit
1460 1785 1499 1815 ab
1523 1783 1590 1815 exi-

918 1836 987 1878 guis
1011 1836 1119 1866 initiis.
1169 1835 1281 1871 Medio,
1300 1834 1331 1866 in
1353 1845 1424 1866 arce
1447 1833 1591 1876 Olympi,

919 1886 992 1917 inde
1007 1888 1153 1918 sublimis.
1200 1887 1316 1922 Aurea,
1333 1892 1397 1916 etc.
1415 1885 1454 1916 de
1470 1884 1528 1915 hoc
1543 1895 1592 1915 or-

918 1944 996 1968 natu
1015 1937 1086 1969 vide
1105 1937 1145 1968 ad
1161 1937 1194 1968 ii.
1215 1938 1290 1968 310.
1311 1936 1365 1967 ubi
1389 1936 1514 1966 Maeonis
1534 1947 1591 1966 αιι-

918 1995 986 2018 rato
1001 1990 1212 2028 conspicienda
1229 1989 1310 2018 sinu.

963 2039 1016 2069 ⁶29.
1037 2037 1101 2074 Qui
1116 2037 1284 2079 majestate
1301 2041 1430 2067 ornatus
1447 2043 1506 2073 est,
1518 2046 1590 2067 eum

920 2095 1062 2119 metuunt
1091 2087 1210 2123 cuncti,
1238 2087 1271 2118 id
1304 2092 1363 2123 est,
1394 2091 1593 2123 reverentur,

920 2149 1024 2169 coram
1041 2149 1078 2169 eo
1088 2137 1202 2168 timent
1217 2136 1340 2179 aliquid
1357 2136 1460 2167 facere
1476 2138 1594 2176 pudore

923 2188 1053 2229 dignum
1068 2200 1076 2226 3
1096 2187 1220 2223 Livius,
1239 2187 1315 2217 xxii.
1327 2188 1346 2217 3
1361 2199 1366 2216 :
1392 2191 1409 2204 ‘⁸
1426 2197 1487 2217 non
1499 2185 1594 2216 modo

923 2238 1054 2268 Patrum
1081 2237 1269 2280 majestatis,
1300 2237 1355 2268 sed
1391 2247 1429 2268 ne
1462 2236 1594 2267 deorum

923 2287 1053 2330 quidem
1078 2287 1156 2318 satis
1181 2286 1358 2318 metuens.''
1410 2286 1494 2317 Hinc
1523 2286 1595 2316 Μα-

912 2340 1024 2377 jestatz'
1041 2337 1180 2368 assident
1198 2338 1304 2367 Pudor
1316 2342 1348 2367 et
1360 2337 1474 2367 Metus.
1512 2336 1595 2366 Len-

924 2387 988 2419 zius
1004 2394 1168 2430 comparat
1184 2387 1315 2418 Hesiodi
1325 2386 1421 2430 ”Εργ.
1436 2387 1518 2425 2003
1541 2384 1595 2416 ubi

923 2436 1029 2475 Αἰδὼς
1041 2438 1094 2468 καὶ
1105 2436 1254 2479 Νέμεσις,
1268 2437 1374 2469 Pudor
1389 2441 1421 2467 et
1436 2435 1596 2471 Nemesis,

925 2487 1042 2519 relictis
1059 2487 1250 2524 hominibus,
1264 2488 1339 2519 deos
1355 2487 1486 2519 adeunt.
1511 2486 1596 2518 Con-

924 2538 970 2569 fer
1000 2538 1041 2569 ad
1067 2549 1191 2569 versum
1214 2539 1266 2569 45.
1324 2539 1446 2573 Cultus,
1475 2536 1508 2567 id
1538 2541 1597 2572 est,

926 2587 1068 2623 vestitus,
1092 2587 1173 2617 bene
1194 2586 1310 2619 dicitur
1333 2588 1487 2627 componi,·
1512 2584 1597 2616 Plin.

926 2637 968 2668 iv.
993 2638 1053 2680 Ep.
1079 2636 1122 2668 xi.
1145 2638 1184 2667 3:
1219 2642 1241 2654 “
1256 2637 1427 2679 Postquam
1454 2646 1486 2666 se
1510 2645 1596 2666 eom-

925 2687 1041 2729 posuit,
1058 2687 1348 2730 circumspexitque
1365 2684 1542 2717 habitum.'’

970 2739 1025 2769 31.
1052 2737 1224 2777 Suspectus,
1241 2736 1423 2769 admiratio.
1461 2735 1597 2770 Intrare,

926 2794 960 2818 ut
990 2787 1066 2818 alibi
1092 2788 1203 2823 subire,
1225 2787 1265 2818 (le
1291 2786 1340 2823 iis,
1363 2796 1433 2827 quae
1456 2785 1599 2816 oriuntur
