1809 3220
225 164 312 206 392
771 165 1118 209 EXCURSUS

646 353 1089 402 EXCURSUS
1146 354 1235 402 IV.

283 513 342 540 DE
375 511 635 544 QUIBUSDAM
670 512 861 540 VETERIS
895 511 1059 539 ITALIAE
1094 512 1349 540 NUMINIBUS
1382 512 1438 540 ET
1472 512 1590 540 IDEIS

806 586 1070 614 RELIGIOSIS.

223 690 526 751 MAXIME
554 707 734 749 fortasse
759 706 919 749 Ovidio
943 707 1178 748 debeamus
1200 721 1288 756 eas,
1314 721 1420 762 quas
1443 707 1564 748 nobis
1587 707 1641 749 de

222 778 379 820 veteris
411 777 551 819 Italiae
581 777 735 834 mythis
769 776 944 832 reliquit
974 776 1160 826 notitias,
1188 782 1233 818 et
1266 777 1377 819 haud
1412 776 1539 818 facile
1569 777 1642 818 ali-

220 848 314 903 quis
347 848 530 903 scriptor
562 853 640 896 est,
669 847 743 902 qui
774 846 954 887 difficilis
986 845 1110 901 hujus
1141 861 1220 887 nec
1251 853 1395 888 tamen
1425 847 1566 888 tenuis
1599 852 1643 887 et

218 918 496 960 infructuosae
525 917 789 973 quaestionis,
814 932 911 972 quae
945 917 988 959 in
1021 922 1218 958 veterum
1249 917 1499 959 Latinorum
1533 916 1641 958 ideis

217 988 441 1042 religiosis,
468 988 712 1029 numinibus
745 992 791 1028 et
821 986 978 1042 mythis
1012 987 1260 1028 enarrandis
1293 993 1337 1028 et
1369 987 1421 1028 ab
1452 987 1642 1042 interpo-

216 1058 375 1100 latione
414 1057 572 1100 Graeca
609 1057 906 1099 discernendis
939 1063 1148 1106 versatur,
1184 1057 1326 1099 denuo
1363 1057 1638 1099 excutiendae

216 1129 402 1170 officium
430 1128 566 1184 magis
596 1128 806 1184 injungat.
873 1128 1058 1169 Omnem
1087 1128 1194 1169 hanc
1218 1143 1322 1176 rem,
1347 1128 1389 1169 in
1412 1143 1498 1183 qua
1519 1134 1638 1169 vete-

214 1214 307 1240 rum
338 1198 583 1240 testimonia
609 1213 725 1253 saepe
748 1205 833 1239 tam
858 1213 995 1253 pauca
1016 1204 1205 1248 exstant,
1230 1204 1275 1240 et
1296 1198 1472 1254 insuper
1493 1198 1641 1240 critica

214 1269 469 1324 plerumque
490 1268 690 1324 indigent
711 1267 997 1316 severissima,
1023 1282 1156 1322 quum
1179 1283 1263 1309 non
1284 1282 1380 1309 raro
1406 1282 1554 1310 verum
1576 1268 1638 1309 in-

212 1344 279 1379 ter
300 1338 436 1379 multa
458 1337 613 1378 frivola
633 1343 678 1378 et
695 1337 1072 1392 grammaticorum
1096 1338 1261 1379 somnia
1283 1338 1429 1387 lateat,
1448 1338 1636 1379 maxime

211 1408 418 1450 lubricam
441 1422 538 1449 esse
562 1413 606 1449 et
629 1408 798 1449 nonnisi
819 1409 861 1449 in
883 1409 1077 1464 partibus
1100 1409 1154 1449 ad
1177 1414 1340 1450 certam
1363 1407 1551 1463 aliquam
1573 1407 1635 1448 lu-

210 1493 305 1521 cem
340 1478 493 1520 referri
522 1492 666 1533 posse,
690 1483 735 1518 et
764 1477 887 1518 multi
917 1478 1133 1526 viderunt,
1157 1483 1202 1519 et
1233 1493 1279 1519 re
1309 1478 1417 1533 ipsa,
1441 1483 1490 1519 ut
1520 1492 1634 1519 nunc

209 1554 291 1598 est,
317 1549 508 1591 conditio
531 1548 706 1589 indicat.
771 1547 963 1603 Egregie
985 1548 1027 1588 in
1051 1548 1307 1602 quibusdam
1334 1547 1445 1589 viam
1465 1548 1637 1603 praeivit

210 1619 373 1660 Illustr.
400 1618 548 1674 Heyn.
581 1617 711 1672 (Exc.
743 1618 772 1658 5
800 1623 846 1658 et
876 1616 918 1658 6.
950 1618 1003 1658 ad
1037 1617 1161 1673 Virg.
1190 1617 1295 1659 AEn.
1324 1618 1418 1669 vii.)
1448 1623 1493 1659 et
1524 1617 1631 1666 fore,

207 1695 254 1730 ut
270 1689 360 1745 jam
384 1689 487 1729 dum
509 1688 601 1729 haec
623 1687 776 1736 scribo,
802 1687 854 1728 ab
875 1688 940 1737 iis,
965 1688 1040 1743 qui
1060 1688 1283 1743 praemium
1305 1688 1348 1729 in
1373 1687 1451 1730 hac
1479 1689 1632 1730 acade-

205 1761 290 1801 mia
326 1760 381 1800 de
418 1759 571 1800 eadem
608 1773 654 1799 re
688 1758 948 1813 explicanda
979 1759 1246 1814 propositum
1281 1759 1482 1800 ambituri
1517 1765 1632 1808 sunt,

207 1830 406 1885 quaedam
429 1829 644 1870 illustrata
663 1827 837 1876 fuerint,
858 1843 956 1883 spes
980 1828 1080 1869 mihi
1102 1834 1169 1869 est
1183 1827 1511 1884 jucundissima.

264 1899 462 1952 Quaestio
483 1899 626 1939 statim
647 1898 689 1939 in
711 1897 856 1939 limine
876 1899 1089 1940 movenda
1106 1898 1258 1939 merito
1279 1898 1322 1940 in
1347 1912 1399 1939 eo
1419 1904 1628 1948 versatur,

205 1969 320 2010 unde
342 1968 507 2010 factum
529 1968 595 2016 sit,
620 1973 667 2008 ut
689 1967 823 2023 mythi
845 1968 1005 2010 veteris
1030 1967 1185 2017 Italiae,
1208 1968 1242 2009 si
1272 1968 1346 2023 qui
1373 1967 1470 2009 huic
1500 1974 1627 2010 terrae

204 2038 363 2093 proprii
384 2038 522 2086 fuere,
548 2038 591 2078 in
614 2036 774 2092 populo
797 2042 860 2078 tot
882 2037 1138 2092 scriptorum
1162 2038 1288 2079 laude
1311 2039 1491 2080 florente
1517 2039 1626 2080 adeo

204 2123 353 2162 parum
374 2107 599 2163 propagati
621 2107 720 2155 sint,
740 2112 788 2148 ut
810 2107 882 2149 vix
906 2107 1017 2149 ullus
1042 2108 1225 2163 integer,
1245 2107 1400 2162 reliqui
1420 2108 1513 2149 fere
1538 2123 1625 2149 om-

202 2193 278 2219 nes
300 2193 397 2219 cum
421 2177 587 2219 Graecis
611 2177 768 2219 sabulis
798 2177 967 2219 confusi
997 2178 1228 2233 supersint,
1252 2177 1422 2232 plurimi
1452 2178 1625 2220 interie-

199 2249 297 2290 rint.
341 2248 409 2290 Ex
432 2249 522 2289 sola
543 2248 656 2290 enim
679 2249 927 2290 accessione
950 2248 1203 2304 religionum
1226 2247 1494 2297 Graecarum,
1513 2263 1624 2304 quae,

201 2333 334 2373 quum
356 2317 624 2372 frequentior
646 2318 916 2359 consuetudo
938 2317 1050 2358 inter
1072 2323 1305 2371 utrumque
1327 2317 1532 2372 populum
1561 2318 1622 2359 in-

199 2388 428 2429 tercedere
451 2387 599 2442 coepit,
618 2387 803 2428 Romam
828 2387 984 2428 delatae
1007 2392 1118 2435 sunt,
1139 2387 1329 2428 nondum
1352 2387 1512 2441 patrios
1534 2402 1624 2444 my-

199 2459 294 2500 thos
323 2464 556 2500 summotos
586 2472 680 2499 esse
712 2466 756 2499 et
785 2458 1024 2500 decessisse
1053 2472 1232 2499 necesse
1257 2463 1337 2498 est.
1403 2457 1620 2513 Heynius,

199 2529 279 2570 Vir
301 2528 369 2569 Ill.
394 2528 421 2569 l.
444 2544 481 2568 c.
506 2528 559 2568 ad
589 2542 767 2581 pravum
797 2527 901 2569 illud
928 2527 1221 2569 Romanorum
1244 2527 1447 2576 studium,
1471 2541 1620 2569 omnes

197 2614 264 2640 res
287 2613 385 2640 suas
407 2597 671 2652 antiquiores
695 2598 893 2652 adeoque
915 2597 1082 2653 mythos
1105 2603 1150 2639 et
1179 2597 1410 2652 religiones
1434 2597 1487 2638 ab
1510 2598 1618 2639 anti-

199 2669 349 2724 quiore
371 2667 513 2723 aliquo
544 2667 701 2723 populo
724 2683 763 2708 ν.
789 2683 824 2709 c.
888 2668 1087 2723 Trojanis
1116 2673 1162 2709 et
1183 2666 1350 2709 Graecis
1374 2667 1615 2722 repetendi,

199 2738 305 2779 lianc
337 2753 426 2779 rem
458 2737 605 2779 refert.
669 2737 800 2779 Aliud
824 2738 925 2779 mihi
950 2744 1212 2779 momentum
1236 2737 1312 2778 hac
1335 2736 1376 2778 in
1404 2751 1535 2778 causa
1556 2735 1617 2777 in-
