<?xml version="1.0" encoding="UTF-8"?>
<!DOCTYPE html PUBLIC "-//W3C//DTD XHTML 1.0 Transitional//EN"
    "http://www.w3.org/TR/xhtml1/DTD/xhtml1-transitional.dtd">
<html xmlns="http://www.w3.org/1999/xhtml" xml:lang="en" lang="en">
 <head>
  <title>
</title>
<meta http-equiv="Content-Type" content="text/html;charset=utf-8" />
  <meta name='ocr-system' content='tesseract 3.04.00' />
  <meta name='ocr-capabilities' content='ocr_page ocr_carea ocr_par ocr_line ocrx_word'/>
</head>
<body>
  <div class='ocr_page' id='page_1' title='image "./povidiinasonisop05oviduoft_0309.png"; bbox 0 0 1830 3220; ppageno 0'>
   <div class='ocr_carea' id='block_1_1' title="bbox 524 172 1527 218">
    <p class='ocr_par' dir='ltr' id='par_1_1' title="bbox 524 172 1527 218">
     <span class='ocr_line' id='line_1_1' title="bbox 524 172 1527 218; baseline 0 -3"><span class='ocrx_word' id='word_1_1' title='bbox 524 172 870 215; x_wconf 81' lang='lat' dir='ltr'><strong>FASTORUM</strong></span> <span class='ocrx_word' id='word_1_2' title='bbox 905 173 1026 214; x_wconf 86' lang='lat' dir='ltr'>LlB.</span> <span class='ocrx_word' id='word_1_3' title='bbox 1062 173 1116 214; x_wconf 90' lang='lat' dir='ltr'>V.</span> <span class='ocrx_word' id='word_1_4' title='bbox 1444 176 1527 218; x_wconf 73' lang='lat'>:281</span> 
     </span>
    </p>
   </div>
   <div class='ocr_carea' id='block_1_2' title="bbox 101 282 1520 1589">
    <p class='ocr_par' dir='ltr' id='par_1_2' title="bbox 101 282 1520 1589">
     <span class='ocr_line' id='line_1_2' title="bbox 109 282 1448 347; baseline 0.003 -18"><span class='ocrx_word' id='word_1_5' title='bbox 109 282 331 347; x_wconf 82' lang='lat' dir='ltr'><strong>Tempus</strong></span> <span class='ocrx_word' id='word_1_6' title='bbox 358 292 480 339; x_wconf 91' lang='lat' dir='ltr'>erat,</span> <span class='ocrx_word' id='word_1_7' title='bbox 510 300 611 347; x_wconf 90' lang='lat' dir='ltr'>quo</span> <span class='ocrx_word' id='word_1_8' title='bbox 636 301 782 332; x_wconf 84' lang='lat' dir='ltr'>versa</span> <span class='ocrx_word' id='word_1_9' title='bbox 800 286 925 347; x_wconf 78' lang='lat' dir='ltr'>jugo</span> <span class='ocrx_word' id='word_1_10' title='bbox 951 284 1231 332; x_wconf 83' lang='lat' dir='ltr'>referuntur</span> <span class='ocrx_word' id='word_1_11' title='bbox 1258 293 1448 343; x_wconf 81' lang='lat' dir='ltr'>aratra3</span> 
     </span>
     <span class='ocr_line' id='line_1_3' title="bbox 177 360 1278 426; baseline 0.002 -19"><span class='ocrx_word' id='word_1_12' title='bbox 177 360 243 408; x_wconf 89' lang='lat' dir='ltr'>Et</span> <span class='ocrx_word' id='word_1_13' title='bbox 269 378 480 425; x_wconf 83' lang='lat' dir='ltr'>pronum</span> <span class='ocrx_word' id='word_1_14' title='bbox 508 370 689 410; x_wconf 85' lang='lat' dir='ltr'>saturae</span> <span class='ocrx_word' id='word_1_15' title='bbox 716 363 792 410; x_wconf 89' lang='lat' dir='ltr'>lac</span> <span class='ocrx_word' id='word_1_16' title='bbox 819 362 946 409; x_wconf 89' lang='lat' dir='ltr'>bibit</span> <span class='ocrx_word' id='word_1_17' title='bbox 972 379 1131 426; x_wconf 85' lang='lat' dir='ltr'>agnus</span> <span class='ocrx_word' id='word_1_18' title='bbox 1158 363 1278 410; x_wconf 90' lang='lat' dir='ltr'>ovis.</span> 
     </span>
     <span class='ocr_line' id='line_1_4' title="bbox 109 437 1317 504; baseline 0.002 -20"><span class='ocrx_word' id='word_1_19' title='bbox 109 437 257 487; x_wconf 85' lang='lat' dir='ltr'>Forte</span> <span class='ocrx_word' id='word_1_20' title='bbox 284 455 441 487; x_wconf 82' lang='lat' dir='ltr'>senex</span> <span class='ocrx_word' id='word_1_21' title='bbox 469 439 707 504; x_wconf 82' lang='lat' dir='ltr'><strong>Hyrieus,</strong></span> <span class='ocrx_word' id='word_1_22' title='bbox 737 441 937 503; x_wconf 81' lang='lat' dir='ltr'>angusti</span> <span class='ocrx_word' id='word_1_23' title='bbox 963 441 1126 487; x_wconf 90' lang='lat' dir='ltr'>cultor</span> <span class='ocrx_word' id='word_1_24' title='bbox 1151 441 1317 503; x_wconf 81' lang='lat' dir='ltr'>agelli,</span> 
     </span>
     <span class='ocr_line' id='line_1_5' title="bbox 178 515 1520 580; baseline 0.002 -17"><span class='ocrx_word' id='word_1_25' title='bbox 178 515 285 563; x_wconf 92' lang='lat' dir='ltr'>Hos</span> <span class='ocrx_word' id='word_1_26' title='bbox 310 516 465 573; x_wconf 90' lang='lat' dir='ltr'>videt,</span> <span class='ocrx_word' id='word_1_27' title='bbox 494 518 730 580; x_wconf 82' lang='lat' dir='ltr'>exiguam</span> <span class='ocrx_word' id='word_1_28' title='bbox 757 517 923 564; x_wconf 87' lang='lat' dir='ltr'>stabat</span> <span class='ocrx_word' id='word_1_29' title='bbox 947 524 1004 564; x_wconf 92' lang='lat' dir='ltr'>ut</span> <span class='ocrx_word' id='word_1_30' title='bbox 1030 525 1145 565; x_wconf 87' lang='lat' dir='ltr'>ante</span> <span class='ocrx_word' id='word_1_31' title='bbox 1173 534 1361 565; x_wconf 86' lang='lat' dir='ltr'>casam.</span> <span class='ocrx_word' id='word_1_32' title='bbox 1423 522 1520 566; x_wconf 85' lang='lat'>500</span> 
     </span>
     <span class='ocr_line' id='line_1_6' title="bbox 106 592 1519 660; baseline 0.003 -20"><span class='ocrx_word' id='word_1_33' title='bbox 106 592 277 657; x_wconf 82' lang='lat' dir='ltr'><strong>Atque</strong></span> <span class='ocrx_word' id='word_1_34' title='bbox 294 594 384 652; x_wconf 82' lang='lat' dir='ltr'>ita3</span> <span class='ocrx_word' id='word_1_35' title='bbox 417 594 589 658; x_wconf 82' lang='lat' dir='ltr'>Longa</span> <span class='ocrx_word' id='word_1_36' title='bbox 603 595 681 642; x_wconf 85' lang='lat' dir='ltr'>via</span> <span class='ocrx_word' id='word_1_37' title='bbox 702 602 796 652; x_wconf 88' lang='lat' dir='ltr'>est,</span> <span class='ocrx_word' id='word_1_38' title='bbox 816 611 908 643; x_wconf 89' lang='lat' dir='ltr'>nec</span> <span class='ocrx_word' id='word_1_39' title='bbox 926 602 1155 660; x_wconf 87' lang='lat' dir='ltr'>tempora</span> <span class='ocrx_word' id='word_1_40' title='bbox 1175 596 1324 660; x_wconf 83' lang='lat' dir='ltr'>longa</span> <span class='ocrx_word' id='word_1_41' title='bbox 1345 613 1519 660; x_wconf 89' lang='lat' dir='ltr'>super-</span> 
     </span>
     <span class='ocr_line' id='line_1_7' title="bbox 175 670 1518 738; baseline 0.004 -21"><span class='ocrx_word' id='word_1_42' title='bbox 175 670 336 727; x_wconf 82' lang='lat' dir='ltr'>Dixit,</span> <span class='ocrx_word' id='word_1_43' title='bbox 361 679 412 719; x_wconf 92' lang='lat' dir='ltr'>et</span> <span class='ocrx_word' id='word_1_44' title='bbox 435 672 719 736; x_wconf 84' lang='lat' dir='ltr'>hospitibus</span> <span class='ocrx_word' id='word_1_45' title='bbox 740 673 898 735; x_wconf 86' lang='lat' dir='ltr'>janua</span> <span class='ocrx_word' id='word_1_46' title='bbox 922 681 1091 721; x_wconf 88' lang='lat' dir='ltr'>nostra</span> <span class='ocrx_word' id='word_1_47' title='bbox 1117 681 1283 738; x_wconf 88' lang='lat' dir='ltr'>patet:</span> <span class='ocrx_word' id='word_1_48' title='bbox 1362 677 1518 737; x_wconf 89' lang='lat' dir='ltr'>[sunt‚</span> 
     </span>
     <span class='ocr_line' id='line_1_8' title="bbox 107 747 1392 815; baseline 0.002 -20"><span class='ocrx_word' id='word_1_49' title='bbox 107 747 319 797; x_wconf 87' lang='lat' dir='ltr'>Addidit</span> <span class='ocrx_word' id='word_1_50' title='bbox 343 758 394 797; x_wconf 92' lang='lat' dir='ltr'>et</span> <span class='ocrx_word' id='word_1_51' title='bbox 418 751 612 798; x_wconf 90' lang='lat' dir='ltr'>vultum</span> <span class='ocrx_word' id='word_1_52' title='bbox 638 751 833 798; x_wconf 88' lang='lat' dir='ltr'>verbis:</span> <span class='ocrx_word' id='word_1_53' title='bbox 874 752 1158 815; x_wconf 81' lang='lat' dir='ltr'>iterumque</span> <span class='ocrx_word' id='word_1_54' title='bbox 1184 751 1392 814; x_wconf 81' lang='lat' dir='ltr'>rogavit.</span> 
     </span>
     <span class='ocr_line' id='line_1_9' title="bbox 176 827 1318 893; baseline 0.004 -20"><span class='ocrx_word' id='word_1_55' title='bbox 176 827 362 875; x_wconf 84' lang='lat' dir='ltr'>Parent</span> <span class='ocrx_word' id='word_1_56' title='bbox 387 828 675 891; x_wconf 83' lang='lat' dir='ltr'>promissis3</span> <span class='ocrx_word' id='word_1_57' title='bbox 717 829 1141 893; x_wconf 80' lang='lat' dir='ltr'>dissimulantque</span> <span class='ocrx_word' id='word_1_58' title='bbox 1167 829 1318 877; x_wconf 88' lang='lat' dir='ltr'>deos:</span> 
     </span>
     <span class='ocr_line' id='line_1_10' title="bbox 104 903 1317 969; baseline 0.002 -19"><span class='ocrx_word' id='word_1_59' title='bbox 104 903 264 953; x_wconf 84' lang='lat' dir='ltr'>Tecta</span> <span class='ocrx_word' id='word_1_60' title='bbox 288 905 423 953; x_wconf 89' lang='lat' dir='ltr'>senis</span> <span class='ocrx_word' id='word_1_61' title='bbox 450 907 685 962; x_wconf 90' lang='lat' dir='ltr'>subeunt,</span> <span class='ocrx_word' id='word_1_62' title='bbox 714 907 857 969; x_wconf 82' lang='lat' dir='ltr'>nigro</span> <span class='ocrx_word' id='word_1_63' title='bbox 883 907 1128 954; x_wconf 82' lang='lat' dir='ltr'>deformia</span> <span class='ocrx_word' id='word_1_64' title='bbox 1152 906 1317 964; x_wconf 81' lang='lat' dir='ltr'>fumo3</span> 
     </span>
     <span class='ocr_line' id='line_1_11' title="bbox 174 982 1206 1048; baseline 0.003 -19"><span class='ocrx_word' id='word_1_65' title='bbox 174 982 312 1046; x_wconf 83' lang='lat' dir='ltr'>Ignis</span> <span class='ocrx_word' id='word_1_66' title='bbox 338 984 387 1030; x_wconf 94' lang='lat' dir='ltr'>in</span> <span class='ocrx_word' id='word_1_67' title='bbox 414 984 650 1032; x_wconf 88' lang='lat' dir='ltr'>hesterno</span> <span class='ocrx_word' id='word_1_68' title='bbox 677 984 849 1048; x_wconf 90' lang='lat' dir='ltr'>stipite</span> <span class='ocrx_word' id='word_1_69' title='bbox 876 1000 1057 1048; x_wconf 86' lang='lat' dir='ltr'>parvus</span> <span class='ocrx_word' id='word_1_70' title='bbox 1083 992 1206 1032; x_wconf 85' lang='lat' dir='ltr'>erat.</span> 
     </span>
     <span class='ocr_line' id='line_1_12' title="bbox 107 1060 1290 1126; baseline 0.003 -18"><span class='ocrx_word' id='word_1_71' title='bbox 107 1060 225 1125; x_wconf 90' lang='lat' dir='ltr'>Ipse</span> <span class='ocrx_word' id='word_1_72' title='bbox 251 1078 383 1125; x_wconf 81' lang='lat' dir='ltr'>genu</span> <span class='ocrx_word' id='word_1_73' title='bbox 410 1063 573 1126; x_wconf 91' lang='lat' dir='ltr'>posito</span> <span class='ocrx_word' id='word_1_74' title='bbox 593 1063 822 1110; x_wconf 88' lang='lat' dir='ltr'>flammas</span> <span class='ocrx_word' id='word_1_75' title='bbox 850 1064 1131 1111; x_wconf 86' lang='lat' dir='ltr'>exsuscitat</span> <span class='ocrx_word' id='word_1_76' title='bbox 1155 1080 1290 1119; x_wconf 84' lang='lat' dir='ltr'>aura,</span> 
     </span>
     <span class='ocr_line' id='line_1_13' title="bbox 173 1138 1290 1204; baseline 0.003 -19"><span class='ocrx_word' id='word_1_77' title='bbox 173 1138 239 1186; x_wconf 92' lang='lat' dir='ltr'>Et</span> <span class='ocrx_word' id='word_1_78' title='bbox 263 1139 451 1204; x_wconf 86' lang='lat' dir='ltr'>profert</span> <span class='ocrx_word' id='word_1_79' title='bbox 476 1157 688 1204; x_wconf 87' lang='lat' dir='ltr'>quassas</span> <span class='ocrx_word' id='word_1_80' title='bbox 715 1141 1112 1204; x_wconf 86' lang='lat' dir='ltr'>comminuitque</span> <span class='ocrx_word' id='word_1_81' title='bbox 1138 1140 1290 1188; x_wconf 86' lang='lat' dir='ltr'>faces.</span> 
     </span>
     <span class='ocr_line' id='line_1_14' title="bbox 107 1216 1510 1276; baseline 0.002 -13"><span class='ocrx_word' id='word_1_82' title='bbox 107 1216 472 1265; x_wconf 87' lang='lat' dir='ltr'>Stantcalices:</span> <span class='ocrx_word' id='word_1_83' title='bbox 493 1218 652 1266; x_wconf 89' lang='lat' dir='ltr'>minor</span> <span class='ocrx_word' id='word_1_84' title='bbox 664 1219 779 1267; x_wconf 91' lang='lat' dir='ltr'>inde</span> <span class='ocrx_word' id='word_1_85' title='bbox 797 1219 955 1275; x_wconf 84' lang='lat' dir='ltr'>fabas,</span> <span class='ocrx_word' id='word_1_86' title='bbox 968 1219 1076 1266; x_wconf 90' lang='lat' dir='ltr'>olus</span> <span class='ocrx_word' id='word_1_87' title='bbox 1095 1219 1219 1266; x_wconf 90' lang='lat' dir='ltr'>alter</span> <span class='ocrx_word' id='word_1_88' title='bbox 1230 1219 1510 1276; x_wconf 82' lang='lat' dir='ltr'>habebant3</span> 
     </span>
     <span class='ocr_line' id='line_1_15' title="bbox 170 1293 1516 1360; baseline 0.001 -18"><span class='ocrx_word' id='word_1_89' title='bbox 170 1293 239 1342; x_wconf 86' lang='lat' dir='ltr'>Et</span> <span class='ocrx_word' id='word_1_90' title='bbox 262 1295 458 1343; x_wconf 83' lang='lat' dir='ltr'>fumant</span> <span class='ocrx_word' id='word_1_91' title='bbox 482 1303 617 1344; x_wconf 90' lang='lat' dir='ltr'>testu</span> <span class='ocrx_word' id='word_1_92' title='bbox 644 1312 848 1360; x_wconf 90' lang='lat' dir='ltr'>pressus</span> <span class='ocrx_word' id='word_1_93' title='bbox 876 1304 1088 1359; x_wconf 88' lang='lat' dir='ltr'>uterque</span> <span class='ocrx_word' id='word_1_94' title='bbox 1114 1312 1224 1344; x_wconf 76' lang='lat' dir='ltr'>suo,</span> <span class='ocrx_word' id='word_1_95' title='bbox 1418 1300 1516 1344; x_wconf 82' lang='lat'>510</span> 
     </span>
     <span class='ocr_line' id='line_1_16' title="bbox 104 1373 1515 1437; baseline 0.001 -17"><span class='ocrx_word' id='word_1_96' title='bbox 104 1373 345 1437; x_wconf 92' lang='lat' dir='ltr'>Dumque</span> <span class='ocrx_word' id='word_1_97' title='bbox 371 1390 510 1421; x_wconf 80' lang='lat' dir='ltr'>mora</span> <span class='ocrx_word' id='word_1_98' title='bbox 534 1381 627 1430; x_wconf 90' lang='lat' dir='ltr'>est,</span> <span class='ocrx_word' id='word_1_99' title='bbox 648 1375 862 1422; x_wconf 83' lang='lat' dir='ltr'>tremula</span> <span class='ocrx_word' id='word_1_100' title='bbox 886 1374 975 1421; x_wconf 82' lang='lat' dir='ltr'>dat</span> <span class='ocrx_word' id='word_1_101' title='bbox 993 1374 1109 1421; x_wconf 87' lang='lat' dir='ltr'>vina</span> <span class='ocrx_word' id='word_1_102' title='bbox 1133 1374 1367 1421; x_wconf 87' lang='lat' dir='ltr'>rubentia</span> <span class='ocrx_word' id='word_1_103' title='bbox 1392 1375 1515 1422; x_wconf 85' lang='lat' dir='ltr'>dex-</span> 
     </span>
     <span class='ocr_line' id='line_1_17' title="bbox 169 1450 1513 1517; baseline 0.001 -19"><span class='ocrx_word' id='word_1_104' title='bbox 169 1450 374 1516; x_wconf 87' lang='lat' dir='ltr'>Accipit</span> <span class='ocrx_word' id='word_1_105' title='bbox 398 1468 662 1515; x_wconf 90' lang='lat' dir='ltr'>aequoreus</span> <span class='ocrx_word' id='word_1_106' title='bbox 684 1453 865 1517; x_wconf 86' lang='lat' dir='ltr'>pocula</span> <span class='ocrx_word' id='word_1_107' title='bbox 890 1452 1052 1517; x_wconf 86' lang='lat' dir='ltr'>prima</span> <span class='ocrx_word' id='word_1_108' title='bbox 1077 1452 1221 1500; x_wconf 81' lang='lat' dir='ltr'>deus,</span> <span class='ocrx_word' id='word_1_109' title='bbox 1386 1454 1513 1514; x_wconf 85' lang='lat' dir='ltr'>[tra:</span> 
     </span>
     <span class='ocr_line' id='line_1_18' title="bbox 101 1529 1513 1589; baseline 0.001 -12"><span class='ocrx_word' id='word_1_110' title='bbox 101 1529 228 1585; x_wconf 82' lang='lat' dir='ltr'>Quae</span> <span class='ocrx_word' id='word_1_111' title='bbox 255 1530 403 1578; x_wconf 90' lang='lat' dir='ltr'>simul</span> <span class='ocrx_word' id='word_1_112' title='bbox 429 1531 692 1589; x_wconf 81' lang='lat' dir='ltr'>exhausit3</span> <span class='ocrx_word' id='word_1_113' title='bbox 726 1532 821 1588; x_wconf 91' lang='lat' dir='ltr'>Da,</span> <span class='ocrx_word' id='word_1_114' title='bbox 844 1548 976 1579; x_wconf 90' lang='lat' dir='ltr'>nunc</span> <span class='ocrx_word' id='word_1_115' title='bbox 998 1531 1141 1579; x_wconf 91' lang='lat' dir='ltr'>bibat</span> <span class='ocrx_word' id='word_1_116' title='bbox 1157 1531 1346 1587; x_wconf 86' lang='lat' dir='ltr'>ordine,</span> <span class='ocrx_word' id='word_1_117' title='bbox 1369 1531 1513 1588; x_wconf 86' lang='lat' dir='ltr'>dixit,</span> 
     </span>
    </p>
   </div>
   <div class='ocr_carea' id='block_1_3' title="bbox 1421 910 1518 955">
    <p class='ocr_par' dir='ltr' id='par_1_3' title="bbox 1421 910 1518 955">
     <span class='ocr_line' id='line_1_19' title="bbox 1421 910 1518 955; baseline 0.01 -1"><span class='ocrx_word' id='word_1_118' title='bbox 1421 910 1518 955; x_wconf 89' lang='grc'>505</span> 
     </span>
    </p>
   </div>
   <div class='ocr_carea' id='block_1_4' title="bbox 168 1607 1090 1674">
    <p class='ocr_par' dir='ltr' id='par_1_4' title="bbox 168 1607 1090 1674">
     <span class='ocr_line' id='line_1_20' title="bbox 168 1607 1090 1674; baseline 0.001 -19"><span class='ocrx_word' id='word_1_119' title='bbox 168 1607 397 1673; x_wconf 89' lang='lat' dir='ltr'>Jupiter:</span> <span class='ocrx_word' id='word_1_120' title='bbox 439 1610 610 1657; x_wconf 84' lang='lat' dir='ltr'>audito</span> <span class='ocrx_word' id='word_1_121' title='bbox 636 1611 815 1674; x_wconf 88' lang='lat' dir='ltr'>palluit</span> <span class='ocrx_word' id='word_1_122' title='bbox 839 1610 922 1657; x_wconf 87' lang='lat' dir='ltr'>ille</span> <span class='ocrx_word' id='word_1_123' title='bbox 948 1609 1090 1657; x_wconf 80' lang='lat' dir='ltr'>Jove,</span> 
     </span>
    </p>
   </div>
   <div class='ocr_carea' id='block_1_5' title="bbox 93 1754 773 2740">
    <p class='ocr_par' dir='ltr' id='par_1_5' title="bbox 93 1754 773 2392">
     <span class='ocr_line' id='line_1_21' title="bbox 144 1754 773 1797; baseline 0.005 -13"><span class='ocrx_word' id='word_1_124' title='bbox 144 1755 219 1786; x_wconf 88' lang='grc'><strong>497.</strong></span> <span class='ocrx_word' id='word_1_125' title='bbox 242 1754 381 1796; x_wconf 89' lang='lat' dir='ltr'>Tempus</span> <span class='ocrx_word' id='word_1_126' title='bbox 395 1755 606 1797; x_wconf 85' lang='lat' dir='ltr'>vespertinum</span> <span class='ocrx_word' id='word_1_127' title='bbox 623 1755 773 1787; x_wconf 84' lang='lat' dir='ltr'>describit</span> 
     </span>
     <span class='ocr_line' id='line_1_22' title="bbox 99 1803 772 1846; baseline 0.003 -12"><span class='ocrx_word' id='word_1_128' title='bbox 99 1804 164 1835; x_wconf 84' lang='lat' dir='ltr'>fere</span> <span class='ocrx_word' id='word_1_129' title='bbox 182 1810 218 1834; x_wconf 89' lang='lat' dir='ltr'>ut</span> <span class='ocrx_word' id='word_1_130' title='bbox 239 1803 403 1840; x_wconf 83' lang='lat' dir='ltr'>Horatius,</span> <span class='ocrx_word' id='word_1_131' title='bbox 422 1804 523 1846; x_wconf 87' lang='lat' dir='ltr'>Epod.</span> <span class='ocrx_word' id='word_1_132' title='bbox 539 1804 571 1834; x_wconf 90' lang='lat' dir='ltr'>ii.</span> <span class='ocrx_word' id='word_1_133' title='bbox 589 1805 627 1835; x_wconf 89' lang='lat'>61</span> <span class='ocrx_word' id='word_1_134' title='bbox 644 1816 650 1834; x_wconf 91' lang='lat'>:</span> <span class='ocrx_word' id='word_1_135' title='bbox 678 1809 698 1822; x_wconf 89' lang='lat'><strong>“</strong></span> <span class='ocrx_word' id='word_1_136' title='bbox 713 1805 772 1836; x_wconf 84' lang='lat' dir='ltr'>Ju-</span> 
     </span>
     <span class='ocr_line' id='line_1_23' title="bbox 100 1853 773 1896; baseline 0.004 -13"><span class='ocrx_word' id='word_1_137' title='bbox 100 1859 152 1884; x_wconf 85' lang='lat' dir='ltr'>vat</span> <span class='ocrx_word' id='word_1_138' title='bbox 183 1858 289 1895; x_wconf 76' lang='lat' dir='ltr'>pastas</span> <span class='ocrx_word' id='word_1_139' title='bbox 319 1863 393 1884; x_wconf 90' lang='lat' dir='ltr'>oves</span> <span class='ocrx_word' id='word_1_140' title='bbox 423 1853 541 1885; x_wconf 87' lang='lat' dir='ltr'>Videre</span> <span class='ocrx_word' id='word_1_141' title='bbox 570 1861 773 1896; x_wconf 78' lang='lat' dir='ltr'>properantes</span> 
     </span>
     <span class='ocr_line' id='line_1_24' title="bbox 98 1903 771 1935; baseline 0.003 -2"><span class='ocrx_word' id='word_1_142' title='bbox 98 1903 247 1934; x_wconf 90' lang='lat' dir='ltr'>domum!</span> <span class='ocrx_word' id='word_1_143' title='bbox 275 1903 394 1934; x_wconf 87' lang='lat' dir='ltr'>Videre</span> <span class='ocrx_word' id='word_1_144' title='bbox 419 1903 514 1934; x_wconf 82' lang='lat' dir='ltr'>sessos</span> <span class='ocrx_word' id='word_1_145' title='bbox 542 1914 696 1935; x_wconf 85' lang='lat' dir='ltr'>vomerem</span> <span class='ocrx_word' id='word_1_146' title='bbox 723 1905 771 1935; x_wconf 92' lang='lat' dir='ltr'>in-</span> 
     </span>
     <span class='ocr_line' id='line_1_25' title="bbox 96 1953 770 1986; baseline 0.001 -2"><span class='ocrx_word' id='word_1_147' title='bbox 96 1963 222 1984; x_wconf 86' lang='lat' dir='ltr'>versum</span> <span class='ocrx_word' id='word_1_148' title='bbox 253 1953 350 1984; x_wconf 89' lang='lat' dir='ltr'>boves</span> <span class='ocrx_word' id='word_1_149' title='bbox 385 1953 476 1984; x_wconf 92' lang='lat' dir='ltr'>Collo</span> <span class='ocrx_word' id='word_1_150' title='bbox 509 1954 669 1985; x_wconf 86' lang='lat' dir='ltr'>trahentes</span> <span class='ocrx_word' id='word_1_151' title='bbox 702 1954 770 1986; x_wconf 83' lang='lat' dir='ltr'>lan-</span> 
     </span>
     <span class='ocr_line' id='line_1_26' title="bbox 98 2003 770 2045; baseline 0.003 -11"><span class='ocrx_word' id='word_1_152' title='bbox 98 2003 245 2045; x_wconf 83' lang='lat' dir='ltr'>guido!&#39;&#39;</span> <span class='ocrx_word' id='word_1_153' title='bbox 291 2003 352 2034; x_wconf 87' lang='lat' dir='ltr'>Sed</span> <span class='ocrx_word' id='word_1_154' title='bbox 376 2014 450 2034; x_wconf 86' lang='lat' dir='ltr'>oves</span> <span class='ocrx_word' id='word_1_155' title='bbox 470 2003 534 2034; x_wconf 83' lang='lat' dir='ltr'>alia</span> <span class='ocrx_word' id='word_1_156' title='bbox 555 2004 692 2045; x_wconf 82' lang='lat' dir='ltr'>imagine</span> <span class='ocrx_word' id='word_1_157' title='bbox 715 2015 770 2036; x_wconf 81' lang='lat' dir='ltr'>ex—</span> 
     </span>
     <span class='ocr_line' id='line_1_27' title="bbox 97 2052 770 2095; baseline -0.001 -10"><span class='ocrx_word' id='word_1_158' title='bbox 97 2053 233 2090; x_wconf 85' lang='lat' dir='ltr'>ornavit,</span> <span class='ocrx_word' id='word_1_159' title='bbox 248 2052 280 2083; x_wconf 90' lang='lat' dir='ltr'>in</span> <span class='ocrx_word' id='word_1_160' title='bbox 302 2063 364 2095; x_wconf 88' lang='lat' dir='ltr'>qua</span> <span class='ocrx_word' id='word_1_161' title='bbox 383 2059 488 2084; x_wconf 85' lang='lat' dir='ltr'>tamen</span> <span class='ocrx_word' id='word_1_162' title='bbox 510 2053 648 2090; x_wconf 85' lang='lat' dir='ltr'>dubites,</span> <span class='ocrx_word' id='word_1_163' title='bbox 665 2062 770 2085; x_wconf 84' lang='lat' dir='ltr'>utrum</span> 
     </span>
     <span class='ocr_line' id='line_1_28' title="bbox 93 2102 769 2144; baseline 0 -10"><span class='ocrx_word' id='word_1_164' title='bbox 93 2114 224 2144; x_wconf 80' lang='lat' dir='ltr'>pronum</span> <span class='ocrx_word' id='word_1_165' title='bbox 236 2113 308 2133; x_wconf 89' lang='lat' dir='ltr'>cum</span> <span class='ocrx_word' id='word_1_166' title='bbox 322 2102 476 2133; x_wconf 86' lang='lat' dir='ltr'>Mazarin.</span> <span class='ocrx_word' id='word_1_167' title='bbox 489 2108 521 2133; x_wconf 88' lang='lat' dir='ltr'>et</span> <span class='ocrx_word' id='word_1_168' title='bbox 532 2102 769 2134; x_wconf 87' lang='lat' dir='ltr'>Zulichemiano</span> 
     </span>
     <span class='ocr_line' id='line_1_29' title="bbox 97 2152 769 2195; baseline 0.001 -11"><span class='ocrx_word' id='word_1_169' title='bbox 97 2153 183 2184; x_wconf 88' lang='lat' dir='ltr'>unde</span> <span class='ocrx_word' id='word_1_170' title='bbox 206 2152 356 2183; x_wconf 82' lang='lat' dir='ltr'>Heinsius</span> <span class='ocrx_word' id='word_1_171' title='bbox 375 2152 510 2194; x_wconf 88' lang='lat' dir='ltr'>accepit,</span> <span class='ocrx_word' id='word_1_172' title='bbox 527 2164 565 2183; x_wconf 86' lang='lat' dir='ltr'>an</span> <span class='ocrx_word' id='word_1_173' title='bbox 583 2164 655 2183; x_wconf 85' lang='lat' dir='ltr'>cum</span> <span class='ocrx_word' id='word_1_174' title='bbox 677 2153 769 2195; x_wconf 87' lang='lat' dir='ltr'>longe</span> 
     </span>
     <span class='ocr_line' id='line_1_30' title="bbox 96 2202 768 2244; baseline 0.003 -12"><span class='ocrx_word' id='word_1_175' title='bbox 96 2202 240 2244; x_wconf 85' lang='lat' dir='ltr'>plurimis</span> <span class='ocrx_word' id='word_1_176' title='bbox 249 2213 364 2242; x_wconf 83' lang='lat' dir='ltr'>pronus</span> <span class='ocrx_word' id='word_1_177' title='bbox 375 2203 534 2243; x_wconf 86' lang='lat' dir='ltr'>praeferas.</span> <span class='ocrx_word' id='word_1_178' title='bbox 561 2203 698 2233; x_wconf 75' lang='lat' dir='ltr'>Pronum</span> <span class='ocrx_word' id='word_1_179' title='bbox 711 2204 768 2240; x_wconf 82' lang='lat' dir='ltr'>lac,</span> 
     </span>
     <span class='ocr_line' id='line_1_31' title="bbox 97 2251 770 2292; baseline 0 -10"><span class='ocrx_word' id='word_1_180' title='bbox 97 2251 240 2283; x_wconf 89' lang='lat' dir='ltr'>defluens</span> <span class='ocrx_word' id='word_1_181' title='bbox 267 2261 305 2281; x_wconf 87' lang='lat' dir='ltr'>ex</span> <span class='ocrx_word' id='word_1_182' title='bbox 331 2251 426 2282; x_wconf 88' lang='lat' dir='ltr'>ubere</span> <span class='ocrx_word' id='word_1_183' title='bbox 453 2251 630 2290; x_wconf 82' lang='lat' dir='ltr'>submisso;</span> <span class='ocrx_word' id='word_1_184' title='bbox 655 2263 770 2292; x_wconf 81' lang='lat' dir='ltr'>pronus</span> 
     </span>
     <span class='ocr_line' id='line_1_32' title="bbox 96 2301 769 2343; baseline 0.001 -11"><span class='ocrx_word' id='word_1_185' title='bbox 96 2313 195 2343; x_wconf 81' lang='lat' dir='ltr'>agnus</span> <span class='ocrx_word' id='word_1_186' title='bbox 225 2306 347 2336; x_wconf 82' lang='lat' dir='ltr'>contra,</span> <span class='ocrx_word' id='word_1_187' title='bbox 378 2307 475 2343; x_wconf 87' lang='lat' dir='ltr'>caput</span> <span class='ocrx_word' id='word_1_188' title='bbox 504 2301 693 2332; x_wconf 81' lang='lat' dir='ltr'>submittens</span> <span class='ocrx_word' id='word_1_189' title='bbox 728 2301 769 2333; x_wconf 86' lang='lat' dir='ltr'>ad</span> 
     </span>
     <span class='ocr_line' id='line_1_33' title="bbox 96 2350 463 2392; baseline -0.005 -9"><span class='ocrx_word' id='word_1_190' title='bbox 96 2353 195 2383; x_wconf 83' lang='lat' dir='ltr'>ubera</span> <span class='ocrx_word' id='word_1_191' title='bbox 209 2362 261 2382; x_wconf 89' lang='lat' dir='ltr'>ore</span> <span class='ocrx_word' id='word_1_192' title='bbox 277 2350 463 2392; x_wconf 81' lang='lat' dir='ltr'>pressanda.</span> 
     </span>
    </p>

    <p class='ocr_par' dir='ltr' id='par_1_6' title="bbox 94 2399 770 2740">
     <span class='ocr_line' id='line_1_34' title="bbox 140 2399 767 2441; baseline -0.002 -9"><span class='ocrx_word' id='word_1_193' title='bbox 140 2401 215 2432; x_wconf 87' lang='grc'>499.</span> <span class='ocrx_word' id='word_1_194' title='bbox 244 2399 410 2441; x_wconf 61' lang='lat' dir='ltr'>Hyrieus]</span> <span class='ocrx_word' id='word_1_195' title='bbox 441 2400 537 2431; x_wconf 85' lang='lat' dir='ltr'>Varie</span> <span class='ocrx_word' id='word_1_196' title='bbox 565 2399 623 2431; x_wconf 93' lang='lat' dir='ltr'>hoc</span> <span class='ocrx_word' id='word_1_197' title='bbox 654 2411 767 2432; x_wconf 88' lang='lat' dir='ltr'>nomen</span> 
     </span>
     <span class='ocr_line' id='line_1_35' title="bbox 95 2449 767 2492; baseline -0.001 -10"><span class='ocrx_word' id='word_1_198' title='bbox 95 2456 274 2492; x_wconf 88' lang='lat' dir='ltr'>corruptum</span> <span class='ocrx_word' id='word_1_199' title='bbox 304 2455 352 2480; x_wconf 88' lang='lat' dir='ltr'>est</span> <span class='ocrx_word' id='word_1_200' title='bbox 380 2449 413 2480; x_wconf 89' lang='lat' dir='ltr'>in</span> <span class='ocrx_word' id='word_1_201' title='bbox 442 2450 545 2488; x_wconf 53' lang='lat' dir='ltr'>MS&amp;</span> <span class='ocrx_word' id='word_1_202' title='bbox 579 2449 635 2481; x_wconf 87' lang='lat' dir='ltr'>sed</span> <span class='ocrx_word' id='word_1_203' title='bbox 662 2450 767 2481; x_wconf 81' lang='lat' dir='ltr'>Ursini</span> 
     </span>
     <span class='ocr_line' id='line_1_36' title="bbox 96 2499 766 2541; baseline -0.001 -9"><span class='ocrx_word' id='word_1_204' title='bbox 96 2500 196 2532; x_wconf 88' lang='lat' dir='ltr'>codex</span> <span class='ocrx_word' id='word_1_205' title='bbox 204 2510 311 2531; x_wconf 89' lang='lat' dir='ltr'>veram</span> <span class='ocrx_word' id='word_1_206' title='bbox 322 2499 511 2541; x_wconf 86' lang='lat' dir='ltr'>scripturam</span> <span class='ocrx_word' id='word_1_207' title='bbox 521 2500 666 2531; x_wconf 88' lang='lat' dir='ltr'>servavit.</span> <span class='ocrx_word' id='word_1_208' title='bbox 678 2500 766 2531; x_wconf 85' lang='lat' dir='ltr'>Grae-</span> 
     </span>
     <span class='ocr_line' id='line_1_37' title="bbox 95 2548 768 2591; baseline -0.003 -9"><span class='ocrx_word' id='word_1_209' title='bbox 95 2550 141 2582; x_wconf 91' lang='lat' dir='ltr'>cis</span> <span class='ocrx_word' id='word_1_210' title='bbox 156 2556 204 2581; x_wconf 91' lang='lat' dir='ltr'>est</span> <span class='ocrx_word' id='word_1_211' title='bbox 217 2548 348 2591; x_wconf 82' lang='grc' dir='ltr'>Ὑριεὺς.</span> <span class='ocrx_word' id='word_1_212' title='bbox 394 2549 477 2580; x_wconf 87' lang='lat' dir='ltr'>Eum</span> <span class='ocrx_word' id='word_1_213' title='bbox 497 2560 604 2590; x_wconf 85' lang='lat' dir='ltr'>regern</span> <span class='ocrx_word' id='word_1_214' title='bbox 625 2549 768 2580; x_wconf 90' lang='lat' dir='ltr'>nonnulli</span> 
     </span>
     <span class='ocr_line' id='line_1_38' title="bbox 94 2599 766 2640; baseline -0.001 -9"><span class='ocrx_word' id='word_1_215' title='bbox 94 2599 227 2635; x_wconf 83' lang='lat' dir='ltr'>faciunt,</span> <span class='ocrx_word' id='word_1_216' title='bbox 244 2599 359 2629; x_wconf 85' lang='lat' dir='ltr'>Noster</span> <span class='ocrx_word' id='word_1_217' title='bbox 380 2599 619 2640; x_wconf 83' lang='lat' dir='ltr'>pauperculum,</span> <span class='ocrx_word' id='word_1_218' title='bbox 636 2604 667 2629; x_wconf 90' lang='lat' dir='ltr'>et</span> <span class='ocrx_word' id='word_1_219' title='bbox 686 2599 766 2630; x_wconf 87' lang='lat' dir='ltr'>alte-</span> 
     </span>
     <span class='ocr_line' id='line_1_39' title="bbox 95 2647 768 2689; baseline 0 -9"><span class='ocrx_word' id='word_1_220' title='bbox 95 2660 165 2680; x_wconf 88' lang='lat' dir='ltr'>rum</span> <span class='ocrx_word' id='word_1_221' title='bbox 189 2647 390 2684; x_wconf 84' lang='lat' dir='ltr'>Philemona,</span> <span class='ocrx_word' id='word_1_222' title='bbox 416 2647 507 2689; x_wconf 88' lang='lat' dir='ltr'>cujus</span> <span class='ocrx_word' id='word_1_223' title='bbox 537 2647 603 2678; x_wconf 83' lang='lat' dir='ltr'>fab.</span> <span class='ocrx_word' id='word_1_224' title='bbox 632 2649 768 2680; x_wconf 85' lang='lat' dir='ltr'>Metam.</span> 
     </span>
     <span class='ocr_line' id='line_1_40' title="bbox 97 2696 770 2740; baseline -0.001 -10"><span class='ocrx_word' id='word_1_225' title='bbox 97 2699 161 2730; x_wconf 86' lang='lat' dir='ltr'>viii.</span> <span class='ocrx_word' id='word_1_226' title='bbox 188 2698 252 2729; x_wconf 81' lang='lat'>626</span> <span class='ocrx_word' id='word_1_227' title='bbox 275 2708 345 2739; x_wconf 88' lang='lat' dir='ltr'>sqq.</span> <span class='ocrx_word' id='word_1_228' title='bbox 372 2707 444 2728; x_wconf 90' lang='lat' dir='ltr'>cum</span> <span class='ocrx_word' id='word_1_229' title='bbox 470 2696 529 2728; x_wconf 80' lang='lat' dir='ltr'>hae</span> <span class='ocrx_word' id='word_1_230' title='bbox 558 2697 770 2740; x_wconf 78' lang='lat' dir='ltr'>comparanda</span> 
     </span>
    </p>
   </div>
   <div class='ocr_carea' id='block_1_6' title="bbox 97 2747 769 2829">
    <p class='ocr_par' dir='ltr' id='par_1_7' title="bbox 97 2747 769 2829">
     <span class='ocr_line' id='line_1_41' title="bbox 97 2747 769 2790; baseline -0.001 -10"><span class='ocrx_word' id='word_1_231' title='bbox 97 2756 156 2780; x_wconf 89' lang='lat' dir='ltr'>est.</span> <span class='ocrx_word' id='word_1_232' title='bbox 202 2749 324 2790; x_wconf 83' lang='lat' dir='ltr'>Interp.</span> <span class='ocrx_word' id='word_1_233' title='bbox 354 2747 500 2779; x_wconf 81' lang='lat' dir='ltr'>Gallicus</span> <span class='ocrx_word' id='word_1_234' title='bbox 530 2747 641 2784; x_wconf 86' lang='lat' dir='ltr'>nescit,</span> <span class='ocrx_word' id='word_1_235' title='bbox 669 2747 769 2779; x_wconf 85' lang='lat' dir='ltr'>utrius</span> 
     </span>
     <span class='ocr_line' id='line_1_42' title="bbox 140 2798 304 2829; baseline -0.006 0"><span class='ocrx_word' id='word_1_236' title='bbox 140 2798 244 2829; x_wconf 84' lang='lat' dir='ltr'>VOL.</span> <span class='ocrx_word' id='word_1_237' title='bbox 262 2798 304 2828; x_wconf 85' lang='lat' dir='ltr'>V.</span> 
     </span>
    </p>
   </div>
   <div class='ocr_carea' id='block_1_7' title="bbox 836 1754 1516 2827">
    <p class='ocr_par' dir='ltr' id='par_1_8' title="bbox 838 1754 1516 2134">
     <span class='ocr_line' id='line_1_43' title="bbox 841 1754 1516 1796; baseline 0 -10"><span class='ocrx_word' id='word_1_238' title='bbox 841 1754 1079 1786; x_wconf 84' lang='lat' dir='ltr'>exornationem</span> <span class='ocrx_word' id='word_1_239' title='bbox 1097 1754 1254 1796; x_wconf 81' lang='lat' dir='ltr'>praeferat.</span> <span class='ocrx_word' id='word_1_240' title='bbox 1300 1755 1369 1795; x_wconf 84' lang='lat' dir='ltr'>Ego</span> <span class='ocrx_word' id='word_1_241' title='bbox 1386 1754 1516 1786; x_wconf 83' lang='lat' dir='ltr'>alterius</span> 
     </span>
     <span class='ocr_line' id='line_1_44' title="bbox 840 1804 1514 1845; baseline -0.003 -9"><span class='ocrx_word' id='word_1_242' title='bbox 840 1805 873 1836; x_wconf 91' lang='lat' dir='ltr'>in</span> <span class='ocrx_word' id='word_1_243' title='bbox 899 1806 1034 1836; x_wconf 88' lang='lat' dir='ltr'>Metam.</span> <span class='ocrx_word' id='word_1_244' title='bbox 1058 1804 1150 1835; x_wconf 86' lang='lat' dir='ltr'>facile</span> <span class='ocrx_word' id='word_1_245' title='bbox 1176 1804 1328 1845; x_wconf 81' lang='lat' dir='ltr'>praefero3</span> <span class='ocrx_word' id='word_1_246' title='bbox 1358 1811 1405 1835; x_wconf 90' lang='lat' dir='ltr'>est</span> <span class='ocrx_word' id='word_1_247' title='bbox 1429 1804 1514 1835; x_wconf 88' lang='lat' dir='ltr'>enim</span> 
     </span>
     <span class='ocr_line' id='line_1_45' title="bbox 841 1853 1514 1886; baseline 0 -1"><span class='ocrx_word' id='word_1_248' title='bbox 841 1855 940 1886; x_wconf 91' lang='lat' dir='ltr'>multo</span> <span class='ocrx_word' id='word_1_249' title='bbox 963 1861 995 1885; x_wconf 88' lang='lat' dir='ltr'>et</span> <span class='ocrx_word' id='word_1_250' title='bbox 1018 1854 1146 1885; x_wconf 81' lang='lat' dir='ltr'>uberius</span> <span class='ocrx_word' id='word_1_251' title='bbox 1170 1859 1202 1884; x_wconf 87' lang='lat' dir='ltr'>et</span> <span class='ocrx_word' id='word_1_252' title='bbox 1219 1853 1347 1884; x_wconf 83' lang='lat' dir='ltr'>suavius</span> <span class='ocrx_word' id='word_1_253' title='bbox 1369 1860 1514 1886; x_wconf 78' lang='lat' dir='ltr'>tractata.</span> 
     </span>
     <span class='ocr_line' id='line_1_46' title="bbox 844 1903 1513 1946; baseline 0.001 -12"><span class='ocrx_word' id='word_1_254' title='bbox 844 1905 986 1945; x_wconf 77' lang='lat' dir='ltr'>Tempora</span> <span class='ocrx_word' id='word_1_255' title='bbox 1000 1907 1090 1946; x_wconf 79' lang='lat' dir='ltr'>longa</span> <span class='ocrx_word' id='word_1_256' title='bbox 1100 1903 1176 1935; x_wconf 87' lang='lat' dir='ltr'>diei.</span> <span class='ocrx_word' id='word_1_257' title='bbox 1195 1904 1384 1943; x_wconf 76' lang='lat' dir='ltr'>Hospitibics.</span> <span class='ocrx_word' id='word_1_258' title='bbox 1407 1903 1513 1935; x_wconf 83' lang='lat' dir='ltr'>Etiam</span> 
     </span>
     <span class='ocr_line' id='line_1_47' title="bbox 839 1953 1514 1997; baseline -0.001 -11"><span class='ocrx_word' id='word_1_259' title='bbox 839 1965 858 1986; x_wconf 86' lang='lat' dir='ltr'>a</span> <span class='ocrx_word' id='word_1_260' title='bbox 882 1955 1068 1997; x_wconf 82' lang='lat' dir='ltr'>Palaephato</span> <span class='ocrx_word' id='word_1_261' title='bbox 1092 1953 1352 1995; x_wconf 76' lang='grc' dir='ltr'>φιλοξενώτατος</span> <span class='ocrx_word' id='word_1_262' title='bbox 1373 1959 1514 1985; x_wconf 83' lang='lat' dir='ltr'>vocatur.</span> 
     </span>
     <span class='ocr_line' id='line_1_48' title="bbox 840 2002 1513 2045; baseline 0 -10"><span class='ocrx_word' id='word_1_263' title='bbox 840 2006 970 2035; x_wconf 79' lang='lat' dir='ltr'>Addidit</span> <span class='ocrx_word' id='word_1_264' title='bbox 997 2005 1129 2040; x_wconf 79' lang='lat' dir='ltr'>vultum,</span> <span class='ocrx_word' id='word_1_265' title='bbox 1154 2003 1244 2033; x_wconf 90' lang='lat' dir='ltr'>vultu</span> <span class='ocrx_word' id='word_1_266' title='bbox 1272 2002 1364 2033; x_wconf 81' lang='lat' dir='ltr'>hilari</span> <span class='ocrx_word' id='word_1_267' title='bbox 1391 2003 1513 2045; x_wconf 84' lang='lat' dir='ltr'>adjuvit</span> 
     </span>
     <span class='ocr_line' id='line_1_49' title="bbox 839 2052 1514 2095; baseline 0 -11"><span class='ocrx_word' id='word_1_268' title='bbox 839 2053 907 2084; x_wconf 90' lang='lat' dir='ltr'>haec</span> <span class='ocrx_word' id='word_1_269' title='bbox 926 2054 1040 2092; x_wconf 83' lang='lat' dir='ltr'>verba;</span> <span class='ocrx_word' id='word_1_270' title='bbox 1066 2054 1148 2083; x_wconf 83' lang='lat' dir='ltr'>Met.</span> <span class='ocrx_word' id='word_1_271' title='bbox 1166 2052 1251 2083; x_wconf 90' lang='lat' dir='ltr'>dicto</span> <span class='ocrx_word' id='word_1_272' title='bbox 1272 2052 1358 2083; x_wconf 89' lang='lat' dir='ltr'>loco:</span> <span class='ocrx_word' id='word_1_273' title='bbox 1386 2057 1405 2069; x_wconf 79' lang='lat'>‘¹</span> <span class='ocrx_word' id='word_1_274' title='bbox 1421 2064 1514 2095; x_wconf 87' lang='lat' dir='ltr'>super</span> 
     </span>
     <span class='ocr_line' id='line_1_50' title="bbox 838 2101 1377 2134; baseline -0.004 -1"><span class='ocrx_word' id='word_1_275' title='bbox 838 2102 943 2133; x_wconf 87' lang='lat' dir='ltr'>omnia</span> <span class='ocrx_word' id='word_1_276' title='bbox 958 2102 1065 2134; x_wconf 87' lang='lat' dir='ltr'>vultus</span> <span class='ocrx_word' id='word_1_277' title='bbox 1080 2102 1253 2132; x_wconf 83' lang='lat' dir='ltr'>Accessere</span> <span class='ocrx_word' id='word_1_278' title='bbox 1268 2101 1377 2132; x_wconf 87' lang='lat' dir='ltr'>boni.&#39;&#39;</span> 
     </span>
    </p>

    <p class='ocr_par' dir='ltr' id='par_1_9' title="bbox 836 2150 1513 2678">
     <span class='ocr_line' id='line_1_51' title="bbox 882 2150 1511 2194; baseline -0.003 -11"><span class='ocrx_word' id='word_1_279' title='bbox 882 2153 959 2183; x_wconf 81' lang='lat'>506.</span> <span class='ocrx_word' id='word_1_280' title='bbox 994 2151 1082 2194; x_wconf 77' lang='lat' dir='ltr'>Igm&#39;s</span> <span class='ocrx_word' id='word_1_281' title='bbox 1105 2154 1137 2182; x_wconf 76' lang='lat' dir='ltr'>in</span> <span class='ocrx_word' id='word_1_282' title='bbox 1165 2152 1313 2187; x_wconf 81' lang='lat' dir='ltr'>hesterno,</span> <span class='ocrx_word' id='word_1_283' title='bbox 1340 2150 1422 2191; x_wconf 85' lang='lat' dir='ltr'>etc.]</span> <span class='ocrx_word' id='word_1_284' title='bbox 1459 2151 1511 2182; x_wconf 90' lang='lat' dir='ltr'>Sic</span> 
     </span>
     <span class='ocr_line' id='line_1_52' title="bbox 838 2200 1513 2243; baseline -0.003 -11"><span class='ocrx_word' id='word_1_285' title='bbox 838 2201 990 2243; x_wconf 87' lang='lat' dir='ltr'>explicat,</span> <span class='ocrx_word' id='word_1_286' title='bbox 1008 2201 1093 2243; x_wconf 91' lang='lat' dir='ltr'>quod</span> <span class='ocrx_word' id='word_1_287' title='bbox 1109 2200 1215 2232; x_wconf 84' lang='lat' dir='ltr'>Graeci</span> <span class='ocrx_word' id='word_1_288' title='bbox 1234 2210 1297 2231; x_wconf 83' lang='lat' dir='ltr'>una</span> <span class='ocrx_word' id='word_1_289' title='bbox 1309 2211 1384 2231; x_wconf 89' lang='lat' dir='ltr'>voce</span> <span class='ocrx_word' id='word_1_290' title='bbox 1397 2200 1513 2231; x_wconf 88' lang='grc' dir='ltr'>Ζώπυ-</span> 
     </span>
     <span class='ocr_line' id='line_1_53' title="bbox 838 2250 1511 2293; baseline -0.003 -11"><span class='ocrx_word' id='word_1_291' title='bbox 838 2263 910 2293; x_wconf 88' lang='grc' dir='ltr'>ρον.</span> <span class='ocrx_word' id='word_1_292' title='bbox 934 2251 1112 2282; x_wconf 85' lang='lat' dir='ltr'>Formulam</span> <span class='ocrx_word' id='word_1_293' title='bbox 1126 2252 1307 2281; x_wconf 58' lang='lat' dir='ltr'>easuscitare</span> <span class='ocrx_word' id='word_1_294' title='bbox 1319 2252 1417 2291; x_wconf 80' lang='lat' dir='ltr'>ignem</span> <span class='ocrx_word' id='word_1_295' title='bbox 1430 2250 1511 2280; x_wconf 89' lang='lat' dir='ltr'>mul-</span> 
     </span>
     <span class='ocr_line' id='line_1_54' title="bbox 838 2298 1510 2342; baseline -0.001 -11"><span class='ocrx_word' id='word_1_296' title='bbox 838 2300 877 2331; x_wconf 88' lang='lat' dir='ltr'>tis</span> <span class='ocrx_word' id='word_1_297' title='bbox 893 2300 1046 2342; x_wconf 86' lang='lat' dir='ltr'>exemplis</span> <span class='ocrx_word' id='word_1_298' title='bbox 1061 2300 1245 2342; x_wconf 79' lang='lat' dir='ltr'>comprobat</span> <span class='ocrx_word' id='word_1_299' title='bbox 1260 2298 1422 2330; x_wconf 83' lang='lat' dir='ltr'>Heinsius.</span> <span class='ocrx_word' id='word_1_300' title='bbox 1468 2300 1510 2330; x_wconf 89' lang='lat' dir='ltr'>E-</span> 
     </span>
     <span class='ocr_line' id='line_1_55' title="bbox 837 2348 1511 2391; baseline 0 -11"><span class='ocrx_word' id='word_1_301' title='bbox 837 2350 914 2380; x_wconf 89' lang='lat' dir='ltr'>tiam</span> <span class='ocrx_word' id='word_1_302' title='bbox 936 2350 1025 2391; x_wconf 86' lang='lat' dir='ltr'>Virg.</span> <span class='ocrx_word' id='word_1_303' title='bbox 1042 2350 1118 2380; x_wconf 88' lang='lat' dir='ltr'>AEn.</span> <span class='ocrx_word' id='word_1_304' title='bbox 1140 2348 1209 2379; x_wconf 89' lang='lat' dir='ltr'>viii.</span> <span class='ocrx_word' id='word_1_305' title='bbox 1229 2349 1311 2379; x_wconf 81' lang='lat'>410:</span> <span class='ocrx_word' id='word_1_306' title='bbox 1338 2348 1511 2380; x_wconf 82' lang='lat' dir='ltr'>“cinerem</span> 
     </span>
     <span class='ocr_line' id='line_1_56' title="bbox 836 2398 1512 2441; baseline 0 -11"><span class='ocrx_word' id='word_1_307' title='bbox 836 2405 868 2430; x_wconf 91' lang='lat' dir='ltr'>et</span> <span class='ocrx_word' id='word_1_308' title='bbox 884 2399 1001 2441; x_wconf 86' lang='lat' dir='ltr'>sopitos</span> <span class='ocrx_word' id='word_1_309' title='bbox 1017 2398 1150 2430; x_wconf 85' lang='lat' dir='ltr'>suscitat</span> <span class='ocrx_word' id='word_1_310' title='bbox 1166 2398 1289 2440; x_wconf 84' lang='lat' dir='ltr'>ignes.&#39;’</span> <span class='ocrx_word' id='word_1_311' title='bbox 1325 2398 1366 2429; x_wconf 83' lang='lat' dir='ltr'>Et</span> <span class='ocrx_word' id='word_1_312' title='bbox 1381 2399 1512 2440; x_wconf 59' lang='lat' dir='ltr'>profert,</span> 
     </span>
     <span class='ocr_line' id='line_1_57' title="bbox 836 2447 1510 2485; baseline -0.001 -5"><span class='ocrx_word' id='word_1_313' title='bbox 836 2454 898 2480; x_wconf 86' lang='lat' dir='ltr'>etc.</span> <span class='ocrx_word' id='word_1_314' title='bbox 915 2449 1050 2480; x_wconf 82' lang='lat' dir='ltr'>Metam.</span> <span class='ocrx_word' id='word_1_315' title='bbox 1062 2448 1146 2479; x_wconf 85' lang='lat' dir='ltr'>dicto</span> <span class='ocrx_word' id='word_1_316' title='bbox 1162 2448 1243 2485; x_wconf 90' lang='lat' dir='ltr'>loco,</span> <span class='ocrx_word' id='word_1_317' title='bbox 1257 2447 1375 2479; x_wconf 87' lang='lat' dir='ltr'>Baucis</span> <span class='ocrx_word' id='word_1_318' title='bbox 1391 2449 1510 2480; x_wconf 85' lang='lat' dir='ltr'>“Mul-</span> 
     </span>
     <span class='ocr_line' id='line_1_58' title="bbox 837 2497 1511 2540; baseline 0.001 -12"><span class='ocrx_word' id='word_1_319' title='bbox 837 2498 1005 2540; x_wconf 77' lang='lat' dir='ltr'>tifidasque</span> <span class='ocrx_word' id='word_1_320' title='bbox 1014 2498 1112 2534; x_wconf 83' lang='lat' dir='ltr'>faces,</span> <span class='ocrx_word' id='word_1_321' title='bbox 1121 2497 1317 2539; x_wconf 84' lang='lat' dir='ltr'>ramaliaque</span> <span class='ocrx_word' id='word_1_322' title='bbox 1328 2497 1416 2528; x_wconf 84' lang='lat' dir='ltr'>arida</span> <span class='ocrx_word' id='word_1_323' title='bbox 1428 2504 1511 2529; x_wconf 84' lang='lat' dir='ltr'>tecto</span> 
     </span>
     <span class='ocr_line' id='line_1_59' title="bbox 836 2547 1511 2582; baseline 0.001 -4"><span class='ocrx_word' id='word_1_324' title='bbox 836 2548 964 2579; x_wconf 86' lang='lat' dir='ltr'>Detulit</span> <span class='ocrx_word' id='word_1_325' title='bbox 979 2554 1010 2579; x_wconf 91' lang='lat' dir='ltr'>et</span> <span class='ocrx_word' id='word_1_326' title='bbox 1026 2547 1175 2578; x_wconf 87' lang='lat' dir='ltr'>minuit.&#39;&#39;</span> <span class='ocrx_word' id='word_1_327' title='bbox 1226 2548 1345 2582; x_wconf 77' lang='lat' dir='ltr'>Quassae</span> <span class='ocrx_word' id='word_1_328' title='bbox 1360 2554 1433 2578; x_wconf 92' lang='lat' dir='ltr'>sunt</span> <span class='ocrx_word' id='word_1_329' title='bbox 1448 2558 1511 2579; x_wconf 89' lang='lat' dir='ltr'>non</span> 
     </span>
     <span class='ocr_line' id='line_1_60' title="bbox 836 2597 1507 2639; baseline -0.001 -11"><span class='ocrx_word' id='word_1_330' title='bbox 836 2597 979 2639; x_wconf 83' lang='lat' dir='ltr'>integrae,</span> <span class='ocrx_word' id='word_1_331' title='bbox 1002 2608 1081 2639; x_wconf 86' lang='lat' dir='ltr'>quas</span> <span class='ocrx_word' id='word_1_332' title='bbox 1104 2607 1195 2639; x_wconf 88' lang='lat' dir='ltr'>porro</span> <span class='ocrx_word' id='word_1_333' title='bbox 1220 2598 1345 2635; x_wconf 81' lang='lat' dir='ltr'>minuit,</span> <span class='ocrx_word' id='word_1_334' title='bbox 1367 2597 1399 2628; x_wconf 84' lang='lat' dir='ltr'>in</span> <span class='ocrx_word' id='word_1_335' title='bbox 1424 2597 1507 2638; x_wconf 81' lang='lat' dir='ltr'>frag-</span> 
     </span>
     <span class='ocr_line' id='line_1_61' title="bbox 836 2646 1245 2678; baseline 0 0"><span class='ocrx_word' id='word_1_336' title='bbox 836 2654 944 2678; x_wconf 84' lang='lat' dir='ltr'>menta</span> <span class='ocrx_word' id='word_1_337' title='bbox 961 2648 1082 2678; x_wconf 89' lang='lat' dir='ltr'>minuta</span> <span class='ocrx_word' id='word_1_338' title='bbox 1097 2646 1245 2678; x_wconf 84' lang='lat' dir='ltr'>concidit.</span> 
     </span>
    </p>

    <p class='ocr_par' dir='ltr' id='par_1_10' title="bbox 838 2696 1509 2788">
     <span class='ocr_line' id='line_1_62' title="bbox 881 2696 1509 2738; baseline -0.003 -9"><span class='ocrx_word' id='word_1_339' title='bbox 881 2699 957 2729; x_wconf 80' lang='lat'>509.</span> <span class='ocrx_word' id='word_1_340' title='bbox 987 2697 1102 2728; x_wconf 78' lang='lat' dir='ltr'>Calices</span> <span class='ocrx_word' id='word_1_341' title='bbox 1132 2708 1215 2728; x_wconf 90' lang='lat' dir='ltr'>nunc</span> <span class='ocrx_word' id='word_1_342' title='bbox 1241 2707 1316 2729; x_wconf 81' lang='lat' dir='ltr'>vasa</span> <span class='ocrx_word' id='word_1_343' title='bbox 1338 2697 1370 2728; x_wconf 91' lang='lat' dir='ltr'>in</span> <span class='ocrx_word' id='word_1_344' title='bbox 1394 2696 1509 2738; x_wconf 81' lang='lat' dir='ltr'>quibus</span> 
     </span>
     <span class='ocr_line' id='line_1_63' title="bbox 838 2746 1146 2788; baseline 0 -10"><span class='ocrx_word' id='word_1_345' title='bbox 838 2746 900 2778; x_wconf 91' lang='lat' dir='ltr'>cibi</span> <span class='ocrx_word' id='word_1_346' title='bbox 916 2747 1146 2788; x_wconf 82' lang='lat' dir='ltr'>coquebantur.</span> 
     </span>
    </p>

    <p class='ocr_par' dir='ltr' id='par_1_11' title="bbox 970 2797 1035 2827">
     <span class='ocr_line' id='line_1_64' title="bbox 970 2797 1035 2827; baseline -0.031 0"><span class='ocrx_word' id='word_1_347' title='bbox 970 2797 998 2827; x_wconf 90' lang='lat' dir='ltr'><em>O</em></span> <span class='ocrx_word' id='word_1_348' title='bbox 1017 2807 1035 2825; x_wconf 89' lang='lat' dir='ltr'>o</span> 
     </span>
    </p>
   </div>
  </div>
 </body>
</html>
