1809 3220
177 175 234 218 88
563 172 614 213 Ρ.
650 169 867 213 OVIDII
901 166 1188 210 NASONIS

178 292 314 341 Hinc
335 297 494 347 tonat,
518 289 634 336 hinc
658 287 825 335 missis
847 284 1165 348 abrumpitur
1184 282 1388 346 ignibus
1408 280 1597 329 aether:

245 370 328 418 Fit
351 370 500 433 fuga;
544 383 633 415 rex
660 365 836 430 patriis
862 370 998 412 astra
1022 362 1234 427 petebat
1259 360 1424 425 equis.

1500 361 1600 407 496

182 448 374 497 Luctus
401 453 524 502 erat,
552 445 796 508 falsaeque
823 449 994 508 patres
1021 441 1071 488 in
1098 440 1308 488 crimine
1335 437 1510 496 caedis,

246 525 602 588 Haesissetque
630 522 811 571 animis
837 521 1046 569 forsitan
1071 520 1158 568 illa
1183 519 1310 567 fides
1334 536 1344 567 :

181 604 285 653 Sed
312 602 560 651 Proculus
586 601 741 664 longa
764 599 1002 648 veniebat
1026 597 1193 645 Julius
1220 597 1382 654 Alba;

254 681 501 746 Lunaque
527 679 782 743 fulgebat3
824 694 917 726 nec
945 677 1070 726 facis
1095 694 1218 726 usus
1245 683 1380 725 erat:

1509 677 1608 723 500

184 760 354 816 Quum
381 760 551 808 subito
578 765 717 806 motu
744 758 906 806 nubes
932 772 1175 821 crepuere
1203 755 1437 803 sinistrae.

247 838 469 887 Rettulit
494 838 577 885 ille
605 837 809 900 gradus,
837 836 1244 899 horrueruntque
1272 849 1449 881 comae.

148 909 151 912 ¹
178 915 400 964 Pulcher
425 923 476 964 et
500 916 722 963 humano
747 916 923 979 major,
951 915 1232 978 trabeaque
1258 913 1476 961 decorus

247 994 497 1042 Romulus
523 994 574 1041 in
599 994 769 1043 media
792 993 930 1042 visus
958 994 1139 1042 adesse
1164 992 1261 1048 via,

180 1156 274 1188 bibus
290 1162 375 1188 tecta
395 1158 605 1188 obscurantur
622 1169 630 1195 ς
662 1157 799 1188 Metam.
816 1157 859 1188 iv.

181 1207 257 1237 487.
304 1207 467 1246 Abrumpi,
511 1206 626 1242 scindi,
673 1206 861 1238 fulminibus

183 1256 303 1288 coelum
320 1256 436 1298 passim
453 1256 580 1288 dicitur.
605 1256 781 1287 Praeiverat
796 1257 860 1287 Lu-

185 1307 314 1342 cretius,
346 1306 379 1336 ii.
408 1307 484 1337 214.
514 1304 690 1348 “abruptis
725 1306 863 1337 nubibus

183 1355 274 1396 ignes
290 1355 516 1387 concursant.''
542 1355 656 1396 Virgil.
675 1354 802 1386 AEneid.
818 1355 863 1387 iii.

186 1406 249 1436 199
265 1418 270 1435 :
299 1410 319 1423 ‘¹
336 1405 540 1447 Ingeminant
559 1404 703 1447 abruptis
724 1405 864 1437 nubibus

183 1455 307 1496 ignes.”
346 1455 425 1487 vid.
442 1455 606 1486 Drakenb.
623 1455 662 1486 ad
678 1454 802 1493 Silium,
819 1455 864 1487 iii.

189 1506 262 1536 196.

227 1554 303 1585 496.
329 1554 459 1596 Afuga
479 1553 696 1585 multitudinis
717 1553 786 1585 dies
809 1554 864 1585 ille

180 1605 440 1647 populisugium
471 1604 587 1634 dictus.
618 1603 638 1641 ἡ
671 1605 780 1644 τροπὴ
807 1606 865 1636 τοῦ

186 1654 351 1693 πλὴθους.
398 1654 533 1695 Dionys.
550 1655 572 1684 i.
586 1654 638 1684 56.
686 1654 793 1685 Livius
809 1654 864 1691 ait,

185 1703 363 1735 Romulum
385 1704 538 1733 sublimem
563 1710 703 1743 raptum,¹
731 1703 866 1744 Dionys.

186 1753 252 1785 ὑπὸ
281 1755 339 1785 τοῦ
368 1754 497 1795 πατρὸς
522 1752 645 1794 ”Αρεως
677 1754 737 1784 τὸν
761 1752 865 1795 ἄνδρα

182 1803 417 1845 ἀνηρπάσθαι.
462 1803 545 1834 Hinc
563 1803 749 1843 figmentum
766 1804 866 1845 poeti-

184 1864 258 1885 cum
274 1853 420 1889 accessit,
437 1864 522 1889 eum,
536 1860 570 1884 ut
586 1852 727 1884 Ariadne
745 1853 866 1884 Bacchi

184 1902 343 1944 lyncibus,
369 1901 414 1932 sic
442 1903 558 1933 Martis
586 1903 668 1942 equis
692 1901 724 1932 in
749 1902 868 1933 coelum

186 1958 373 1982 assumtum.
413 1951 518 1982 Etiam
537 1951 698 1987 Horatius,
716 1951 782 1982 IlI.
801 1951 865 1982 Od.

186 2000 234 2032 iii.
255 2002 313 2032 15:
340 2005 361 2018 ‘¹
376 2001 446 2032 Hac
463 2001 616 2039 Quirinus
640 2001 754 2032 Martis
775 2001 866 2043 equis

186 2050 371 2081 Acheronta
387 2049 505 2091 fugit.''
557 2050 688 2081 Plenius
708 2050 788 2081 illud
809 2051 867 2081 iter

186 2099 332 2136 coeleste,
360 2100 498 2130 Metam.
529 2099 592 2130 xiv.
621 2101 685 2130 816
710 2111 785 2141 sqq.
810 2100 865 2131 de-

187 2149 348 2181 scribitur.

232 2201 310 2231 497.
336 2201 387 2231 De
416 2201 494 2231 coede
521 2199 577 2231 illa
603 2200 737 2242 ejusque
764 2200 868 2232 causis

187 2249 260 2280 vide
282 2250 417 2291 Dionys.
430 2249 450 2281 i.
463 2251 516 2281 56.
565 2250 666 2287 Fides,
682 2250 798 2293 opinio,
816 2251 867 2282 cui

188 2299 268 2331 fides
297 2299 443 2331 habetur.
490 2299 581 2330 Illico
611 2301 722 2331 Patres
752 2301 869 2343 populo

189 2355 427 2392 persuaserunt,
459 2349 634 2381 Romulum
663 2350 703 2381 ad
733 2351 870 2392 Superos

190 2405 339 2441 raptum;
362 2398 413 2429 cui
439 2399 632 2440 persuasioni
659 2405 770 2442 postea
790 2409 867 2430 con—

189 2448 261 2479 silio
277 2448 404 2479 Proculi
420 2448 498 2479 fides
514 2448 640 2480 addita.
666 2449 774 2481 Julius
792 2450 869 2480 Pro-

190 2499 280 2529 culus
303 2497 443 2529 Romulo
463 2498 639 2535 familiaris,
659 2509 740 2530 unus
759 2509 797 2530 ex
819 2499 868 2536 iis,

190 2547 246 2590 qui
268 2547 356 2578 Alba
375 2557 448 2578 cum
469 2557 506 2578 eo
522 2549 808 2589 commigraverant
829 2549 869 2579 ad

192 2597 331 2628 Romam
353 2597 565 2629 condendam.
611 2598 776 2630 Plutarch.
798 2599 830 2630 d.
848 2599 869 2630 l.

191 2646 231 2677 Ei
256 2646 432 2678 secundum
456 2647 530 2678 Liv.
554 2647 714 2679 Romulus
737 2658 868 2691 appare-

191 2696 248 2727 bat
275 2697 377 2736 prz'ma
408 2697 488 2728 luce.
537 2696 602 2728 Sed
632 2697 779 2735 Ovidius,
804 2699 869 2730 sive

192 2744 288 2777 aliam
317 2745 531 2783 traditionem,
562 2746 627 2779 sive
657 2758 748 2779 suum
783 2758 868 2779 com-

931 1163 1073 1188 mentum
1085 1162 1224 1192 secutuS,
1239 1153 1527 1196 lunamfulgentem
1540 1163 1608 1184 me-

931 1213 1043 1237 morat.
1089 1205 1242 1247 Scaliger,
1259 1205 1313 1247 qui
1330 1210 1448 1235 temere
1464 1203 1611 1235 sumebat

933 1256 1108 1288 Romulum
1125 1263 1251 1297 raptum
1267 1266 1335 1286 esse
1346 1253 1516 1286 deficiente
1531 1253 1610 1290 sole,

933 1312 1039 1337 notat:
1073 1306 1207 1337 oblitum
1222 1305 1271 1336 sui
1289 1315 1356 1336 esse
1373 1303 1540 1341 Ovidium,
1556 1303 1612 1347 qui

932 1355 964 1387 in
982 1355 1154 1387 interlunio
1171 1355 1294 1386 fulsisse
1310 1353 1419 1385 lunam
1435 1353 1535 1385 dicat.
1565 1354 1613 1386 Ea

935 1412 1008 1437 nota
1038 1412 1141 1437 motus
1172 1406 1376 1436 Burmannus
1408 1403 1613 1447 conjiciebat,

934 1456 1046 1487 vitium
1071 1456 1150 1486 forte
1178 1466 1246 1486 esse
1272 1454 1305 1486 in
1328 1454 1383 1485 illo
1395 1455 1560 1497 fulgebat,
1582 1459 1615 1486 et

937 1506 1066 1536 verbum
1084 1505 1188 1536 forsan
1213 1504 1310 1536 fuisse
1331 1514 1395 1546 quo
1418 1502 1550 1536 latuisse
1565 1503 1615 1535 lu-

936 1565 1009 1585 nam
1037 1554 1133 1585 Ovitl.
1161 1553 1300 1593 dixerit5
1337 1553 1370 1584 in
1401 1552 1541 1585 tenebris
1561 1564 1614 1585 su-

934 1604 1001 1635 bito
1027 1603 1194 1635 emicuisse
1225 1603 1342 1645 fulgur,
1367 1608 1464 1645 atque
1487 1602 1532 1634 ita
1557 1613 1614 1645 ap-

935 1654 1077 1696 paruisse
1116 1654 1304 1685 Romulum.
1349 1652 1413 1684 Sed
1447 1653 1516 1684 haec
1546 1653 1614 1685 sine

936 1715 1033 1736 causa
1051 1703 1126 1745 fingi
1148 1704 1253 1735 elucet
1278 1714 1315 1734 ex
1332 1703 1382 1740 iis,
1398 1713 1470 1745 quae
1492 1702 1534 1734 ad
1550 1713 1615 1735 ver.

939 1755 1018 1785 493.
1038 1754 1227 1785 monuimus.
1274 1753 1325 1785 De
1338 1754 1478 1796 facibus,
1502 1753 1618 1796 quibus

937 1811 1032 1835 noctu
1053 1804 1113 1835 iter
1135 1803 1289 1835 facientes
1304 1803 1351 1834 uti
1366 1803 1524 1840 solebant,
1543 1802 1616 1835 vide

937 1854 976 1884 ad
996 1854 1132 1885 Metam.
1149 1853 1169 1885 i.
1186 1854 1261 1885 493.
1287 1854 1421 1894 Crepare
1433 1852 1473 1885 de
1489 1853 1618 1885 tonitru.

939 1905 1016 1935 AEn.
1045 1904 1102 1935 xii.
1134 1905 1213 1935 922.
1253 1909 1344 1935 “nec
1375 1903 1508 1935 fulmine
1537 1902 1618 1934 tanti

939 1953 1121 1985 Dissultant
1137 1953 1310 1997 crepituS.”
1334 1954 1470 1985 Sinistra
1484 1952 1619 1995 auguria

935 2013 993 2034 cur
1011 2003 1115 2034 fausta
1129 2004 1259 2040 suerint,
1278 2003 1393 2046 quaerit
1408 2002 1614 2040 Plutarchus,

935 2055 1059 2091 Quaest.
1090 2054 1186 2085 Rom.
1224 2065 1255 2096 p.
1286 2053 1361 2085 139.
1411 2052 1616 2084 Hor-ruerunt

935 2115 1034 2135 comoe.
1082 2104 1150 2135 Liv.
1167 2108 1190 2121 “
1204 2104 1350 2146 perfusus
1372 2103 1498 2135 horrore
1519 2113 1617 2135 vene-

936 2153 1201 2196 rabundusque.'’
1228 2154 1278 2185 Cf.
1293 2152 1338 2184 iii.
1353 2154 1415 2184 331
1433 2164 1506 2196 sqq.

982 2205 1057 2236 503.
1074 2204 1218 2235 Humano
1230 2206 1339 2244 major,
1355 2203 1456 2235 forma
1467 2209 1615 2246 augusta,

937 2264 1008 2296 quae
1026 2254 1099 2284 Diis
1117 2254 1212 2285 tribui
1228 2254 1364 2285 solebat.
1409 2252 1530 2290 Livius,
1545 2252 1570 2284 i.
1585 2253 1617 2284 7.

937 2309 956 2321 ⁸¹
971 2303 1115 2335 habitum
1136 2303 1333 2345 formamque
1357 2302 1415 2334 viri
1431 2302 1617 2345 (Herculis)

937 2353 1137 2395 aliquantum
1167 2353 1353 2395 ampliorem
1386 2351 1617 2394 augustiorem—

938 2414 1000 2444 que
1014 2403 1156 2434 humana
1167 2403 1330 2434 intuens.”
1343 2401 1442 2444 Apud
1453 2401 1619 2434 Plutarch.

939 2453 1097 2484 Romulus
1120 2453 1256 2484 Proculo
1280 2457 1412 2495 apparet
1435 2452 1539 2490 καλὸς
1562 2453 1618 2484 καὶ

938 2501 1054 2545 μέγας,
1070 2502 1113 2540 ὡς
1129 2502 1250 2534 οὔποτε
1273 2501 1433 2544 πρόσθεν,
1447 2501 1570 2540 ὅπλοις
1583 2500 1617 2534 δὲ

937 2552 1110 2594 λαμπροῖς
1124 2553 1178 2583 καὶ
1194 2551 1347 2594 φλέγουσι
1362 2550 1618 2594 κεκοσμημένος.

939 2601 981 2632 Et
1009 2611 1097 2633 arma
1123 2603 1201 2633 satis
1239 2601 1398 2633 decebant
1426 2600 1617 2632 bellicosum

939 2651 1057 2682 Deum.
1103 2651 1167 2683 Sed
1189 2651 1326 2683 Ovidius
1347 2652 1451 2682 trabea
1472 2660 1546 2682 eum
1561 2649 1617 2682 de·

940 2701 1072 2738 coravit,
1094 2701 1133 2733 de
1157 2712 1222 2743 qua
1243 2700 1316 2732 vide
1341 2701 1382 2732 ad
1402 2699 1424 2731 i.
1449 2701 1503 2732 37.
1551 2700 1618 2731 Nec

941 2752 1066 2787 violent,
1091 2757 1152 2784 etc.
1183 2750 1373 2793 exquisitius
1396 2756 1429 2782 et
1456 2748 1617 2781 divinitati

1785 2706 1798 2758 ‚W
1791 2691 1796 2701 v

1751 3059 1789 3220 mv·
