1809 3220
206 191 294 233 304

610 191 660 231 Ρ.
695 188 911 231 OVIDII
947 189 1232 232 NASONIS

206 307 326 372 Ipse
352 307 474 354 mihi
502 306 735 364 Mavors;
780 306 1097 354 Commendo
1123 306 1324 362 moenia,
1351 307 1497 362 dixit,

273 384 399 432 Haec
425 385 516 432 tibi
538 404 547 443 ;
589 392 643 432 tu
671 385 870 448 pollens
898 385 1021 432 urbe
1048 384 1246 448 nepotis
1273 384 1388 432 eris.

208 463 361 511 Dicta
385 463 512 511 fides
540 463 798 527 sequitur;
842 470 1049 511 centum
1076 463 1392 510 celebramur
1417 463 1466 509 in
1493 462 1620 510 aris:

277 540 389 590 Nec
416 542 572 590 levior
598 542 774 606 quovis
802 549 879 589 est
904 541 1025 588 mihi
1053 542 1242 589 mensis
1269 541 1442 589 honor.
1560 542 1623 587 56

209 620 319 668 Nec
345 627 516 668 tamen
538 620 672 667 hunc
700 620 846 667 nobis
868 620 1223 666 tantummodo
1245 625 1453 683 praestat
1467 618 1623 666 hono-

274 698 467 755 Roma3
500 697 776 746 suburbani
798 698 921 744 dant
942 697 1062 745 mihi
1085 714 1268 744 munus
1291 697 1443 744 idem.
1496 698 1624 760 [rem

207 775 413 841 Inspice
442 793 571 840 quos
598 776 784 825 habeat
808 776 1078 824 nemoralis
1104 776 1274 824 Aricia
1302 775 1497 833 Fastos,

275 853 342 903 Et
367 856 584 920 populus
614 855 857 912 Laurens,
888 855 1273 919 Lanuviumque
1301 871 1499 911 meum3
1560 855 1625 900 60

208 931 301 980 Est
325 933 428 980 illic
455 933 644 981 mensis
669 933 948 982 Junonius:
991 934 1184 998 inspice
1210 933 1384 990 Tibur,

276 1010 345 1058 Et
370 1011 701 1060 Praenestinae
728 1013 913 1060 moenia
938 1029 1082 1060 sacra
1106 1013 1244 1069 deae3

204 1087 459 1137 Junonale
485 1090 624 1153 leges
650 1097 881 1155 tempus:
924 1106 1016 1138 nec
1047 1089 1298 1137 Romulus
1326 1090 1436 1138 illas

277 1166 551 1225 Condidit;
595 1177 646 1216 at
673 1169 828 1217 nostri
857 1169 1023 1216 Roma
1048 1169 1246 1234 nepotis
1272 1175 1397 1217 erat.

207 1243 428 1294 Finierat
453 1245 617 1303 Juno;
662 1248 1009 1312 respeximus:
1054 1247 1289 1296 Herculis
1316 1264 1443 1295 uxor
1559 1250 1623 1295 65

277 1323 473 1381 Stabat,
502 1332 557 1373 ut
582 1325 631 1373 in
656 1327 797 1374 vultu
825 1328 969 1390 signa
995 1327 1214 1375 dolentis
1241 1335 1384 1375 erant
1406 1345 1415 1375 :

207 1401 326 1450 Non
352 1418 463 1465 ego,
493 1403 533 1451 si
561 1411 665 1452 toto
692 1412 853 1452 mater
879 1423 958 1454 me
981 1406 1162 1454 cedere
1188 1406 1315 1453 coelo

273 1478 304 1526 J
310 1481 509 1538 usserit,
537 1482 694 1530 invita
720 1491 878 1532 matre
905 1486 1153 1542 morabor,
1181 1485 1266 1532 ait.

249 1626 305 1657 57.
341 1626 447 1657 Etiam
480 1627 574 1658 vicini
606 1628 715 1670 populi
745 1629 878 1661 Jnuium

205 1686 346 1707 mensem
372 1676 518 1715 habent3
542 1689 604 1719 quo
632 1686 818 1720 argumento
849 1686 882 1711 et

207 1725 260 1756 alii
291 1726 339 1757 usi
369 1733 461 1757 sunt:
498 1727 570 1758 vide
598 1728 637 1759 ad
667 1740 793 1760 versum
823 1731 879 1761 21.

206 1777 380 1808 Subur-bani
392 1778 520 1809 omnino
537 1789 598 1809 non
611 1779 703 1820 longe
717 1780 828 1811 remoti
841 1781 880 1811 ab

207 1827 304 1865 urbe;
322 1838 387 1858 ver.
404 1828 480 1859 723.
498 1830 692 1860 suburbanus
709 1831 882 1870 triumphus

207 1876 246 1908 de
264 1877 400 1908 Volscis.
445 1878 526 1914 Quae
553 1884 729 1920 sequuntur
748 1880 878 1921 oppida,

207 1925 314 1957 omnia
341 1926 425 1957 Latii
456 1933 556 1958 erant.
603 1929 711 1959 Aricia
739 1930 796 1959 sub
822 1930 882 1960 Al-

206 1977 291 2007 bano
319 1982 449 2015 monte;
485 1977 518 2008 in
549 1978 617 2019 ejus
646 1990 765 2010 nemore
795 1979 882 2011 culta

208 2025 336 2065 Diana3
368 2026 413 2057 iii.
439 2027 521 2058 263:
558 2027 665 2058 densae
696 2029 765 2070 ejus
793 2029 880 2060 silvae

208 2075 305 2107 etiarn
339 2076 423 2107 Met.
462 2088 514 2107 xv.
545 2078 620 2108 488.
657 2084 881 2110 memorantur.

210 2126 364 2157 Laurenti
388 2126 496 2168 oppidi
520 2126 632 2158 incolae
657 2133 688 2158 et
712 2128 882 2160 Laurentes

209 2182 240 2206 et
264 2176 453 2206 Laurentini
478 2175 684 2214 dicebantur3
708 2177 781 2208 vide
803 2178 881 2209 Cor-

210 2225 286 2256 tium
311 2226 351 2256 ad
377 2225 464 2256 Plin.
486 2226 532 2257 Π.
558 2226 662 2268 Epist.
682 2227 757 2257 xvii.
781 2227 881 2258 initio.

209 2276 387 2307 Lanuuium
402 2276 490 2307 cultu
507 2276 643 2308 Junonis
658 2276 781 2319 sospitae
798 2277 882 2308 cele-

208 2326 276 2356 bre.
313 2325 413 2356 AEdes
442 2326 510 2367 ejus
536 2332 567 2357 et
592 2327 683 2357 lucus
709 2328 883 2360 communis

210 2381 278 2407 erat
310 2375 487 2407 Lanuvinis
513 2387 551 2407 ac
572 2377 738 2408 Romanis.
787 2378 883 2409 Tibur

210 2425 251 2457 ad
288 2425 447 2456 Anienem
493 2436 630 2457 amnem.
691 2428 880 2459 Proenestinu

209 2479 264 2507 dea
302 2481 349 2507 est
386 2477 525 2507 Fortuna
555 2476 760 2514 Praenestina,
791 2479 882 2521 cujus

210 2525 364 2568 templum
385 2525 645 2568 pulcherrimum.
696 2527 800 2558 Festos
824 2538 879 2558 au-

210 2582 275 2606 tem
300 2575 431 2606 aliorum
456 2575 643 2618 populorum
670 2575 766 2606 Ovid.
785 2577 878 2608 etiam

209 2625 256 2656 iii.
274 2625 327 2656 87.
345 2633 508 2657 memorat.

255 2676 397 2706 65—90.
427 2675 530 2711 Hebe,
556 2674 645 2706 Jovis
682 2680 714 2706 et
744 2675 880 2706 Junonis

211 2725 287 2762 filia,
313 2725 577 2767 Herculinupta,
602 2725 787 2757 Juventutis
808 2725 878 2761 dea,

211 2776 325 2818 prodit,
341 2781 449 2816 atque·
460 2775 635 2807 Romulum
649 2778 801 2815 juvenum
826 2786 878 2806 no-

949 1641 1022 1661 men
1049 1630 1124 1662 huic
1151 1630 1252 1661 mensi
1275 1629 1428 1661 indidisse
1447 1628 1625 1661 contendit.

950 1682 1066 1712 Fuerat
1090 1681 1158 1712 haec
1189 1680 1349 1712 sententia
1374 1679 1479 1711 Fulvii
1512 1679 1625 1710 nobili-

949 1731 1032 1770 oris;
1060 1731 1207 1762 Macrob.
1231 1731 1252 1761 i.
1279 1732 1405 1762 Saturn.
1428 1731 1486 1760 12:
1513 1734 1533 1747 ‘⁴
1548 1729 1624 1761 Ful-

950 1782 1020 1812 vius
1032 1780 1166 1812 nobilior
1180 1781 1212 1812 in
1227 1780 1329 1812 Fastis
1345 1779 1519 1811 Romulum
1535 1778 1623 1816 dicit,

950 1839 1117 1874 postquam
1141 1831 1294 1873 populum
1316 1830 1347 1862 in
1371 1831 1506 1873 majores
1524 1829 1626 1861 mino-

950 1892 1062 1923 resque
1087 1882 1206 1918 divisit,
1230 1887 1265 1913 ut
1293 1882 1393 1913 altera
1420 1880 1515 1912 armis
1543 1891 1625 1912 rem-

949 1931 1111 1974 publicam
1128 1938 1279 1968 tueretur,
1294 1932 1326 1962 in
1342 1931 1491 1962 honorem
1508 1929 1622 1962 utrius-

949 1992 1011 2022 que
1040 1982 1139 2023 partis
1163 1982 1247 2013 hunc
1277 1981 1414 2017 Maium,
1437 1985 1623 2022 sequentem

948 2030 1082 2062 Junium
1107 2031 1271 2062 vocasse.”
1318 2029 1474 2061 Eamdem
1496 2036 1624 2061 senten-

949 2079 1024 2110 tiam
1042 2081 1158 2111 Heben
1173 2080 1254 2112 tueri
1270 2079 1418 2116 voluisse,
1439 2090 1457 2110 e
1473 2089 1565 2110 versu
1581 2080 1623 2110 84

949 2140 1021 2171 sqq.
1046 2136 1189 2172 apparet.
1237 2131 1329 2160 Errat
1357 2129 1453 2171 igitur
1474 2129 1623 2167 Lenzius,

950 2190 1048 2221 quum
1071 2185 1163 2222 putat
1185 2180 1300 2210 Heben
1327 2179 1386 2210 hoc
1408 2189 1523 2210 nomen
1549 2189 1568 2210 a
1591 2190 1624 2211 se

949 2228 1105 2265 derivare,
1129 2229 1227 2271 idque
1251 2239 1319 2260 esse
1341 2229 1505 2260 inventum
1527 2228 1624 2271 ipsius

951 2279 1078 2318 Ovidii3
1102 2279 1198 2310 immo
1226 2279 1331 2316 Hebe,
1354 2285 1389 2310 ut
1417 2279 1479 2311 dea
1500 2279 1623 2311 Juven-

951 2328 1037 2364 tutis,
1051 2329 1204 2370 juvenum
1224 2339 1352 2360 causam
1375 2329 1451 2371 agit,
1467 2337 1499 2361 et
1523 2329 1621 2361 hono-

951 2389 1014 2409 rem
1034 2379 1097 2410 illis
1122 2379 1278 2416 habitum,
1295 2379 1354 2410 sibi
1376 2390 1503 2422 quoque
1519 2379 1623 2410 vindi-

951 2434 1016 2459 cat.
1064 2430 1178 2470 Neque
1199 2440 1248 2460 res
1273 2428 1364 2460 aliter
1387 2428 1510 2460 institui
1534 2435 1623 2471 pote-

951 2484 1009 2514 rat,
1031 2489 1128 2520 quum
1153 2479 1221 2510 deae
1247 2478 1398 2509 darentur
1422 2478 1472 2509 hae
1503 2483 1623 2521 partes.

951 2528 1109 2559 Caeterum
1118 2530 1249 2560 observa
1261 2529 1293 2560 in
1302 2529 1362 2560 hac
1373 2528 1513 2560 oratione
1522 2529 1624 2561 varios

950 2577 1047 2608 animi
1063 2584 1165 2609 motus
1180 2585 1211 2609 et
1226 2589 1348 2614 sensus,
1366 2578 1518 2614 dolorem,
1535 2589 1622 2610 vere-

950 2627 1109 2663 cundiam,
1123 2628 1295 2670 pietatem:
1322 2638 1395 2659 cum
1417 2634 1517 2659 matre
1537 2629 1621 2660 enim

950 2678 1090 2709 certabat
1107 2678 1172 2710 filia
1186 2678 1225 2709 de
1240 2678 1356 2709 honore
1373 2678 1478 2710 unico.

996 2727 1070 2758 Rem
1087 2734 1200 2764 tenere,
1218 2738 1283 2759 rem
1305 2727 1458 2764 obtinere,
1475 2727 1600 2760 vincere
1614 2741 1624 2769 ;

949 2789 1071 2808 eausam
1084 2784 1183 2808 tenere
1196 2789 1246 2819 ap.
1261 2778 1330 2809 Cic.
1345 2777 1476 2820 passim.
