1830 3220
535 185 607 227 IN
641 184 859 227 OVIDII
892 183 1147 228 FASTOS.
1464 183 1550 226 369

119 299 265 341 sertim
283 301 515 344 Suetonius
538 302 597 344 ita
618 317 735 357 saepe
757 303 1041 357 explicandus
1061 307 1141 343 est.
1176 301 1276 342 Hoc
1293 301 1388 343 loco
1408 316 1542 342 unum

119 375 163 410 et
190 370 371 411 alterum
395 386 478 413 non
508 386 593 413 uno
621 372 691 413 die
722 372 953 427 contigisse
976 372 1067 426 jam
1093 371 1178 412 Dio
1205 371 1442 412 tradiderat
1468 371 1542 412 liii.

115 438 197 487 16;
229 440 434 488 scribens,
458 441 643 494 primum
673 441 817 482 habita
844 441 898 482 de
921 440 1165 482 dividendis
1193 441 1426 495 provinciis
1450 455 1542 482 ora-

117 507 233 549 tione
263 523 430 551 coronae
465 525 642 565 quernae
675 509 858 551 honores
890 510 930 550 ei
962 510 1175 559 decretos,
1210 516 1363 564 postea
1394 515 1540 551 autem

115 590 230 625 eum,
248 578 454 632 perfectis
477 579 650 620 demum
672 579 737 626 iis,
757 594 853 633 quae
876 578 1092 634 pollicitus
1115 579 1271 627 suerat,
1296 579 1541 636 Auqustzcm

116 646 279 688 dictum
301 662 420 689 esse:
452 648 506 689 ad
531 663 661 703 quem
684 648 825 689 locum
844 648 935 704 jam
955 649 1185 689 Reimarus
1208 648 1400 689 diversas
1422 655 1542 690 nota-

116 715 255 757 tiones
285 718 555 759 oonciliatum
588 718 678 759 ivit.
744 717 856 759 Cum
883 718 1025 759 Dione
1052 719 1111 759 ita
1139 719 1419 761 statuendum
1446 733 1542 760 esse

116 785 298 828 Verrius
329 788 470 837 docet,
502 794 551 829 ut
580 789 623 830 d.
653 788 710 830 13
738 788 839 830 Jan.
871 803 1039 830 coronae
1069 803 1246 844 quernae
1275 788 1457 829 honores
1488 789 1541 830 ob

113 856 357 910 provincias
379 858 548 907 divisas,
573 858 642 899 die
670 858 727 899 16
750 859 923 899 demum
946 857 1139 912 Augusti
1162 872 1402 913 cognomen
1427 864 1542 899 trax-

115 925 198 967 isse
217 926 496 982 intelligatur.
543 926 616 968 Ad
639 928 681 969 d.
708 927 779 968 13.
800 927 862 969 lia:
886 934 1001 968 notae
1026 928 1197 982 scriptae
1221 934 1343 968 sunt:
1374 927 1546 969 Corona

113 1010 220 1051 quer
236 1028 245 1037 .
264 1028 272 1037 .
295 1029 304 1037 .
320 998 508 1054 Auqzcst.
543 1013 645 1038 oner
662 1030 670 1038 .
689 1030 697 1038 .
718 1030 726 1038 .
746 998 830 1039 Po.
870 998 926 1038 R.
966 998 1064 1038 Res.
1099 998 1213 1053 quod
1249 997 1539 1052 supplendum

114 1065 229 1107 haud
252 1067 381 1108 dubie
403 1082 495 1109 cum
517 1068 726 1125 Fofsyim'o
742 1085 754 1108 .·
790 1067 963 1109 Corona
983 1082 1146 1124 querna
1170 1082 1225 1108 ex
1250 1067 1296 1109 S.
1315 1066 1366 1108 C.
1392 1082 1541 1122 super-

114 1135 255 1189 posita
276 1142 342 1177 est
363 1138 508 1178 domui
532 1137 644 1192 Imp.
669 1136 783 1178 Caes.
808 1138 1014 1194 Auynsti,
1036 1152 1236 1178 onerosas
1259 1137 1374 1191 quod
1397 1151 1448 1177 eo
1471 1137 1542 1178 die

113 1206 280 1260 recepit
312 1207 553 1261 provincias
586 1214 632 1248 et
668 1213 842 1262 pacatas
877 1207 1052 1262 Populo
1086 1207 1285 1248 Romano
1319 1206 1539 1247 Restituit.

114 1275 202 1316 Ad.
221 1277 263 1318 d.
276 1277 346 1317 16.
364 1277 546 1332 legitur:
570 1277 682 1332 Imp.
704 1276 854 1318 Caesar
872 1278 1095 1334 Aztyzcstas
1109 1283 1171 1318 est
1186 1277 1432 1332 appellatus
1448 1276 1540 1331 ipso

117 1345 185 1387 vii.
208 1352 248 1387 et
268 1347 475 1404 Ayrippa
501 1347 597 1388 Cos.
622 1347 695 1402 qui
719 1361 856 1388 annus
881 1352 947 1387 est
975 1346 1029 1388 U.
1055 1346 1107 1388 C.
1130 1346 1232 1388 727.

174 1415 212 1457 Ι.
235 1416 322 1458 637
345 1431 437 1472 sqq.
464 1417 518 1458 de
544 1416 800 1458 Concordiae
824 1417 919 1457 aede
944 1416 1130 1457 Ovidius
1153 1416 1291 1457 canit:

327 1525 455 1564 Causa
473 1539 606 1564 recens
625 1525 782 1564 melior:
813 1539 942 1577 passos
964 1524 1174 1563 Germania
1194 1524 1317 1562 crines

378 1590 549 1642 Porrigit
569 1590 761 1642 auspiciis,
784 1589 864 1628 dux
884 1589 1116 1634 venerande,
1137 1590 1227 1627 tuis.

173 1694 245 1736 De
267 1708 378 1735 anno
401 1693 612 1749 disputari
634 1708 897 1748 magnopere
922 1697 1109 1748 poterat.
1165 1691 1401 1733 Suetonius
1424 1692 1539 1733 enim

110 1764 256 1805 Tiber.
281 1779 375 1819 cap.
399 1763 471 1805 20.
499 1763 602 1804 aedis
630 1763 950 1804 dedicationem
981 1762 1124 1817 posuit
1143 1768 1247 1818 post
1276 1761 1540 1817 triumphum

112 1833 278 1874 Tiberii
307 1834 360 1874 de
387 1833 624 1874 Pannoniis
655 1839 699 1873 et
727 1832 956 1881 Dalmatis,
986 1847 1116 1887 quem
1147 1838 1317 1887 gestum
1347 1846 1443 1873 esse
1469 1847 1539 1874 an.

112 1903 213 1945 765.
235 1909 352 1958 (aerae
376 1903 678 1953 Varronianae)
706 1901 969 1944 Germanico
993 1909 1038 1943 et
1060 1901 1244 1943 Fonteio
1267 1901 1369 1944 Cos.
1394 1900 1541 1944 Verrii

111 1973 235 2016 Fasti
256 1974 309 2015 ad
333 1974 375 2014 d.
401 1973 457 2014 16
477 1972 578 2015 Jan.
610 1973 742 2027 (conf.
760 1972 900 2028 Fogg.
924 1988 967 2028 p.
989 1972 1079 2024 14.)
1102 1972 1274 2013 docent.
1318 1971 1538 2013 Decretus

105 2044 196 2099 jam
230 2043 374 2084 fuerat
407 2042 637 2084 Dolabella
668 2048 713 2084 et
746 2041 823 2083 Sil.
856 2041 958 2084 Cos.
993 2042 1114 2096 (Dio.
1148 2042 1204 2084 lv,
1236 2041 1328 2091 17.)
1360 2042 1453 2091 sed,
1485 2042 1539 2083 ob

110 2113 333 2172 civitatem
375 2113 498 2154 clade
541 2112 732 2154 Variana
780 2119 996 2161 moestam,
1038 2111 1210 2152 dilatus.
1285 2111 1538 2153 Secundum

112 2183 369 2225 Suetonium
393 2183 498 2224 aedis
525 2183 740 2224 dedicatio
766 2187 865 2237 post
891 2196 1050 2223 annum
1072 2181 1174 2223 765.
1206 2182 1398 2231 caderet,
1422 2182 1539 2237 quod

103 2253 195 2308 jam
227 2253 434 2294 refutavit
466 2252 657 2294 Masson.
692 2252 735 2293 in
766 2252 856 2293 vita
889 2250 1051 2299 Ovidii,
1083 2266 1126 2306 p.
1156 2251 1256 2292 100.
1285 2251 1355 2292 ed.
1385 2250 1536 2293 Burm.

98 2310 213 2363 't0m.
245 2322 302 2363 iv.
365 2322 547 2364 Verrius
582 2336 696 2363 nunc
730 2322 872 2369 docet,
907 2321 1064 2362 eodem
1103 2335 1213 2362 anno
1249 2335 1335 2375 quo
1369 2334 1459 2375 pax
1494 2320 1536 2362 in

111 2391 336 2432 Pannonia
376 2397 422 2433 et
465 2391 684 2433 Dalmatia
729 2390 967 2446 composita
1007 2397 1087 2440 est,
1131 2390 1297 2431 scilicet
1334 2389 1436 2434 762.
1482 2389 1534 2431 C.

112 2460 267 2502 Dolab.
294 2466 339 2502 et
368 2461 443 2502 Sil.
468 2460 570 2503 Cos.
598 2461 737 2502 aedem
768 2460 1012 2501 dedicatam
1044 2475 1169 2510 esse3
1200 2474 1429 2515 perperam
1458 2459 1536 2500 ita-

109 2545 196 2585 que
230 2530 486 2572 Suetonium
523 2540 621 2586 post
652 2530 913 2585 triumphum
944 2529 1137 2572 habitum
1174 2530 1386 2586 posuisse,
1423 2530 1536 2584 quod

107 2600 253 2642 statim
274 2605 372 2655 post
392 2600 553 2642 bellum
575 2600 860 2655 compositum
882 2600 1045 2641 factum
1068 2606 1175 2643 erat.

167 2670 242 2712 Ad
266 2671 391 2712 Fast.
409 2671 473 2724 =iii.
496 2671 596 2712 419.
628 2672 689 2726 (d.
715 2669 757 2712 6.
788 2670 940 2721 Mart.)
970 2671 1025 2711 de
1048 2669 1234 2712 Caesaris
1267 2669 1531 2712 Pontificatu

106 2754 244 2781 annus
283 2755 397 2781 nunc
435 2747 595 2791 certus,
632 2755 718 2798 quo
761 2739 1005 2782 Octaviano
1045 2740 1230 2783 traditus
1263 2745 1345 2788 est,
1374 2739 1533 2795 prodit.

172 2820 285 2852 vol„
311 2821 357 2851 v.
1102 2809 1130 2849 3
1156 2820 1180 2849 Β
