1809 3220
223 171 311 212 406
766 170 1115 214 EXCURSUS

224 293 314 330 toto
337 302 448 329 anno
470 292 763 343 superessent,
785 294 831 329 et
851 287 985 329 Indos
1013 288 1158 343 (Curt.
1182 290 1268 332 viii.
1290 290 1354 339 9.)
1374 291 1449 346 qui
1467 291 1527 334 24
1547 292 1648 333 anni

222 365 367 413 partes
389 357 624 399 habebant:
659 357 814 413 quibus
836 358 998 400 addere
1021 359 1149 402 liceat
1168 359 1538 411 Kamchatkanos,
1555 361 1648 417 qui,

222 428 460 469 secundum
489 428 653 469 labores
683 443 781 470 suos
811 428 853 469 in
879 443 983 484 agro
1012 429 1209 478 colendo,
1234 445 1392 472 annum
1423 431 1466 472 in
1493 431 1646 473 decem

221 506 365 552 partes
388 497 600 539 dividunt.
661 498 855 555 (Voyaye
877 498 926 539 de
947 499 1013 541 M.
1038 499 1169 540 l'abbe‘
1195 499 1372 556 Chappe
1393 515 1444 542 en
1465 501 1645 550 Siberie,

225 573 323 608 tom.
346 567 407 607 iii.
423 581 471 622 p.
494 567 550 608 17
573 573 616 608 et
637 566 730 619 18.)

280 635 364 677 IV.
388 635 589 678 Fortasse
610 643 655 677 et
678 651 849 678 causam
873 636 999 692 hujus
1023 637 1318 679 Romanorum
1338 638 1557 680 divisionis
1578 654 1645 681 re-

220 706 362 760 perire
401 705 515 754 licet,
552 721 650 761 quae
685 720 779 747 sese
824 706 968 761 aliqua
1008 707 1311 762 probabilitate
1353 708 1643 751 commendet.

219 776 355 831 Apud
377 774 684 824 Athenienses,
709 783 757 817 ut
786 777 970 831 populus
1002 777 1043 818 in
1074 778 1225 818 decem
1249 781 1377 830 φυλὰς,
1402 784 1448 818 et
1470 784 1645 819 senatus
1706 775 1711 779 ⁹

221 845 265 886 in
288 845 468 887 totidem
489 849 717 897 πρρτανείας,·
744 846 803 887 ita
819 846 947 887 etiam
967 852 1082 887 totus
1105 861 1239 887 annus
1264 847 1306 887 in
1325 847 1478 887 decem
1499 854 1645 901 partes

220 915 462 966 (πρυτανείας)
497 915 658 956 divisus
692 922 799 965 erat,
830 931 1010 971 quarum
1044 917 1207 971 q1·1aevis
1242 917 1421 971 triginta
1453 916 1646 971 quinque

219 984 289 1025 vel
311 999 387 1025 sex
412 984 504 1025 dies
533 984 730 1033 habebat,
755 992 799 1026 et
821 986 862 1026 in
884 986 1038 1040 quibus
1062 986 1241 1041 singulis
1264 985 1446 1041 singulae
1469 992 1646 1027 senatus

218 1058 397 1104 πρύτανεις
411 1053 661 1109 reipublicae
683 1062 909 1109 praeerant.
945 1055 1030 1096 Hae
1048 1056 1148 1096 anni
1165 1063 1309 1110 partes
1325 1054 1454 1110 juxta
1474 1069 1646 1097 menses

219 1110 449 1164 consuetos
478 1124 658 1165 solemni
688 1124 887 1165 divisioni
917 1124 1224 1173 inserviebant,
1259 1130 1306 1165 ut
1335 1125 1561 1166 mercedes
1590 1124 1646 1166 ad

223 1204 372 1233 earum
398 1194 604 1239 ,ordinem
643 1194 927 1242 solverentur,
966 1199 1048 1235 etc.
1083 1202 1128 1235 et
1159 1194 1267 1249 ipsae
1302 1193 1533 1249 aliquando
1568 1208 1648 1249 per

224 1260 404 1302 abusum
428 1265 528 1312 μῆνες
551 1269 781 1304 vocantur:
815 1263 914 1304 vide
938 1263 1159 1305 Ammouii
1188 1263 1329 1305 locum
1355 1264 1470 1319 apud
1498 1263 1645 1319 Neap.

222 1330 275 1370 ad
304 1330 332 1371 i.
356 1330 430 1372 29.
454 1346 488 1373 s,
515 1347 555 1373 v.
580 1336 779 1384 πρυτανεία.
842 1332 939 1373 Etsi
969 1332 1101 1388 igitur
1130 1333 1361 1388 scriptores
1388 1332 1576 1375 Romani
1605 1335 1647 1375 in

221 1398 320 1441 hist.
356 1399 546 1449 Romuli,
583 1401 636 1442 de
675 1401 799 1442 simili
831 1407 1006 1442 senatus
1042 1402 1252 1443 divisione
1287 1408 1332 1444 et
1365 1402 1534 1457 imperii
1566 1417 1646 1458 per

219 1469 337 1510 vices
369 1471 546 1511 tenendi
583 1485 701 1512 more
740 1471 842 1512 nihil
881 1472 1027 1521 edant,
1064 1471 1214 1514 Ovidii
1246 1472 1379 1513 verba
1413 1472 1491 1527 (iii.
1525 1472 1647 1525 127.)

220 1538 400 1580 similem
424 1539 678 1581 divisionem
702 1555 785 1581 non
808 1541 987 1582 obscure
1010 1541 1218 1583 innuunt:

437 1653 534 1692 Inde
551 1659 710 1705 par-erm
730 1662 887 1693 centum
909 1655 1024 1692 denos
1043 1656 1207 1694 secrevit
1226 1656 1267 1693 in
1287 1655 1396 1694 orbes

488 1718 700 1757 Romulus:

221 1832 266 1866 et
286 1825 391 1880 quid
413 1826 555 1880 igitur,
575 1827 611 1867 si
634 1826 734 1867 anni
755 1832 892 1867 totum
915 1826 1062 1867 orbem
1084 1826 1157 1875 ita,
1179 1832 1224 1867 ut
1246 1826 1289 1867 in
1304 1826 1649 1869 Atheniensibus

220 1894 313 1934 fieri
344 1895 552 1943 videmus,
582 1910 606 1936 a
637 1895 846 1937 Romanis
879 1896 1009 1936 etiam
1042 1903 1140 1936 ante
1174 1895 1380 1945 Numam,
1405 1896 1479 1951 qui
1511 1902 1539 1918 “
1560 1911 1644 1938 om-

220 1964 335 2004 nium
363 1965 533 2019 primus
563 1979 720 2006 annum
751 1965 812 2006 ad
841 1966 953 2008 lctnae
984 1980 1131 2008 cursus
1163 1966 1207 2007 in
1237 1965 1454 2008 duodecim
1489 1980 1646 2008 menses

220 2032 368 2074 divisit
384 2034 404 2049 ’'
431 2049 457 2075 a
481 2041 689 2089 tempore,
716 2049 802 2089 quo
829 2050 1015 2090 quaeque
1045 2034 1215 2076 decima
1242 2042 1416 2076 senatus
1445 2049 1544 2090 pars
1569 2035 1646 2076 im-

219 2104 388 2156 perium
413 2104 526 2145 urbis
550 2110 735 2154 teneret,
761 2105 944 2147 divisum
965 2119 1060 2147 esse
1084 2106 1403 2147 statueremus?
1428 2112 1473 2147 et
1492 2106 1645 2147 decem

220 2187 390 2214 menses
415 2189 554 2229 pares,
575 2175 745 2216 circiter
769 2176 946 2217 totidem
971 2176 1138 2217 dierum
1163 2190 1212 2216 ac
1234 2179 1449 2227 πρυτάνειαι,
1467 2176 1511 2217 in
1533 2190 1645 2218 anno

222 2242 437 2285 Romuleo
459 2245 781 2300 acciperemus?
818 2245 1010 2288 Nomina
1032 2245 1179 2286 harum
1201 2245 1401 2300 partium,
1426 2259 1504 2287 seu
1526 2259 1642 2287 men-

220 2312 370 2362 siumn,
386 2314 421 2354 si
443 2314 502 2354 ita
519 2328 592 2355 eas
613 2329 767 2356 vocare
786 2314 902 2364 licet,
921 2329 946 2356 a
965 2328 1142 2355 numero
1161 2314 1297 2369 petita
1314 2329 1409 2355 esse
1427 2321 1643 2369 poterant,

221 2396 245 2423 e
268 2383 422 2438 quibus
446 2383 595 2425 Numa
615 2385 812 2439 quaedam
838 2386 968 2426 etiam
996 2386 1040 2427 in
1067 2384 1285 2426 mensibus
1314 2383 1533 2426 lunaribus
1555 2399 1643 2426 ser-

266 2595 288 2609 m
304 2590 371 2621 Alii
385 2598 503 2630 patres.-
520 2589 574 2620 sed
585 2590 750 2632 paresjure
761 2590 897 2633 praetuli.
968 2600 1042 2621 vero
1061 2600 1152 2632 aeque
1172 2589 1252 2621 bene
1273 2600 1291 2621 a
1308 2591 1554 2634 nietiri,·773271sus
1567 2600 1646 2626 sum,

266 2645 280 2660 ⁰
306 2640 477 2671 Derivatur
502 2639 631 2682 quidem
660 2640 754 2681 vulgo
785 2651 899 2671 nomen
968 2639 1103 2676 derives,
1120 2639 1163 2670 ita
1180 2647 1213 2671 ut
1228 2639 1262 2675 ii,
1277 2639 1331 2681 qui
1349 2639 1440 2682 primi
1457 2639 1514 2671 hoc
1531 2650 1645 2671 nomen

223 2690 341 2723 mensis
354 2701 372 2721 a
387 2691 468 2733 μὴν,
485 2689 530 2721 ita
546 2696 581 2721 ut
597 2689 720 2721 nonnisi
737 2689 777 2721 de
794 2701 901 2722 mense
968 2697 1152 2733 posuerunt,
1169 2701 1230 2721 non
1248 2690 1368 2727 lunam,
1385 2689 1441 2721 sed
1459 2689 1645 2722 divisionem

224 2741 327 2774 lunari
344 2740 508 2784 originitus
522 2740 643 2772 dictum
659 2740 710 2773 sit.
760 2741 901 2772 Fortasse
971 2747 1093 2773 tantum
1109 2740 1184 2773 anni
1198 2740 1404 2784 respexerint.
