1809 3220
218 164 306 208 328

616 163 668 204 P.
703 160 922 204 OVIDII
958 159 1244 202 NASONIS

222 282 338 338 Qua
356 281 575 330 Velabra
595 280 760 327 solent
778 278 829 325 in
843 278 1034 326 circum
1053 277 1242 326 ducere
1264 293 1494 342 pompas,
1539 277 1639 323 405

290 360 376 408 Nil
401 366 586 425 praeter
611 358 810 414 saliceS,
837 372 1087 421 cassaque
1112 372 1277 405 canna
1300 355 1411 404 fuit.

223 439 374 504 Saepe
401 438 717 486 suburbanas
744 436 945 485 rediens
971 435 1180 484 conviva
1204 451 1295 500 per
1322 434 1483 483 undas

293 517 509 565 Cantat:
547 522 599 564 et
624 514 687 563 ad
713 522 893 562 nautas
920 514 1061 563 ebria
1083 515 1239 562 verba
1257 513 1401 578 jacit.

224 595 466 644 Nondum
492 594 800 642 conveniens
826 593 1036 642 diversis
1063 593 1158 640 iste
1182 592 1356 656 figuris

292 674 492 722 Nomen
519 673 583 721 ab
610 689 783 721 averso
805 680 1013 737 ceperat
1038 687 1186 719 amne
1211 671 1357 719 deus.

1543 670 1643 715 410

225 752 324 801 Hic
351 768 556 816 quoque
581 752 726 799 lucus
753 758 877 808 erat,
901 751 1069 815 juncis
1091 758 1142 798 et
1161 748 1407 797 arundine
1433 748 1640 802 densus,

293 830 360 878 Et
383 831 513 895 pede
538 831 703 878 velato
728 846 828 877 non
855 829 1092 877 adeunda
1117 829 1279 893 palus.

227 908 421 972 Stagna
444 916 781 964 recesserunt,
809 915 860 955 et
885 923 1043 971 aquas
1071 923 1162 954 sua
1187 906 1295 970 ripa
1320 910 1552 960 coercet;

295 987 546 1051 Siccaque
573 1003 705 1034 nunc
731 986 911 1034 tellus:
956 1001 1063 1033 mos
1089 992 1260 1032 tamen
1286 983 1402 1031 inde
1430 987 1617 1030 manet.

225 1065 543 1114 Reddiderat
557 1081 787 1113 causam:
808 1065 1010 1119 Valeas,
1030 1080 1156 1112 anus
1173 1063 1380 1128 optima,
1394 1060 1524 1118 dixi3
1544 1061 1645 1108 415

293 1142 443 1200 Quod
470 1151 703 1208 superest
727 1143 835 1196 aevi,
865 1142 1013 1190 molle
1040 1142 1106 1190 sit
1129 1158 1296 1198 omne,
1323 1140 1414 1189 tui.

228 1222 434 1270 Caetera
453 1223 557 1286 jam
586 1221 782 1286 pridem
809 1220 963 1268 didici
989 1220 1270 1285 puerilibus
1297 1219 1471 1276 annis3

295 1300 412 1348 Non
437 1308 607 1348 tamen
634 1300 823 1348 idcirco
849 1299 1200 1364 praetereunda
1225 1298 1364 1346 mihi.

226 1378 420 1427 Moenia
446 1377 764 1426 Dardanides
791 1393 951 1441 nuper
976 1393 1107 1425 nova
1131 1377 1321 1426 fecerat
1347 1376 1481 1424 Ilus:

294 1457 402 1505 Ilus
428 1456 594 1505 adhuc
620 1455 756 1504 Asiae
782 1455 924 1504 dives
950 1455 1172 1504 habebat
1196 1472 1336 1521 opes.

268 1617 345 1647 405.
373 1615 546 1648 Velabrum.
563 1613 713 1656 planities
735 1614 815 1644 inter
836 1613 900 1645 Ca-

226 1666 406 1711 pitolinum,
428 1664 611 1696 Palatinum
641 1670 673 1694 et
701 1663 899 1694 Aventinum

227 1723 378 1748 montem.
428 1716 555 1754 Pompas
578 1714 658 1756 intp.
677 1713 823 1745 Gallicus
847 1713 900 1743 tri—

226 1766 392 1809 umphales
404 1764 554 1806 intelligit
568 1776 575 1802 ;
599 1771 633 1796 tu
650 1774 724 1795 vero
736 1764 903 1795 Circenses

227 1817 383 1858 intellige,
394 1815 471 1847 satis
482 1815 553 1846 illas
565 1813 764 1857 splendidas,
776 1814 815 1845 de
831 1813 901 1856 qui-

225 1869 286 1900 bus
307 1867 433 1898 Amorr.
455 1865 502 1896 iii.
519 1866 553 1896 2.
576 1871 608 1896 et
631 1863 802 1895 Suetonius
829 1875 900 1906 pas-

226 1918 297 1949 sim.
328 1917 532 1958 Quamquam
548 1921 580 1946 et
594 1914 825 1957 triumphantes
839 1915 901 1945 Ve-

226 1968 351 1999 labrum
390 1965 723 2008 praetervebebantur;
770 1964 902 1994 Sueton.

230 2017 348 2049 Caesar.
375 2017 429 2047 39.
466 2015 592 2046 Velabra
623 2016 743 2045 ducunt
771 2024 902 2054 pompas,

229 2077 353 2110 pompae
370 2065 545 2109 procedunt
556 2075 610 2107 per
622 2063 774 2095 Velabra.
800 2064 902 2099 Cassa,

229 2117 346 2148 inanis.
392 2116 547 2157 Stagnum
576 2119 682 2146 autem
712 2112 844 2145 Velabri
873 2119 904 2144 et

230 2167 285 2199 alii
313 2171 507 2204 memorant;
533 2165 676 2207 Propert.
705 2164 766 2195 IV.
792 2163 838 2195 ix.
863 2166 902 2195 5:

230 2216 386 2248 Hercules
414 2215 502 2246 venit
532 2216 645 2252 “Qua
671 2214 814 2245 Velabra
848 2224 904 2245 suo

231 2267 423 2309 stagnabant
455 2265 598 2301 flumine,
629 2275 756 2307 quaque
794 2264 905 2296 Nauta

230 2327 287 2359 per
312 2316 449 2346 urbanas
472 2315 654 2346 velificabat
677 2325 778 2356 aquas
795 2314 826 2352 ;'’
850 2313 904 2344 Ti-

230 2366 349 2402 bullus,
365 2366 413 2396 ΙΙ.
427 2365 474 2396 iii.
489 2366 532 2396 33
551 2378 556 2395 :
584 2370 605 2382 “
622 2365 668 2395 At
693 2375 757 2406 qua
772 2364 905 2395 Velabri

231 2416 316 2458 regio
338 2421 437 2458 patet,
453 2416 498 2446 ire
513 2415 635 2446 solebat
651 2414 794 2456 Exiguus
814 2414 906 2457 pulso

232 2477 287 2509 per
302 2465 386 2497 vada
407 2465 502 2496 linter
516 2476 613 2507 aqua.
653 2465 718 2496 Illa
733 2475 817 2507 saepe
834 2476 904 2507 gre-

232 2516 281 2559 gis
305 2515 380 2547 ditis
399 2515 558 2558 placitura
573 2515 723 2557 magistro
738 2514 791 2545 Ad
811 2514 903 2556 juve-

232 2577 304 2598 nem
317 2565 398 2596 festa
413 2570 461 2596 est
476 2570 567 2596 vecta
586 2564 694 2607 puella
709 2564 796 2595 die.”
841 2565 904 2595 Pro

231 2616 321 2647 verba
338 2613 450 2645 Heins.
465 2614 588 2646 mavult
602 2615 697 2651 dicta,
713 2613 746 2644 id
762 2620 820 2650 est,
834 2613 902 2645 dic-

232 2665 334 2704 teria;
357 2663 414 2695 sed
441 2664 478 2696 τὸ
504 2665 588 2695 ebria
616 2662 694 2695 satis
718 2662 830 2694 definit
854 2674 902 2694 ra-

230 2716 348 2748 tionem
364 2716 521 2747 verborum
533 2715 674 2747 istorum.
721 2715 772 2746 De
788 2715 903 2752 verbis,

231 2766 347 2810 quibus
367 2765 514 2797 laedimus
536 2771 591 2797 aut
614 2764 801 2797 lacessimus
820 2764 899 2796 alte-

1546 1457 1646 1501 420

972 1624 1052 1648 rum¹
1070 1613 1219 1644 usitatum
1237 1615 1423 1653 estjacere5
1447 1611 1518 1644 Cic.
1533 1610 1600 1642 Sul.
1616 1611 1646 1642 7.

961 1666 1071 1703 jacere
1086 1664 1318 1694 contumeliam:
1340 1672 1533 1705 quamquam
1551 1661 1647 1692 inter-

972 1712 1048 1743 dum
1065 1720 1096 1745 et
1112 1712 1299 1755 simpliciter
1314 1712 1409 1744 edere
1423 1710 1593 1754 significat.

1018 1764 1094 1794 409.
1121 1763 1317 1794 Vertumnus
1344 1761 1545 1804 intelligend.
1569 1761 1647 1792 Pro-

971 1813 1104 1856 pertius,
1130 1814 1192 1846 IV.
1217 1813 1252 1845 ii.
1276 1814 1306 1845 7.
1325 1813 1364 1844 de
1389 1812 1454 1844 soro
1478 1812 1646 1844 Romano:

972 1870 991 1882 “
1011 1865 1082 1896 Hac
1105 1864 1265 1906 qnondam
1286 1863 1455 1895 Tiberinus
1470 1862 1530 1894 iter
1549 1862 1647 1894 facie-

972 1915 1047 1954 bat;
1071 1922 1102 1947 et
1127 1915 1216 1946 aiunt
1242 1915 1417 1946 Remorum
1442 1913 1568 1945 auditos
1591 1923 1648 1955 per

973 1966 1055 1996 vada
1073 1966 1164 2008 pulsa
1181 1976 1285 1996 sonos·
1333 1965 1379 1996 At
1400 1969 1567 2006 postquam
1590 1962 1646 1994 ille

973 2017 1038 2048 suis
1063 2022 1188 2047 tantum
1212 2014 1369 2047 concessit
1393 2014 1542 2049 alumnis,
1564 2013 1646 2045 Ver·

973 2072 1102 2097 tumnus
1121 2075 1210 2096 verso
1233 2064 1322 2096 dicor
1347 2065 1386 2095 ab
1410 2073 1503 2095 amne
1523 2063 1647 2103 deus;’'

973 2115 1057 2146 idem
1086 2126 1151 2146 ver.
1183 2115 1236 2145 21.
1266 2116 1491 2146 convenientem
1520 2114 1647 2144 diversis

990 2166 1084 2208 'gur-is
1108 2164 1281 2196 describit:
1315 2170 1335 2182 “
1358 2160 1547 2207 Opportuna
1575 2174 1647 2195 mea

974 2222 1022 2246 est
1043 2215 1166 2246 cunctis
1189 2219 1302 2246 natura
1320 2214 1446 2256 figuris:
1473 2214 1512 2245 In
1531 2224 1645 2256 quarn-

974 2276 1111 2307 cumque
1126 2265 1211 2296 voles
1227 2272 1326 2301 verte,
1344 2264 1479 2296 decorus
1497 2275 1550 2295 ero
1564 2263 1594 2303 ;”
1613 2263 1646 2295 id

975 2315 1059 2358 quod
1084 2316 1180 2346 latius
1204 2315 1368 2346 exornavit
1391 2313 1539 2351 Ovidius,
1565 2314 1648 2345 Met.

975 2365 1038 2397 xiv.
1055 2367 1118 2397 642
1133 2376 1204 2408 sqq.

1019 2416 1093 2447 419.
1117 2417 1169 2448 De
1195 2417 1351 2452 Palladio,
1369 2415 1436 2447 sive
1458 2415 1548 2458 signo
1571 2415 1646 2446 Pal-

975 2465 1067 2503 ladis,
1097 2466 1181 2509 quod
1211 2478 1228 2498 e
1259 2466 1342 2498 coelo
1375 2466 1555 2509 delapsum,
1581 2464 1646 2498 διο-

974 2518 1082 2555 πετὲς,
1098 2528 1223 2548 summa
1234 2516 1386 2559 religione
1406 2516 1439 2547 in
1455 2527 1527 2548 arce
1542 2516 1647 2548 Iliaca

974 2567 1148 2603 colebatur,
1164 2567 1316 2610 quodque
1330 2566 1364 2598 in
1380 2566 1489 2598 multis
1509 2565 1648 2598 nummis

972 2617 991 2649 J
995 2617 1068 2648 uliae
1082 2618 1184 2660 gentis
1197 2628 1381 2661 expressum
1397 2616 1546 2648 cernitur.
1570 2616 1644 2647 His-

972 2667 1085 2699 toriam
1112 2669 1180 2710 ejus
1208 2667 1307 2699 habet
1332 2666 1556 2710 Apollodorus,
1579 2666 1645 2698 III.

972 2717 1027 2749 xii.
1042 2719 1073 2750 3.
1088 2717 1145 2749 ubi
1160 2717 1231 2749 vide
1253 2717 1429 2760 Heynium.
1475 2717 1647 2749 Dardanus

971 2768 1036 2799 200
1051 2779 1077 2799 s.
1094 2769 1165 2801 150.
1183 2778 1257 2801 ann.
1274 2773 1347 2800 ante
1363 2767 1465 2810 Trojae
1482 2766 1645 2799 excidium
