<?xml version="1.0" encoding="UTF-8"?>
<!DOCTYPE html PUBLIC "-//W3C//DTD XHTML 1.0 Transitional//EN"
    "http://www.w3.org/TR/xhtml1/DTD/xhtml1-transitional.dtd">
<html xmlns="http://www.w3.org/1999/xhtml" xml:lang="en" lang="en">
 <head>
  <title>
</title>
<meta http-equiv="Content-Type" content="text/html;charset=utf-8" />
  <meta name='ocr-system' content='tesseract 3.04.00' />
  <meta name='ocr-capabilities' content='ocr_page ocr_carea ocr_par ocr_line ocrx_word'/>
</head>
<body>
  <div class='ocr_page' id='page_1' title='image "./povidiinasonisop05oviduoft_0368.png"; bbox 0 0 1809 3220; ppageno 0'>
   <div class='ocr_carea' id='block_1_1' title="bbox 157 191 243 234">
    <p class='ocr_par' dir='ltr' id='par_1_1' title="bbox 157 191 243 234">
     <span class='ocr_line' id='line_1_1' title="bbox 157 191 243 234; baseline -0.023 0"><span class='ocrx_word' id='word_1_1' title='bbox 157 191 243 234; x_wconf 84' lang='grc'>340</span> 
     </span>
    </p>
   </div>
   <div class='ocr_carea' id='block_1_2' title="bbox 555 187 1180 232">
    <p class='ocr_par' dir='ltr' id='par_1_2' title="bbox 555 187 1180 232">
     <span class='ocr_line' id='line_1_2' title="bbox 555 187 1180 232; baseline 0 -1"><span class='ocrx_word' id='word_1_2' title='bbox 555 189 606 231; x_wconf 93' lang='lat' dir='ltr'>P.</span> <span class='ocrx_word' id='word_1_3' title='bbox 641 187 859 231; x_wconf 92' lang='lat' dir='ltr'>OVIDII</span> <span class='ocrx_word' id='word_1_4' title='bbox 893 187 1180 232; x_wconf 89' lang='lat' dir='ltr'><strong>NASONIS</strong></span> 
     </span>
    </p>
   </div>
   <div class='ocr_carea' id='block_1_3' title="bbox 160 306 1583 1084">
    <p class='ocr_par' dir='ltr' id='par_1_3' title="bbox 160 306 1580 452">
     <span class='ocr_line' id='line_1_3' title="bbox 160 306 1576 372; baseline -0.001 -16"><span class='ocrx_word' id='word_1_5' title='bbox 160 308 294 358; x_wconf 90' lang='lat' dir='ltr'>Hinc</span> <span class='ocrx_word' id='word_1_6' title='bbox 309 323 454 356; x_wconf 89' lang='lat' dir='ltr'>cruor</span> <span class='ocrx_word' id='word_1_7' title='bbox 472 325 482 366; x_wconf 93' lang='lat'>;</span> <span class='ocrx_word' id='word_1_8' title='bbox 513 307 630 356; x_wconf 90' lang='lat' dir='ltr'>hinc</span> <span class='ocrx_word' id='word_1_9' title='bbox 647 307 840 367; x_wconf 86' lang='lat' dir='ltr'>caedes;</span> <span class='ocrx_word' id='word_1_10' title='bbox 866 307 1168 372; x_wconf 89' lang='lat' dir='ltr'>infirmaque</span> <span class='ocrx_word' id='word_1_11' title='bbox 1183 306 1399 355; x_wconf 87' lang='lat' dir='ltr'>vincitur</span> <span class='ocrx_word' id='word_1_12' title='bbox 1423 313 1576 355; x_wconf 81' lang='lat' dir='ltr'>aetas:</span> 
     </span>
     <span class='ocr_line' id='line_1_4' title="bbox 231 386 1580 452; baseline -0.001 -17"><span class='ocrx_word' id='word_1_13' title='bbox 231 388 447 452; x_wconf 82' lang='lat' dir='ltr'>Sceptra</span> <span class='ocrx_word' id='word_1_14' title='bbox 464 402 618 451; x_wconf 82' lang='lat' dir='ltr'>gener</span> <span class='ocrx_word' id='word_1_15' title='bbox 638 402 812 435; x_wconf 89' lang='lat' dir='ltr'>socero</span> <span class='ocrx_word' id='word_1_16' title='bbox 839 393 985 452; x_wconf 85' lang='lat' dir='ltr'>rapta</span> <span class='ocrx_word' id='word_1_17' title='bbox 1011 386 1262 451; x_wconf 89' lang='lat' dir='ltr'>superbus</span> <span class='ocrx_word' id='word_1_18' title='bbox 1282 386 1452 434; x_wconf 86' lang='lat' dir='ltr'>habet.</span> <span class='ocrx_word' id='word_1_19' title='bbox 1480 387 1580 434; x_wconf 83' lang='lat'>600</span> 
     </span>
    </p>

    <p class='ocr_par' dir='ltr' id='par_1_4' title="bbox 162 464 1431 609">
     <span class='ocr_line' id='line_1_5' title="bbox 162 464 1431 532; baseline -0.001 -18"><span class='ocrx_word' id='word_1_20' title='bbox 162 466 282 532; x_wconf 92' lang='lat' dir='ltr'>Ipse</span> <span class='ocrx_word' id='word_1_21' title='bbox 308 466 402 513; x_wconf 91' lang='lat' dir='ltr'>sub</span> <span class='ocrx_word' id='word_1_22' title='bbox 431 464 694 530; x_wconf 86' lang='lat' dir='ltr'><strong>Esquiliis,</strong></span> <span class='ocrx_word' id='word_1_23' title='bbox 723 465 810 513; x_wconf 92' lang='lat' dir='ltr'>ubi</span> <span class='ocrx_word' id='word_1_24' title='bbox 838 472 947 514; x_wconf 88' lang='lat' dir='ltr'>erat</span> <span class='ocrx_word' id='word_1_25' title='bbox 971 482 1064 514; x_wconf 89' lang='lat' dir='ltr'>sua</span> <span class='ocrx_word' id='word_1_26' title='bbox 1088 465 1242 530; x_wconf 83' lang='lat' dir='ltr'>regia,</span> <span class='ocrx_word' id='word_1_27' title='bbox 1269 481 1431 514; x_wconf 87' lang='lat' dir='ltr'>caesus</span> 
     </span>
     <span class='ocr_line' id='line_1_6' title="bbox 231 543 1340 609; baseline 0.001 -17"><span class='ocrx_word' id='word_1_28' title='bbox 231 544 470 593; x_wconf 84' lang='lat' dir='ltr'>Concidit</span> <span class='ocrx_word' id='word_1_29' title='bbox 495 543 546 592; x_wconf 92' lang='lat' dir='ltr'>in</span> <span class='ocrx_word' id='word_1_30' title='bbox 572 545 699 593; x_wconf 89' lang='lat' dir='ltr'>dura</span> <span class='ocrx_word' id='word_1_31' title='bbox 724 544 1143 609; x_wconf 83' lang='lat' dir='ltr'>sanguinolentus</span> <span class='ocrx_word' id='word_1_32' title='bbox 1169 544 1340 593; x_wconf 89' lang='lat' dir='ltr'>humo.</span> 
     </span>
    </p>

    <p class='ocr_par' dir='ltr' id='par_1_5' title="bbox 161 623 1257 769">
     <span class='ocr_line' id='line_1_7' title="bbox 161 623 1257 689; baseline 0.001 -18"><span class='ocrx_word' id='word_1_33' title='bbox 161 623 305 681; x_wconf 88' lang='lat' dir='ltr'>Filia,</span> <span class='ocrx_word' id='word_1_34' title='bbox 333 631 574 689; x_wconf 87' lang='lat' dir='ltr'>carpento</span> <span class='ocrx_word' id='word_1_35' title='bbox 600 624 791 689; x_wconf 88' lang='lat' dir='ltr'>patrios</span> <span class='ocrx_word' id='word_1_36' title='bbox 818 624 1004 672; x_wconf 89' lang='lat' dir='ltr'>initura</span> <span class='ocrx_word' id='word_1_37' title='bbox 1028 630 1257 689; x_wconf 88' lang='lat' dir='ltr'>penates,</span> 
     </span>
     <span class='ocr_line' id='line_1_8' title="bbox 228 703 1226 769; baseline 0 -18"><span class='ocrx_word' id='word_1_38' title='bbox 228 703 345 752; x_wconf 84' lang='lat' dir='ltr'>Ibat</span> <span class='ocrx_word' id='word_1_39' title='bbox 369 720 459 769; x_wconf 87' lang='lat' dir='ltr'>per</span> <span class='ocrx_word' id='word_1_40' title='bbox 483 704 677 753; x_wconf 87' lang='lat' dir='ltr'>medias</span> <span class='ocrx_word' id='word_1_41' title='bbox 704 705 806 753; x_wconf 86' lang='lat' dir='ltr'>alta</span> <span class='ocrx_word' id='word_1_42' title='bbox 829 703 1077 768; x_wconf 85' lang='lat' dir='ltr'>feroxque</span> <span class='ocrx_word' id='word_1_43' title='bbox 1103 703 1226 751; x_wconf 90' lang='lat' dir='ltr'>vias.</span> 
     </span>
    </p>

    <p class='ocr_par' dir='ltr' id='par_1_6' title="bbox 164 780 1583 926">
     <span class='ocr_line' id='line_1_9' title="bbox 164 780 1583 848; baseline 0 -18"><span class='ocrx_word' id='word_1_44' title='bbox 164 782 364 847; x_wconf 90' lang='lat' dir='ltr'>Corpus</span> <span class='ocrx_word' id='word_1_45' title='bbox 391 789 447 830; x_wconf 89' lang='lat' dir='ltr'>ut</span> <span class='ocrx_word' id='word_1_46' title='bbox 472 783 725 848; x_wconf 82' lang='lat' dir='ltr'>adspexit,</span> <span class='ocrx_word' id='word_1_47' title='bbox 754 782 992 847; x_wconf 84' lang='lat' dir='ltr'>lacrymis</span> <span class='ocrx_word' id='word_1_48' title='bbox 1019 782 1194 846; x_wconf 85' lang='lat' dir='ltr'>auriga</span> <span class='ocrx_word' id='word_1_49' title='bbox 1218 780 1435 846; x_wconf 87' lang='lat' dir='ltr'>profusis</span> <span class='ocrx_word' id='word_1_50' title='bbox 1484 783 1583 830; x_wconf 84' lang='lat'>605</span> 
     </span>
     <span class='ocr_line' id='line_1_10' title="bbox 231 860 1285 926; baseline 0.001 -18"><span class='ocrx_word' id='word_1_51' title='bbox 231 860 471 918; x_wconf 83' lang='lat' dir='ltr'>Restitit3</span> <span class='ocrx_word' id='word_1_52' title='bbox 514 861 648 910; x_wconf 91' lang='lat' dir='ltr'>hunc</span> <span class='ocrx_word' id='word_1_53' title='bbox 675 861 764 910; x_wconf 86' lang='lat' dir='ltr'>tali</span> <span class='ocrx_word' id='word_1_54' title='bbox 790 861 998 926; x_wconf 86' lang='lat' dir='ltr'>corripit</span> <span class='ocrx_word' id='word_1_55' title='bbox 1022 861 1109 909; x_wconf 91' lang='lat' dir='ltr'>illa</span> <span class='ocrx_word' id='word_1_56' title='bbox 1133 878 1285 910; x_wconf 86' lang='lat' dir='ltr'>sono:</span> 
     </span>
    </p>

    <p class='ocr_par' dir='ltr' id='par_1_7' title="bbox 160 938 1515 1084">
     <span class='ocr_line' id='line_1_11' title="bbox 160 938 1515 1006; baseline 0 -20"><span class='ocrx_word' id='word_1_57' title='bbox 160 938 354 988; x_wconf 80' lang='lat' dir='ltr'>Vadis?</span> <span class='ocrx_word' id='word_1_58' title='bbox 392 956 456 988; x_wconf 87' lang='lat' dir='ltr'>an</span> <span class='ocrx_word' id='word_1_59' title='bbox 482 947 752 1006; x_wconf 81' lang='lat' dir='ltr'>exspectas</span> <span class='ocrx_word' id='word_1_60' title='bbox 780 940 998 1005; x_wconf 91' lang='lat' dir='ltr'>pretium</span> <span class='ocrx_word' id='word_1_61' title='bbox 1023 939 1228 1005; x_wconf 83' lang='lat' dir='ltr'>pietatis</span> <span class='ocrx_word' id='word_1_62' title='bbox 1255 939 1515 988; x_wconf 83' lang='lat' dir='ltr'>amarum?</span> 
     </span>
     <span class='ocr_line' id='line_1_12' title="bbox 230 1018 1363 1084; baseline 0.001 -18"><span class='ocrx_word' id='word_1_63' title='bbox 230 1018 360 1074; x_wconf 92' lang='lat' dir='ltr'>Duc,</span> <span class='ocrx_word' id='word_1_64' title='bbox 390 1019 614 1083; x_wconf 88' lang='lat' dir='ltr'>inquam,</span> <span class='ocrx_word' id='word_1_65' title='bbox 643 1020 822 1068; x_wconf 85' lang='lat' dir='ltr'>invitas</span> <span class='ocrx_word' id='word_1_66' title='bbox 850 1019 961 1084; x_wconf 89' lang='lat' dir='ltr'>ipsa</span> <span class='ocrx_word' id='word_1_67' title='bbox 984 1035 1075 1084; x_wconf 87' lang='lat' dir='ltr'>per</span> <span class='ocrx_word' id='word_1_68' title='bbox 1100 1035 1187 1067; x_wconf 89' lang='lat' dir='ltr'>ora</span> <span class='ocrx_word' id='word_1_69' title='bbox 1211 1026 1363 1067; x_wconf 89' lang='lat' dir='ltr'>rotas.</span> 
     </span>
    </p>
   </div>
   <div class='ocr_carea' id='block_1_4' title="bbox 162 1096 1380 1242">
    <p class='ocr_par' dir='ltr' id='par_1_8' title="bbox 162 1096 1380 1242">
     <span class='ocr_line' id='line_1_13' title="bbox 162 1096 1380 1147; baseline 0.001 -3"><span class='ocrx_word' id='word_1_70' title='bbox 162 1096 317 1145; x_wconf 90' lang='lat' dir='ltr'>Certa</span> <span class='ocrx_word' id='word_1_71' title='bbox 340 1097 467 1146; x_wconf 88' lang='lat' dir='ltr'>fides</span> <span class='ocrx_word' id='word_1_72' title='bbox 494 1097 642 1146; x_wconf 86' lang='lat' dir='ltr'>facti:</span> <span class='ocrx_word' id='word_1_73' title='bbox 686 1098 854 1146; x_wconf 88' lang='lat' dir='ltr'>dictus</span> <span class='ocrx_word' id='word_1_74' title='bbox 885 1097 1175 1147; x_wconf 86' lang='lat' dir='ltr'>Sceleratus</span> <span class='ocrx_word' id='word_1_75' title='bbox 1202 1098 1266 1146; x_wconf 85' lang='lat' dir='ltr'>ab</span> <span class='ocrx_word' id='word_1_76' title='bbox 1292 1097 1380 1146; x_wconf 92' lang='lat' dir='ltr'>illa</span> 
     </span>
     <span class='ocr_line' id='line_1_14' title="bbox 228 1175 1250 1242; baseline 0.002 -19"><span class='ocrx_word' id='word_1_77' title='bbox 228 1175 401 1233; x_wconf 91' lang='lat' dir='ltr'>Vicus,</span> <span class='ocrx_word' id='word_1_78' title='bbox 431 1183 482 1225; x_wconf 91' lang='lat' dir='ltr'>et</span> <span class='ocrx_word' id='word_1_79' title='bbox 506 1185 695 1226; x_wconf 87' lang='lat' dir='ltr'>aeterna</span> <span class='ocrx_word' id='word_1_80' title='bbox 720 1193 800 1225; x_wconf 92' lang='lat' dir='ltr'>res</span> <span class='ocrx_word' id='word_1_81' title='bbox 827 1193 889 1226; x_wconf 87' lang='lat' dir='ltr'>ea</span> <span class='ocrx_word' id='word_1_82' title='bbox 913 1194 1090 1242; x_wconf 86' lang='lat' dir='ltr'>pressa</span> <span class='ocrx_word' id='word_1_83' title='bbox 1113 1183 1250 1225; x_wconf 89' lang='lat' dir='ltr'>nota.</span> 
     </span>
    </p>
   </div>
   <div class='ocr_carea' id='block_1_5' title="bbox 1387 1099 1583 1240">
    <p class='ocr_par' dir='ltr' id='par_1_9' title="bbox 1387 1099 1583 1240">
     <span class='ocr_line' id='line_1_15' title="bbox 1485 1099 1583 1146; baseline 0.02 -2"><span class='ocrx_word' id='word_1_84' title='bbox 1485 1099 1583 1146; x_wconf 85' lang='lat'>609</span> 
     </span>
     <span class='ocr_line' id='line_1_16' title="bbox 1387 1175 1582 1240; baseline 0.005 -17"><span class='ocrx_word' id='word_1_85' title='bbox 1387 1175 1582 1240; x_wconf 87' lang='lat' dir='ltr'>[rentis‚</span> 
     </span>
    </p>
   </div>
   <div class='ocr_carea' id='block_1_6' title="bbox 161 1253 1587 1700">
    <p class='ocr_par' dir='ltr' id='par_1_10' title="bbox 161 1253 1582 1400">
     <span class='ocr_line' id='line_1_17' title="bbox 161 1253 1582 1322; baseline 0 -19"><span class='ocrx_word' id='word_1_86' title='bbox 161 1253 290 1303; x_wconf 88' lang='lat' dir='ltr'>Post</span> <span class='ocrx_word' id='word_1_87' title='bbox 308 1262 478 1304; x_wconf 86' lang='lat' dir='ltr'>tamen</span> <span class='ocrx_word' id='word_1_88' title='bbox 501 1257 596 1305; x_wconf 92' lang='lat' dir='ltr'>hoc</span> <span class='ocrx_word' id='word_1_89' title='bbox 616 1273 740 1306; x_wconf 89' lang='lat' dir='ltr'>ausa</span> <span class='ocrx_word' id='word_1_90' title='bbox 761 1264 840 1306; x_wconf 89' lang='lat' dir='ltr'>est</span> <span class='ocrx_word' id='word_1_91' title='bbox 858 1257 1124 1322; x_wconf 87' lang='lat' dir='ltr'>templum,</span> <span class='ocrx_word' id='word_1_92' title='bbox 1143 1262 1476 1305; x_wconf 86' lang='lat' dir='ltr'>monumenta</span> <span class='ocrx_word' id='word_1_93' title='bbox 1493 1270 1582 1320; x_wconf 88' lang='lat' dir='ltr'>pa-</span> 
     </span>
     <span class='ocr_line' id='line_1_18' title="bbox 230 1333 1582 1400; baseline 0 -19"><span class='ocrx_word' id='word_1_94' title='bbox 230 1333 483 1398; x_wconf 82' lang='lat' dir='ltr'>Tangere:</span> <span class='ocrx_word' id='word_1_95' title='bbox 526 1335 652 1384; x_wconf 86' lang='lat' dir='ltr'>mira</span> <span class='ocrx_word' id='word_1_96' title='bbox 682 1335 908 1400; x_wconf 89' lang='lat' dir='ltr'>quidem,</span> <span class='ocrx_word' id='word_1_97' title='bbox 937 1336 1027 1385; x_wconf 91' lang='lat' dir='ltr'>sed</span> <span class='ocrx_word' id='word_1_98' title='bbox 1054 1343 1224 1385; x_wconf 89' lang='lat' dir='ltr'>tamen</span> <span class='ocrx_word' id='word_1_99' title='bbox 1250 1342 1365 1384; x_wconf 87' lang='lat' dir='ltr'>acta</span> <span class='ocrx_word' id='word_1_100' title='bbox 1387 1335 1582 1398; x_wconf 90' lang='lat' dir='ltr'>loquar.</span> 
     </span>
    </p>

    <p class='ocr_par' dir='ltr' id='par_1_11' title="bbox 165 1411 1545 1560">
     <span class='ocr_line' id='line_1_19' title="bbox 165 1411 1545 1479; baseline 0.002 -20"><span class='ocrx_word' id='word_1_101' title='bbox 165 1411 378 1476; x_wconf 85' lang='lat' dir='ltr'>Signum</span> <span class='ocrx_word' id='word_1_102' title='bbox 405 1422 515 1462; x_wconf 86' lang='lat' dir='ltr'>erat</span> <span class='ocrx_word' id='word_1_103' title='bbox 540 1414 591 1462; x_wconf 93' lang='lat' dir='ltr'>in</span> <span class='ocrx_word' id='word_1_104' title='bbox 616 1414 741 1463; x_wconf 92' lang='lat' dir='ltr'>solio</span> <span class='ocrx_word' id='word_1_105' title='bbox 767 1415 996 1464; x_wconf 90' lang='lat' dir='ltr'>residens</span> <span class='ocrx_word' id='word_1_106' title='bbox 1023 1416 1117 1464; x_wconf 89' lang='lat' dir='ltr'>sub</span> <span class='ocrx_word' id='word_1_107' title='bbox 1142 1415 1361 1479; x_wconf 85' lang='lat' dir='ltr'>imagine</span> <span class='ocrx_word' id='word_1_108' title='bbox 1382 1412 1545 1462; x_wconf 73' lang='lat' dir='ltr'>Tulli:</span> 
     </span>
     <span class='ocr_line' id='line_1_20' title="bbox 230 1490 1313 1560; baseline 0.005 -22"><span class='ocrx_word' id='word_1_109' title='bbox 230 1490 431 1540; x_wconf 88' lang='lat' dir='ltr'>Dicitur</span> <span class='ocrx_word' id='word_1_110' title='bbox 455 1493 551 1541; x_wconf 93' lang='lat' dir='ltr'>hoc</span> <span class='ocrx_word' id='word_1_111' title='bbox 577 1493 739 1541; x_wconf 92' lang='lat' dir='ltr'>oculis</span> <span class='ocrx_word' id='word_1_112' title='bbox 764 1495 1065 1560; x_wconf 90' lang='lat' dir='ltr'>opposuisse</span> <span class='ocrx_word' id='word_1_113' title='bbox 1091 1510 1313 1543; x_wconf 87' lang='lat' dir='ltr'>manum.</span> 
     </span>
    </p>

    <p class='ocr_par' dir='ltr' id='par_1_12' title="bbox 166 1568 1587 1700">
     <span class='ocr_line' id='line_1_21' title="bbox 166 1568 1587 1631; baseline 0.003 -15"><span class='ocrx_word' id='word_1_114' title='bbox 166 1568 234 1617; x_wconf 86' lang='lat' dir='ltr'>Et</span> <span class='ocrx_word' id='word_1_115' title='bbox 252 1586 349 1618; x_wconf 86' lang='lat' dir='ltr'>vox</span> <span class='ocrx_word' id='word_1_116' title='bbox 376 1571 550 1620; x_wconf 87' lang='lat' dir='ltr'>audita</span> <span class='ocrx_word' id='word_1_117' title='bbox 575 1579 680 1630; x_wconf 88' lang='lat' dir='ltr'>est;</span> <span class='ocrx_word' id='word_1_118' title='bbox 711 1572 897 1621; x_wconf 89' lang='lat' dir='ltr'>Vultus</span> <span class='ocrx_word' id='word_1_119' title='bbox 925 1573 1223 1622; x_wconf 87' lang='lat' dir='ltr'>abscondite</span> <span class='ocrx_word' id='word_1_120' title='bbox 1249 1579 1465 1631; x_wconf 89' lang='lat' dir='ltr'>nostros,</span> <span class='ocrx_word' id='word_1_121' title='bbox 1487 1573 1587 1620; x_wconf 91' lang='grc'>615</span> 
     </span>
     <span class='ocr_line' id='line_1_22' title="bbox 233 1648 1226 1700; baseline 0.004 -4"><span class='ocrx_word' id='word_1_122' title='bbox 233 1648 314 1697; x_wconf 93' lang='lat' dir='ltr'>Ne</span> <span class='ocrx_word' id='word_1_123' title='bbox 340 1657 471 1698; x_wconf 85' lang='lat' dir='ltr'>natae</span> <span class='ocrx_word' id='word_1_124' title='bbox 497 1650 704 1698; x_wconf 88' lang='lat' dir='ltr'>videant</span> <span class='ocrx_word' id='word_1_125' title='bbox 728 1667 815 1699; x_wconf 87' lang='lat' dir='ltr'>ora</span> <span class='ocrx_word' id='word_1_126' title='bbox 840 1651 1060 1700; x_wconf 87' lang='lat' dir='ltr'>nefanda</span> <span class='ocrx_word' id='word_1_127' title='bbox 1083 1668 1226 1700; x_wconf 86' lang='lat' dir='ltr'>meae.</span> 
     </span>
    </p>
   </div>
   <div class='ocr_carea' id='block_1_7' title="bbox 161 1801 844 2856">
    <p class='ocr_par' dir='ltr' id='par_1_13' title="bbox 161 1801 841 2137">
     <span class='ocr_line' id='line_1_23' title="bbox 161 1801 837 1842; baseline 0.003 -8"><span class='ocrx_word' id='word_1_128' title='bbox 161 1801 296 1834; x_wconf 85' lang='lat' dir='ltr'>stinctus</span> <span class='ocrx_word' id='word_1_129' title='bbox 312 1803 433 1835; x_wconf 81' lang='lat' dir='ltr'>suriis.&#39;&#39;</span> <span class='ocrx_word' id='word_1_130' title='bbox 480 1806 687 1842; x_wconf 56' lang='lat' dir='ltr'>Adtonitunm</span> <span class='ocrx_word' id='word_1_131' title='bbox 711 1805 837 1836; x_wconf 85' lang='lat' dir='ltr'>Livius:</span> 
     </span>
     <span class='ocr_line' id='line_1_24' title="bbox 163 1853 841 1898; baseline 0 -12"><span class='ocrx_word' id='word_1_132' title='bbox 163 1858 183 1870; x_wconf 85' lang='lat'>“</span> <span class='ocrx_word' id='word_1_133' title='bbox 203 1853 384 1886; x_wconf 84' lang='lat' dir='ltr'>Concursus</span> <span class='ocrx_word' id='word_1_134' title='bbox 405 1854 514 1898; x_wconf 89' lang='lat' dir='ltr'>populi</span> <span class='ocrx_word' id='word_1_135' title='bbox 534 1855 630 1886; x_wconf 79' lang='lat' dir='ltr'>fiebat</span> <span class='ocrx_word' id='word_1_136' title='bbox 652 1856 684 1886; x_wconf 87' lang='lat' dir='ltr'>in</span> <span class='ocrx_word' id='word_1_137' title='bbox 708 1855 841 1893; x_wconf 85' lang='lat' dir='ltr'>curiam,</span> 
     </span>
     <span class='ocr_line' id='line_1_25' title="bbox 164 1905 841 1948; baseline 0.003 -13"><span class='ocrx_word' id='word_1_138' title='bbox 164 1905 401 1947; x_wconf 79' lang='lat' dir='ltr'>apparebatque</span> <span class='ocrx_word' id='word_1_139' title='bbox 443 1912 663 1947; x_wconf 78' lang='lat' dir='ltr'>regnaturum,</span> <span class='ocrx_word' id='word_1_140' title='bbox 701 1905 756 1948; x_wconf 84' lang='lat' dir='ltr'>qui</span> <span class='ocrx_word' id='word_1_141' title='bbox 795 1907 841 1937; x_wconf 81' lang='lat' dir='ltr'>vi-</span> 
     </span>
     <span class='ocr_line' id='line_1_26' title="bbox 164 1955 841 1989; baseline 0.003 -3"><span class='ocrx_word' id='word_1_142' title='bbox 164 1955 291 1986; x_wconf 79' lang='lat' dir='ltr'>cisset.&#39;’</span> <span class='ocrx_word' id='word_1_143' title='bbox 336 1957 438 1988; x_wconf 81' lang='lat' dir='ltr'>Gener</span> <span class='ocrx_word' id='word_1_144' title='bbox 465 1968 582 1988; x_wconf 78' lang='lat' dir='ltr'>socero:</span> <span class='ocrx_word' id='word_1_145' title='bbox 613 1968 685 1988; x_wconf 87' lang='lat' dir='ltr'>cum</span> <span class='ocrx_word' id='word_1_146' title='bbox 712 1956 742 1987; x_wconf 81' lang='lat' dir='ltr'>vi</span> <span class='ocrx_word' id='word_1_147' title='bbox 772 1957 841 1989; x_wconf 87' lang='lat' dir='ltr'>haec</span> 
     </span>
     <span class='ocr_line' id='line_1_27' title="bbox 165 2005 840 2048; baseline 0.003 -12"><span class='ocrx_word' id='word_1_148' title='bbox 165 2005 210 2036; x_wconf 91' lang='lat' dir='ltr'>sic</span> <span class='ocrx_word' id='word_1_149' title='bbox 237 2005 414 2048; x_wconf 83' lang='lat' dir='ltr'>junguntur</span> <span class='ocrx_word' id='word_1_150' title='bbox 437 2008 533 2038; x_wconf 86' lang='lat' dir='ltr'>etiam</span> <span class='ocrx_word' id='word_1_151' title='bbox 560 2018 577 2038; x_wconf 86' lang='lat' dir='ltr'>a</span> <span class='ocrx_word' id='word_1_152' title='bbox 604 2007 706 2044; x_wconf 86' lang='lat' dir='ltr'>Livio,</span> <span class='ocrx_word' id='word_1_153' title='bbox 729 2008 750 2039; x_wconf 90' lang='lat' dir='ltr'>i.</span> <span class='ocrx_word' id='word_1_154' title='bbox 773 2009 814 2039; x_wconf 76' lang='lat'>49</span> <span class='ocrx_word' id='word_1_155' title='bbox 833 2019 840 2038; x_wconf 89' lang='lat'><strong>:</strong></span> 
     </span>
     <span class='ocr_line' id='line_1_28' title="bbox 163 2056 840 2100; baseline 0.003 -14"><span class='ocrx_word' id='word_1_156' title='bbox 163 2060 183 2072; x_wconf 82' lang='lat'>‘¹</span> <span class='ocrx_word' id='word_1_157' title='bbox 209 2056 360 2086; x_wconf 87' lang='lat' dir='ltr'>Socerum</span> <span class='ocrx_word' id='word_1_158' title='bbox 401 2067 497 2098; x_wconf 84' lang='lat' dir='ltr'>gener</span> <span class='ocrx_word' id='word_1_159' title='bbox 534 2058 698 2100; x_wconf 86' lang='lat' dir='ltr'>sepultura</span> <span class='ocrx_word' id='word_1_160' title='bbox 734 2057 840 2100; x_wconf 87' lang='lat' dir='ltr'>prohi-</span> 
     </span>
     <span class='ocr_line' id='line_1_29' title="bbox 164 2105 267 2137; baseline 0 -1"><span class='ocrx_word' id='word_1_161' title='bbox 164 2105 267 2137; x_wconf 87' lang='lat' dir='ltr'>buit.’&#39;</span> 
     </span>
    </p>

    <p class='ocr_par' dir='ltr' id='par_1_14' title="bbox 165 2155 844 2803">
     <span class='ocr_line' id='line_1_30' title="bbox 209 2155 840 2193; baseline 0.005 -7"><span class='ocrx_word' id='word_1_162' title='bbox 209 2156 284 2186; x_wconf 84' lang='lat'>601.</span> <span class='ocrx_word' id='word_1_163' title='bbox 301 2155 484 2188; x_wconf 80' lang='lat' dir='ltr'>Secundum</span> <span class='ocrx_word' id='word_1_164' title='bbox 500 2155 636 2193; x_wconf 89' lang='lat' dir='ltr'>Livium,</span> <span class='ocrx_word' id='word_1_165' title='bbox 655 2156 677 2188; x_wconf 88' lang='lat' dir='ltr'>i.</span> <span class='ocrx_word' id='word_1_166' title='bbox 695 2159 748 2188; x_wconf 82' lang='lat'>48.</span> <span class='ocrx_word' id='word_1_167' title='bbox 764 2158 840 2189; x_wconf 83' lang='lat' dir='ltr'>Tul-</span> 
     </span>
     <span class='ocr_line' id='line_1_31' title="bbox 165 2205 842 2250; baseline 0.004 -13"><span class='ocrx_word' id='word_1_168' title='bbox 165 2205 211 2238; x_wconf 87' lang='lat' dir='ltr'>lia</span> <span class='ocrx_word' id='word_1_169' title='bbox 232 2217 251 2237; x_wconf 86' lang='lat' dir='ltr'>a</span> <span class='ocrx_word' id='word_1_170' title='bbox 274 2206 362 2238; x_wconf 85' lang='lat' dir='ltr'>curia</span> <span class='ocrx_word' id='word_1_171' title='bbox 384 2206 417 2238; x_wconf 91' lang='lat' dir='ltr'>in</span> <span class='ocrx_word' id='word_1_172' title='bbox 433 2208 548 2239; x_wconf 88' lang='lat' dir='ltr'>collem</span> <span class='ocrx_word' id='word_1_173' title='bbox 565 2207 793 2250; x_wconf 89' lang='lat' dir='ltr'>Esquiliarium</span> <span class='ocrx_word' id='word_1_174' title='bbox 810 2219 842 2240; x_wconf 89' lang='lat' dir='ltr'>se</span> 
     </span>
     <span class='ocr_line' id='line_1_32' title="bbox 165 2257 842 2302; baseline 0.003 -14"><span class='ocrx_word' id='word_1_175' title='bbox 165 2257 334 2300; x_wconf 86' lang='lat' dir='ltr'>recipiens,</span> <span class='ocrx_word' id='word_1_176' title='bbox 360 2258 505 2300; x_wconf 83' lang='lat' dir='ltr'>pervenit</span> <span class='ocrx_word' id='word_1_177' title='bbox 531 2258 572 2289; x_wconf 89' lang='lat' dir='ltr'>ad</span> <span class='ocrx_word' id='word_1_178' title='bbox 592 2270 749 2290; x_wconf 88' lang='lat' dir='ltr'>summurn</span> <span class='ocrx_word' id='word_1_179' title='bbox 778 2259 842 2302; x_wconf 89' lang='lat' dir='ltr'>Cy-</span> 
     </span>
     <span class='ocr_line' id='line_1_33' title="bbox 166 2307 844 2352; baseline 0.006 -14"><span class='ocrx_word' id='word_1_180' title='bbox 166 2307 270 2350; x_wconf 88' lang='lat' dir='ltr'>prium</span> <span class='ocrx_word' id='word_1_181' title='bbox 295 2308 419 2340; x_wconf 87' lang='lat' dir='ltr'>vicum:</span> <span class='ocrx_word' id='word_1_182' title='bbox 445 2308 489 2340; x_wconf 90' lang='lat' dir='ltr'>ibi</span> <span class='ocrx_word' id='word_1_183' title='bbox 515 2320 614 2351; x_wconf 89' lang='lat' dir='ltr'>quum</span> <span class='ocrx_word' id='word_1_184' title='bbox 640 2310 751 2352; x_wconf 85' lang='lat' dir='ltr'>auriga</span> <span class='ocrx_word' id='word_1_185' title='bbox 774 2320 844 2341; x_wconf 86' lang='lat' dir='ltr'>car-</span> 
     </span>
     <span class='ocr_line' id='line_1_34' title="bbox 167 2358 843 2400; baseline 0.004 -12"><span class='ocrx_word' id='word_1_186' title='bbox 167 2364 300 2400; x_wconf 82' lang='lat' dir='ltr'>pentum</span> <span class='ocrx_word' id='word_1_187' title='bbox 336 2358 448 2391; x_wconf 80' lang='lat' dir='ltr'>dextra</span> <span class='ocrx_word' id='word_1_188' title='bbox 487 2359 519 2391; x_wconf 91' lang='lat' dir='ltr'>in</span> <span class='ocrx_word' id='word_1_189' title='bbox 550 2361 686 2392; x_wconf 88' lang='lat' dir='ltr'>Urbium</span> <span class='ocrx_word' id='word_1_190' title='bbox 725 2361 843 2393; x_wconf 89' lang='lat' dir='ltr'>clivum</span> 
     </span>
     <span class='ocr_line' id='line_1_35' title="bbox 169 2408 843 2453; baseline 0.004 -14"><span class='ocrx_word' id='word_1_191' title='bbox 169 2408 324 2445; x_wconf 75' lang='lat' dir='ltr'>flecteret,</span> <span class='ocrx_word' id='word_1_192' title='bbox 341 2419 448 2451; x_wconf 88' lang='lat' dir='ltr'>regem</span> <span class='ocrx_word' id='word_1_193' title='bbox 468 2410 659 2442; x_wconf 84' lang='lat' dir='ltr'>trucidatum</span> <span class='ocrx_word' id='word_1_194' title='bbox 682 2410 713 2441; x_wconf 90' lang='lat' dir='ltr'>in</span> <span class='ocrx_word' id='word_1_195' title='bbox 731 2410 843 2453; x_wconf 84' lang='lat' dir='ltr'>viaja-</span> 
     </span>
     <span class='ocr_line' id='line_1_36' title="bbox 169 2458 844 2502; baseline 0.006 -14"><span class='ocrx_word' id='word_1_196' title='bbox 169 2463 294 2489; x_wconf 85' lang='lat' dir='ltr'>centem</span> <span class='ocrx_word' id='word_1_197' title='bbox 320 2458 410 2490; x_wconf 80' lang='lat' dir='ltr'>vidit.</span> <span class='ocrx_word' id='word_1_198' title='bbox 456 2460 496 2491; x_wconf 89' lang='lat' dir='ltr'>In</span> <span class='ocrx_word' id='word_1_199' title='bbox 524 2461 670 2502; x_wconf 79' lang='lat' dir='ltr'>Esquiliis</span> <span class='ocrx_word' id='word_1_200' title='bbox 699 2461 844 2492; x_wconf 86' lang='lat' dir='ltr'>Servium</span> 
     </span>
     <span class='ocr_line' id='line_1_37' title="bbox 169 2508 843 2554; baseline 0.004 -15"><span class='ocrx_word' id='word_1_201' title='bbox 169 2508 342 2546; x_wconf 84' lang='lat' dir='ltr'>habitasse,</span> <span class='ocrx_word' id='word_1_202' title='bbox 363 2509 457 2541; x_wconf 86' lang='lat' dir='ltr'>etiam</span> <span class='ocrx_word' id='word_1_203' title='bbox 484 2521 523 2541; x_wconf 86' lang='lat' dir='ltr'>ex</span> <span class='ocrx_word' id='word_1_204' title='bbox 548 2511 647 2542; x_wconf 89' lang='lat' dir='ltr'>Solini</span> <span class='ocrx_word' id='word_1_205' title='bbox 670 2511 786 2554; x_wconf 88' lang='lat' dir='ltr'>Polyh.</span> <span class='ocrx_word' id='word_1_206' title='bbox 809 2511 843 2543; x_wconf 87' lang='lat' dir='ltr'>ii.</span> 
     </span>
     <span class='ocr_line' id='line_1_38' title="bbox 169 2560 842 2594; baseline 0.004 -3"><span class='ocrx_word' id='word_1_207' title='bbox 169 2565 307 2592; x_wconf 84' lang='lat' dir='ltr'>constat.</span> <span class='ocrx_word' id='word_1_208' title='bbox 352 2560 397 2592; x_wconf 85' lang='grc' dir='ltr'>Τὸ</span> <span class='ocrx_word' id='word_1_209' title='bbox 424 2562 488 2591; x_wconf 85' lang='lat' dir='ltr'>alta</span> <span class='ocrx_word' id='word_1_210' title='bbox 515 2572 578 2593; x_wconf 91' lang='lat' dir='ltr'>non</span> <span class='ocrx_word' id='word_1_211' title='bbox 610 2562 771 2594; x_wconf 82' lang='lat' dir='ltr'>retulerim</span> <span class='ocrx_word' id='word_1_212' title='bbox 801 2562 842 2594; x_wconf 86' lang='lat' dir='ltr'>ad</span> 
     </span>
     <span class='ocr_line' id='line_1_39' title="bbox 169 2612 842 2654; baseline 0.004 -13"><span class='ocrx_word' id='word_1_213' title='bbox 169 2615 368 2653; x_wconf 87' lang='lat' dir='ltr'>carpentum,</span> <span class='ocrx_word' id='word_1_214' title='bbox 398 2622 461 2654; x_wconf 93' lang='lat' dir='ltr'>quo</span> <span class='ocrx_word' id='word_1_215' title='bbox 491 2612 678 2650; x_wconf 84' lang='lat' dir='ltr'>vehebatur,</span> <span class='ocrx_word' id='word_1_216' title='bbox 708 2613 764 2644; x_wconf 86' lang='lat' dir='ltr'>sed</span> <span class='ocrx_word' id='word_1_217' title='bbox 802 2613 842 2644; x_wconf 86' lang='lat' dir='ltr'>ad</span> 
     </span>
     <span class='ocr_line' id='line_1_40' title="bbox 171 2661 841 2702; baseline 0.004 -11"><span class='ocrx_word' id='word_1_218' title='bbox 171 2661 354 2702; x_wconf 85' lang='lat' dir='ltr'>superbiam</span> <span class='ocrx_word' id='word_1_219' title='bbox 380 2661 502 2700; x_wconf 82' lang='lat' dir='ltr'>animi3</span> <span class='ocrx_word' id='word_1_220' title='bbox 526 2663 664 2693; x_wconf 82' lang='lat' dir='ltr'>Metam.</span> <span class='ocrx_word' id='word_1_221' title='bbox 695 2662 738 2694; x_wconf 90' lang='lat' dir='ltr'>vi.</span> <span class='ocrx_word' id='word_1_222' title='bbox 766 2664 841 2694; x_wconf 84' lang='lat'>169.</span> 
     </span>
     <span class='ocr_line' id='line_1_41' title="bbox 171 2710 842 2753; baseline 0.003 -12"><span class='ocrx_word' id='word_1_223' title='bbox 171 2710 276 2742; x_wconf 79' lang='lat' dir='ltr'>Niobe</span> <span class='ocrx_word' id='word_1_224' title='bbox 291 2710 426 2753; x_wconf 85' lang='lat' dir='ltr'>pedibus</span> <span class='ocrx_word' id='word_1_225' title='bbox 441 2711 605 2749; x_wconf 86' lang='lat' dir='ltr'>incedens,</span> <span class='ocrx_word' id='word_1_226' title='bbox 623 2719 657 2744; x_wconf 80' lang='lat' dir='ltr'>nt</span> <span class='ocrx_word' id='word_1_227' title='bbox 673 2714 772 2744; x_wconf 79' lang='lat' dir='ltr'>oculos</span> <span class='ocrx_word' id='word_1_228' title='bbox 782 2716 842 2745; x_wconf 72' lang='lat' dir='ltr'>cir-</span> 
     </span>
     <span class='ocr_line' id='line_1_42' title="bbox 172 2763 566 2803; baseline 0.005 -11"><span class='ocrx_word' id='word_1_229' title='bbox 172 2763 317 2793; x_wconf 77' lang='lat' dir='ltr'>cumtulit</span> <span class='ocrx_word' id='word_1_230' title='bbox 332 2763 398 2793; x_wconf 83' lang='lat' dir='ltr'>alta</span> <span class='ocrx_word' id='word_1_231' title='bbox 413 2764 566 2803; x_wconf 81' lang='lat' dir='ltr'>superbos.</span> 
     </span>
    </p>

    <p class='ocr_par' dir='ltr' id='par_1_15' title="bbox 217 2811 842 2856">
     <span class='ocr_line' id='line_1_43' title="bbox 217 2811 842 2856; baseline 0.006 -15"><span class='ocrx_word' id='word_1_232' title='bbox 217 2812 290 2843; x_wconf 85' lang='lat'>605.</span> <span class='ocrx_word' id='word_1_233' title='bbox 310 2811 433 2855; x_wconf 86' lang='lat' dir='ltr'>Auriga</span> <span class='ocrx_word' id='word_1_234' title='bbox 452 2812 503 2845; x_wconf 88' lang='lat' dir='ltr'>hic</span> <span class='ocrx_word' id='word_1_235' title='bbox 535 2815 683 2855; x_wconf 74' lang='lat' dir='ltr'>lacrymas</span> <span class='ocrx_word' id='word_1_236' title='bbox 711 2814 842 2856; x_wconf 71' lang='lat' dir='ltr'>prqsun-</span> 
     </span>
    </p>
   </div>
   <div class='ocr_carea' id='block_1_8' title="bbox 909 1803 1589 2752">
    <p class='ocr_par' dir='ltr' id='par_1_16' title="bbox 909 1803 1589 2752">
     <span class='ocr_line' id='line_1_44' title="bbox 909 1803 1588 1845; baseline -0.001 -9"><span class='ocrx_word' id='word_1_237' title='bbox 909 1808 976 1844; x_wconf 79' lang='lat' dir='ltr'>‹lit5</span> <span class='ocrx_word' id='word_1_238' title='bbox 1001 1816 1019 1838; x_wconf 84' lang='lat' dir='ltr'>a</span> <span class='ocrx_word' id='word_1_239' title='bbox 1040 1806 1111 1837; x_wconf 90' lang='lat' dir='ltr'>Liv.</span> <span class='ocrx_word' id='word_1_240' title='bbox 1126 1805 1238 1837; x_wconf 89' lang='lat' dir='ltr'>melius</span> <span class='ocrx_word' id='word_1_241' title='bbox 1259 1806 1391 1845; x_wconf 71' lang='lat' dir='ltr'>pavidus</span> <span class='ocrx_word' id='word_1_242' title='bbox 1413 1803 1588 1836; x_wconf 74' lang='lat' dir='ltr'>inducitur.</span> 
     </span>
     <span class='ocr_line' id='line_1_45' title="bbox 910 1854 1588 1898; baseline 0 -11"><span class='ocrx_word' id='word_1_243' title='bbox 910 1857 1069 1893; x_wconf 69' lang='lat' dir='ltr'>Amorum,</span> <span class='ocrx_word' id='word_1_244' title='bbox 1086 1866 1200 1898; x_wconf 82' lang='lat' dir='ltr'>grave:</span> <span class='ocrx_word' id='word_1_245' title='bbox 1227 1855 1313 1898; x_wconf 88' lang='lat' dir='ltr'>apud</span> <span class='ocrx_word' id='word_1_246' title='bbox 1329 1854 1466 1897; x_wconf 78' lang='lat' dir='ltr'>Dionys.</span> <span class='ocrx_word' id='word_1_247' title='bbox 1479 1854 1588 1887; x_wconf 76' lang='lat' dir='ltr'>Tullia</span> 
     </span>
     <span class='ocr_line' id='line_1_46' title="bbox 910 1898 1587 1948; baseline -0.001 -10"><span class='ocrx_word' id='word_1_248' title='bbox 910 1907 1027 1948; x_wconf 82' lang='lat' dir='ltr'>aurigae</span> <span class='ocrx_word' id='word_1_249' title='bbox 1059 1898 1238 1948; x_wconf 79' lang='lat' dir='ltr'>correptum</span> <span class='ocrx_word' id='word_1_250' title='bbox 1265 1905 1382 1948; x_wconf 88' lang='lat' dir='ltr'>pedum</span> <span class='ocrx_word' id='word_1_251' title='bbox 1409 1905 1587 1937; x_wconf 81' lang='lat' dir='ltr'>scabellum</span> 
     </span>
     <span class='ocr_line' id='line_1_47' title="bbox 909 1955 1587 1999; baseline -0.001 -11"><span class='ocrx_word' id='word_1_252' title='bbox 909 1957 1035 1999; x_wconf 81' lang='lat' dir='ltr'>infligit.</span> <span class='ocrx_word' id='word_1_253' title='bbox 1074 1957 1153 1988; x_wconf 81' lang='lat' dir='ltr'>Laeti</span> <span class='ocrx_word' id='word_1_254' title='bbox 1173 1955 1244 1987; x_wconf 91' lang='lat' dir='ltr'>cod.</span> <span class='ocrx_word' id='word_1_255' title='bbox 1260 1956 1357 1987; x_wconf 84' lang='lat' dir='ltr'>habet</span> <span class='ocrx_word' id='word_1_256' title='bbox 1371 1967 1495 1992; x_wconf 73' lang='grc' dir='ltr'>ωηατ-ιε,</span> <span class='ocrx_word' id='word_1_257' title='bbox 1513 1965 1587 1998; x_wconf 77' lang='lat' dir='ltr'>quae</span> 
     </span>
     <span class='ocr_line' id='line_1_48' title="bbox 910 2006 1587 2049; baseline -0.003 -10"><span class='ocrx_word' id='word_1_258' title='bbox 910 2007 988 2039; x_wconf 90' lang='lat' dir='ltr'>mihi</span> <span class='ocrx_word' id='word_1_259' title='bbox 1004 2018 1124 2043; x_wconf 82' lang='lat' dir='ltr'>amara,</span> <span class='ocrx_word' id='word_1_260' title='bbox 1141 2007 1274 2038; x_wconf 87' lang='lat' dir='ltr'>molesta</span> <span class='ocrx_word' id='word_1_261' title='bbox 1289 2012 1354 2038; x_wconf 81' lang='lat' dir='ltr'>est:</span> <span class='ocrx_word' id='word_1_262' title='bbox 1379 2006 1510 2049; x_wconf 88' lang='lat' dir='ltr'>quidam</span> <span class='ocrx_word' id='word_1_263' title='bbox 1525 2008 1587 2037; x_wconf 87' lang='lat' dir='ltr'>im&#39;·</span> 
     </span>
     <span class='ocr_line' id='line_1_49' title="bbox 910 2055 1586 2099; baseline -0.003 -10"><span class='ocrx_word' id='word_1_264' title='bbox 910 2070 1014 2099; x_wconf 79' lang='lat' dir='ltr'>quum.</span> <span class='ocrx_word' id='word_1_265' title='bbox 1061 2057 1151 2088; x_wconf 82' lang='lat' dir='ltr'>Fides</span> <span class='ocrx_word' id='word_1_266' title='bbox 1169 2062 1273 2099; x_wconf 84' lang='lat' dir='ltr'>potest</span> <span class='ocrx_word' id='word_1_267' title='bbox 1296 2062 1518 2098; x_wconf 84' lang='lat' dir='ltr'>argumentum</span> <span class='ocrx_word' id='word_1_268' title='bbox 1537 2055 1586 2088; x_wconf 87' lang='lat' dir='ltr'>in-</span> 
     </span>
     <span class='ocr_line' id='line_1_50' title="bbox 909 2106 1589 2150; baseline -0.001 -11"><span class='ocrx_word' id='word_1_269' title='bbox 909 2107 1021 2150; x_wconf 82' lang='lat' dir='ltr'>telligi,</span> <span class='ocrx_word' id='word_1_270' title='bbox 1033 2118 1096 2149; x_wconf 90' lang='lat' dir='ltr'>quo</span> <span class='ocrx_word' id='word_1_271' title='bbox 1105 2108 1306 2139; x_wconf 83' lang='lat' dir='ltr'>confirmatur</span> <span class='ocrx_word' id='word_1_272' title='bbox 1316 2106 1436 2149; x_wconf 87' lang='lat' dir='ltr'>aliquid</span> <span class='ocrx_word' id='word_1_273' title='bbox 1448 2119 1457 2146; x_wconf 70' lang='grc' dir='ltr'><strong><em>ς</em></strong></span> <span class='ocrx_word' id='word_1_274' title='bbox 1468 2106 1589 2144; x_wconf 89' lang='lat' dir='ltr'>Livius,</span> 
     </span>
     <span class='ocr_line' id='line_1_51' title="bbox 910 2157 1588 2200; baseline 0.001 -11"><span class='ocrx_word' id='word_1_275' title='bbox 910 2165 1159 2200; x_wconf 81' lang='lat' dir='ltr'>monumentoque</span> <span class='ocrx_word' id='word_1_276' title='bbox 1191 2160 1273 2189; x_wconf 77' lang='lat' dir='ltr'>locus</span> <span class='ocrx_word' id='word_1_277' title='bbox 1302 2164 1368 2196; x_wconf 81' lang='lat' dir='ltr'>est;</span> <span class='ocrx_word' id='word_1_278' title='bbox 1399 2157 1588 2190; x_wconf 77' lang='lat' dir='ltr'>Sceleratum</span> 
     </span>
     <span class='ocr_line' id='line_1_52' title="bbox 910 2207 1589 2251; baseline 0 -11"><span class='ocrx_word' id='word_1_279' title='bbox 910 2211 1008 2240; x_wconf 80' lang='lat' dir='ltr'>vicum</span> <span class='ocrx_word' id='word_1_280' title='bbox 1040 2216 1161 2240; x_wconf 76' lang='lat' dir='ltr'>vocant.</span> <span class='ocrx_word' id='word_1_281' title='bbox 1206 2207 1343 2251; x_wconf 88' lang='lat' dir='ltr'>Dionys.</span> <span class='ocrx_word' id='word_1_282' title='bbox 1369 2214 1508 2246; x_wconf 84' lang='lat' dir='ltr'>auctore,</span> <span class='ocrx_word' id='word_1_283' title='bbox 1533 2209 1589 2241; x_wconf 90' lang='lat' dir='ltr'>ille</span> 
     </span>
     <span class='ocr_line' id='line_1_53' title="bbox 911 2259 1589 2302; baseline 0.001 -11"><span class='ocrx_word' id='word_1_284' title='bbox 911 2259 1013 2295; x_wconf 80' lang='lat' dir='ltr'>vicus,</span> <span class='ocrx_word' id='word_1_285' title='bbox 1024 2270 1122 2302; x_wconf 89' lang='lat' dir='ltr'>quum</span> <span class='ocrx_word' id='word_1_286' title='bbox 1132 2265 1226 2290; x_wconf 82' lang='lat' dir='ltr'>antea</span> <span class='ocrx_word' id='word_1_287' title='bbox 1239 2259 1350 2291; x_wconf 74' lang='lat' dir='ltr'>Orbius</span> <span class='ocrx_word' id='word_1_288' title='bbox 1359 2260 1443 2302; x_wconf 85' lang='lat' dir='ltr'>(sive</span> <span class='ocrx_word' id='word_1_289' title='bbox 1456 2259 1589 2302; x_wconf 83' lang='lat' dir='ltr'>Urbius)</span> 
     </span>
     <span class='ocr_line' id='line_1_54' title="bbox 913 2309 1587 2354; baseline 0.001 -13"><span class='ocrx_word' id='word_1_290' title='bbox 913 2309 1135 2352; x_wconf 83' lang='lat' dir='ltr'>appellaretur,</span> <span class='ocrx_word' id='word_1_291' title='bbox 1151 2309 1305 2341; x_wconf 82' lang='lat' dir='ltr'>Scelerati</span> <span class='ocrx_word' id='word_1_292' title='bbox 1321 2320 1435 2342; x_wconf 89' lang='lat' dir='ltr'>nomen</span> <span class='ocrx_word' id='word_1_293' title='bbox 1451 2310 1587 2354; x_wconf 83' lang='lat' dir='ltr'>accepit.</span> 
     </span>
     <span class='ocr_line' id='line_1_55' title="bbox 914 2360 1588 2393; baseline 0.001 -1"><span class='ocrx_word' id='word_1_294' title='bbox 914 2362 1045 2392; x_wconf 81' lang='lat' dir='ltr'>AEterna</span> <span class='ocrx_word' id='word_1_295' title='bbox 1063 2368 1144 2392; x_wconf 82' lang='lat' dir='ltr'>nota.</span> <span class='ocrx_word' id='word_1_296' title='bbox 1189 2361 1306 2392; x_wconf 88' lang='lat' dir='ltr'>Putem</span> <span class='ocrx_word' id='word_1_297' title='bbox 1327 2366 1429 2392; x_wconf 78' lang='lat' dir='ltr'>notam</span> <span class='ocrx_word' id='word_1_298' title='bbox 1444 2360 1496 2392; x_wconf 87' lang='lat' dir='ltr'>hic</span> <span class='ocrx_word' id='word_1_299' title='bbox 1517 2371 1588 2393; x_wconf 84' lang='lat' dir='ltr'>esse</span> 
     </span>
     <span class='ocr_line' id='line_1_56' title="bbox 913 2411 1585 2454; baseline 0 -12"><span class='ocrx_word' id='word_1_300' title='bbox 913 2411 1134 2454; x_wconf 87' lang='lat' dir='ltr'>ignominiam,</span> <span class='ocrx_word' id='word_1_301' title='bbox 1156 2417 1212 2443; x_wconf 85' lang='lat' dir='ltr'>aut</span> <span class='ocrx_word' id='word_1_302' title='bbox 1246 2422 1362 2443; x_wconf 88' lang='lat' dir='ltr'>nomen</span> <span class='ocrx_word' id='word_1_303' title='bbox 1394 2411 1585 2454; x_wconf 83' lang='lat' dir='ltr'>ignominio-</span> 
     </span>
     <span class='ocr_line' id='line_1_57' title="bbox 914 2461 1589 2504; baseline 0.001 -12"><span class='ocrx_word' id='word_1_304' title='bbox 914 2472 1007 2500; x_wconf 88' lang='lat' dir='ltr'>sum;</span> <span class='ocrx_word' id='word_1_305' title='bbox 1048 2461 1168 2498; x_wconf 89' lang='lat' dir='ltr'>Livius,</span> <span class='ocrx_word' id='word_1_306' title='bbox 1197 2461 1240 2493; x_wconf 91' lang='lat' dir='ltr'>iv.</span> <span class='ocrx_word' id='word_1_307' title='bbox 1269 2463 1330 2493; x_wconf 82' lang='lat'>292</span> <span class='ocrx_word' id='word_1_308' title='bbox 1370 2466 1391 2479; x_wconf 90' lang='lat'><em>“</em></span> <span class='ocrx_word' id='word_1_309' title='bbox 1413 2461 1589 2504; x_wconf 87' lang='lat' dir='ltr'>Imperioso</span> 
     </span>
     <span class='ocr_line' id='line_1_58' title="bbox 913 2511 1588 2554; baseline 0.001 -12"><span class='ocrx_word' id='word_1_310' title='bbox 913 2512 1038 2543; x_wconf 85' lang='lat' dir='ltr'>Manlio</span> <span class='ocrx_word' id='word_1_311' title='bbox 1068 2522 1243 2554; x_wconf 85' lang='lat' dir='ltr'>cognomen</span> <span class='ocrx_word' id='word_1_312' title='bbox 1272 2511 1434 2550; x_wconf 87' lang='lat' dir='ltr'>inditum;</span> <span class='ocrx_word' id='word_1_313' title='bbox 1473 2512 1588 2543; x_wconf 78' lang='lat' dir='ltr'>Postu-</span> 
     </span>
     <span class='ocr_line' id='line_1_59' title="bbox 914 2561 1586 2604; baseline 0.003 -12"><span class='ocrx_word' id='word_1_314' title='bbox 914 2563 995 2594; x_wconf 89' lang='lat' dir='ltr'>mius</span> <span class='ocrx_word' id='word_1_315' title='bbox 1010 2563 1099 2594; x_wconf 87' lang='lat' dir='ltr'>nulla</span> <span class='ocrx_word' id='word_1_316' title='bbox 1116 2562 1197 2594; x_wconf 88' lang='lat' dir='ltr'>tristi</span> <span class='ocrx_word' id='word_1_317' title='bbox 1211 2569 1286 2594; x_wconf 87' lang='lat' dir='ltr'>nota</span> <span class='ocrx_word' id='word_1_318' title='bbox 1307 2568 1355 2594; x_wconf 83' lang='lat' dir='ltr'>est</span> <span class='ocrx_word' id='word_1_319' title='bbox 1369 2561 1539 2604; x_wconf 88' lang='lat' dir='ltr'>insignitus</span> <span class='ocrx_word' id='word_1_320' title='bbox 1551 2561 1586 2601; x_wconf 85' lang='lat'>;‘’</span> 
     </span>
     <span class='ocr_line' id='line_1_60' title="bbox 913 2611 1588 2655; baseline 0.001 -13"><span class='ocrx_word' id='word_1_321' title='bbox 913 2611 997 2643; x_wconf 91' lang='lat' dir='ltr'>idem</span> <span class='ocrx_word' id='word_1_322' title='bbox 1018 2612 1106 2645; x_wconf 83' lang='lat' dir='ltr'>xxxi.</span> <span class='ocrx_word' id='word_1_323' title='bbox 1128 2613 1182 2645; x_wconf 88' lang='lat'>44.</span> <span class='ocrx_word' id='word_1_324' title='bbox 1206 2619 1307 2645; x_wconf 80' lang='lat' dir='ltr'>notam</span> <span class='ocrx_word' id='word_1_325' title='bbox 1329 2613 1588 2655; x_wconf 75' lang='lat' dir='ltr'>ignominiamque</span> 
     </span>
     <span class='ocr_line' id='line_1_61' title="bbox 912 2663 1586 2706; baseline 0 -12"><span class='ocrx_word' id='word_1_326' title='bbox 912 2663 1087 2705; x_wconf 81' lang='lat' dir='ltr'>conjungit.</span> <span class='ocrx_word' id='word_1_327' title='bbox 1111 2663 1287 2706; x_wconf 83' lang='lat' dir='ltr'>Ignominia</span> <span class='ocrx_word' id='word_1_328' title='bbox 1302 2669 1420 2700; x_wconf 87' lang='lat' dir='ltr'>autem,</span> <span class='ocrx_word' id='word_1_329' title='bbox 1433 2667 1469 2694; x_wconf 86' lang='lat' dir='ltr'>ut</span> <span class='ocrx_word' id='word_1_330' title='bbox 1481 2663 1586 2702; x_wconf 82' lang='lat' dir='ltr'>culpa,</span> 
     </span>
     <span class='ocr_line' id='line_1_62' title="bbox 911 2713 1586 2752; baseline -0.003 -8"><span class='ocrx_word' id='word_1_331' title='bbox 911 2719 997 2745; x_wconf 80' lang='lat' dir='ltr'>recte</span> <span class='ocrx_word' id='word_1_332' title='bbox 1021 2713 1138 2745; x_wconf 86' lang='lat' dir='ltr'>dicitur</span> <span class='ocrx_word' id='word_1_333' title='bbox 1163 2714 1321 2746; x_wconf 90' lang='lat' dir='ltr'>hominem</span> <span class='ocrx_word' id='word_1_334' title='bbox 1346 2718 1401 2744; x_wconf 90' lang='lat' dir='ltr'>aut</span> <span class='ocrx_word' id='word_1_335' title='bbox 1426 2723 1491 2744; x_wconf 87' lang='lat' dir='ltr'>rem</span> <span class='ocrx_word' id='word_1_336' title='bbox 1517 2723 1586 2752; x_wconf 85' lang='lat' dir='ltr'>pre-</span> 
     </span>
    </p>
   </div>
   <div class='ocr_carea' id='block_1_9' title="bbox 912 2763 1586 2847">
    <p class='ocr_par' dir='ltr' id='par_1_17' title="bbox 912 2763 1586 2847">
     <span class='ocr_line' id='line_1_63' title="bbox 912 2763 1586 2808; baseline 0.001 -15"><span class='ocrx_word' id='word_1_337' title='bbox 912 2775 1001 2795; x_wconf 82' lang='lat' dir='ltr'>mere.</span> <span class='ocrx_word' id='word_1_338' title='bbox 1053 2765 1105 2796; x_wconf 91' lang='lat' dir='ltr'>De</span> <span class='ocrx_word' id='word_1_339' title='bbox 1140 2764 1327 2808; x_wconf 82' lang='lat' dir='ltr'>cognomine</span> <span class='ocrx_word' id='word_1_340' title='bbox 1360 2770 1432 2795; x_wconf 71' lang='lat' dir='ltr'>nota</span> <span class='ocrx_word' id='word_1_341' title='bbox 1468 2763 1586 2804; x_wconf 81' lang='lat' dir='ltr'>legitur</span> 
     </span>
     <span class='ocr_line' id='line_1_64' title="bbox 912 2813 1132 2847; baseline 0.009 -3"><span class='ocrx_word' id='word_1_342' title='bbox 912 2813 1008 2845; x_wconf 80' lang='lat' dir='ltr'>etiam</span> <span class='ocrx_word' id='word_1_343' title='bbox 1023 2813 1044 2845; x_wconf 92' lang='lat' dir='ltr'>i.</span> <span class='ocrx_word' id='word_1_344' title='bbox 1059 2815 1132 2847; x_wconf 87' lang='lat'>596.</span> 
     </span>
    </p>
   </div>
  </div>
 </body>
</html>
