1830 3220
576 167 648 208 IN
683 167 899 209 OVIDII
934 167 1092 210 IBIN.
1452 166 1538 209 527

128 293 231 333 ceps
260 280 402 330 datus,
424 282 650 323 confractis
677 283 878 324 membris
907 284 1134 338 expiravit.
1197 283 1415 324 Caeterum
1439 281 1538 323 Cal-

125 347 330 390 limachus
351 349 627 405 Apollonium
650 352 785 393 Ibidis
817 353 1002 400 nomine,
1027 367 1124 407 quae
1158 358 1224 393 est
1256 353 1348 394 avis
1369 352 1536 407 AEgyp-

125 417 197 465 tia,
238 424 383 460 notum
417 435 512 461 esse
547 421 694 469 voluit,
725 436 806 462 non
841 428 1017 476 propter
1049 421 1142 476 ejus
1176 422 1437 476 spurcitiam,
1469 421 1540 462 cui

124 486 247 526 rostri
272 488 520 529 aduncitate
549 504 627 544 per
649 504 741 530 eam
766 504 811 530 se
833 496 998 544 partem
1026 491 1225 544 proluere
1254 491 1427 531 insitum
1457 495 1538 539 est,

126 567 211 607 qua
232 555 471 597 redduntur
493 558 683 598 ciborum
706 572 849 605 onera,
874 565 922 598 ut
945 557 1212 599 Minutianus
1235 559 1541 613 grammaticus

125 623 240 675 apud
274 622 463 665 Coelium
496 625 806 681 Rhodiginum‚
831 624 982 680 Antiq.
1008 626 1203 667 Lection.
1224 626 1296 668 lib.
1326 627 1415 668 xiii.
1443 643 1538 683 cap.

127 689 178 738 1;
210 690 422 741 Alciatus,
448 693 719 735 Emblemate
748 693 829 741 863
863 694 1078 742 zai-ottus,
1103 700 1146 735 et
1175 695 1371 750 plerique
1401 711 1540 751 gram-

128 759 378 802 maticorum
399 761 673 810 existimant3
705 777 784 803 nec
802 762 945 810 etiam,
965 763 1080 816 quod
1104 763 1270 804 libellus
1290 763 1540 806 Callimachi

129 826 230 867 diris
267 835 312 868 et
353 831 719 871 exsecrationibus
755 837 871 871 esset
906 831 1105 880 refertus,
1144 846 1240 885 quae
1277 834 1540 887 serpentium

129 895 275 944 instar,
292 897 446 951 quibus
468 898 558 940 Ibis
576 900 776 948 vescitur,
793 900 1070 954 Apollonium
1092 902 1338 942 morderent
1358 914 1406 943 a‘c
1428 902 1541 944 lace-

129 970 273 1005 rarent
293 968 409 1020 (quae
431 969 645 1009 sententia
666 975 731 1009 est
750 968 872 1009 Laelii
896 968 1095 1009 Bisciolae
1118 970 1158 1010 in
1183 969 1316 1011 Horis
1340 970 1542 1013 Subseci-

130 1033 207 1081 vis,
235 1034 305 1075 lib.
331 1050 370 1076 v.
393 1051 486 1091 cap.
509 1037 609 1089 180
640 1039 716 1079 sed
745 1044 792 1078 ut
819 1037 1089 1092 Apollonius,
1116 1039 1189 1092 qui
1221 1038 1543 1081 Alexandrinus

127 1108 232 1151 erat,
257 1103 400 1158 aliqua
422 1119 478 1146 ex
500 1113 621 1160 parte
643 1106 917 1147 indicaretur.
981 1106 1191 1158 Quamvis
1215 1108 1326 1148 enim
1347 1107 1544 1150 Rhodius

128 1170 360 1221 diceretur,
385 1173 731 1216 Alexandrinum
749 1182 891 1216 tamen
914 1174 1045 1216 fuisse
1067 1176 1257 1229 prodidit
1278 1176 1448 1226 Strabo,
1471 1177 1545 1220 lib.

128 1239 216 1279 xiv,
240 1254 337 1295 pag.
360 1241 431 1282 45.
455 1243 656 1284 editionis
686 1259 711 1285 a
738 1243 993 1285 Casaubono
1021 1245 1270 1299 recognitae,
1294 1244 1356 1286 his
1378 1245 1545 1286 verbis:

130 1312 298 1353 Διονύσιος
323 1311 357 1347 δὲ
377 1314 391 1348 ὅ
412 1311 523 1362 Θρὰξ,
544 1316 603 1350 καὶ
628 1316 849 1357 Ἀπολλώνιος
872 1316 886 1350 ὁ
911 1316 987 1356 τοὺς
1015 1317 1245 1363 Ἀργοναύτας
1263 1316 1420 1361 ποιήσας,
1440 1320 1544 1353 Ἀλε-

128 1377 277 1428 ξανὸρεῒς
298 1380 375 1427 μὲν,
399 1385 580 1419 ἐκαλοῦντο
610 1382 645 1420 δὲ
663 1382 790 1419 Ῥόδιοι.
853 1388 881 1402 “
908 1381 1142 1436 Dionysius
1176 1398 1276 1423 vero
1306 1383 1466 1432 Thrax,
1500 1391 1548 1425 et

130 1447 401 1501 Apollonius,
420 1449 811 1504 Argonauticorum
835 1450 1043 1498 conditor,
1064 1450 1349 1492 Alexandrini
1370 1452 1544 1506 quidem

130 1516 306 1565 fuerint,
339 1518 416 1558 sed
456 1518 659 1559 nominati
697 1525 795 1559 sunt
832 1518 1032 1559 Rhodii.”
1104 1524 1325 1564 Ἀπολλώνιος
1362 1520 1547 1563 Suidas:

129 1585 369 1637 Ἀλεξανδρεὺς
388 1593 474 1625 ἐπῶν
491 1590 629 1634 ποιητὴς
648 1591 832 1639 διατρίψας
851 1593 884 1626 ἐν
902 1589 1014 1636 Ῥόδῳ,
1035 1592 1100 1633 υἱὸς
1118 1590 1276 1632 Σιλλὲως.
1310 1589 1422 1630 Item
1445 1605 1544 1631 ano-

131 1669 284 1710 nymus
316 1662 478 1705 auctor,
502 1657 574 1711 qui
606 1657 775 1711 scripsit
804 1659 896 1707 ’γένος
922 1661 1145 1696 Ἀπολλωνίου
1168 1665 1226 1696 τοῦ
1248 1662 1383 1696 Ῥοδίου·
1415 1673 1550 1713 quan-

131 1738 259 1778 quam
281 1724 494 1773 AElianus‚
519 1726 572 1766 de
593 1725 879 1774 Animalibus,
903 1726 974 1767 lib.
996 1741 1069 1767 xv.
1093 1741 1183 1782 cap.
1207 1727 1278 1768 23.
1301 1742 1400 1768 eum
1425 1727 1546 1768 Nau-

131 1794 327 1833 cratitam
368 1793 512 1834 facere
554 1794 737 1836 videtur.
813 1795 902 1836 Sed
945 1801 1165 1850 utcunque
1206 1802 1286 1843 est,
1323 1796 1548 1851 AEgyptus

136 1862 271 1915 patria
306 1862 414 1903 fuit:
465 1863 694 1904 Naucratis
732 1863 846 1904 enim
883 1864 983 1903 urbs
1020 1870 1087 1904 est
1121 1864 1320 1918 AEgypti.
1384 1863 1546 1915 Quam-

133 1931 279 1972 obrem
301 1931 428 1986 longe
451 1932 613 1973 fallitur
628 1932 820 1974 Joannes
839 1932 1070 1980 Meursius‚
1090 1933 1177 1987 qui,
1197 1933 1480 1989 Syntayrrzate
1500 1933 1551 1974 de

132 2000 385 2056 Apollonii&
408 2015 484 2055 pro
513 2001 693 2041 diversis
723 2000 850 2042 habet
874 2000 1093 2041 Rhodium
1123 2006 1168 2041 et
1188 2000 1548 2050 Alexandrinum,

135 2069 258 2110 Sillei
285 2068 432 2117 filium,
455 2070 528 2123 qui
557 2069 832 2111 Eratostheni
864 2069 906 2109 in
934 2069 1244 2110 Alexandrinae
1275 2069 1549 2111 bibliothecae

136 2138 391 2191 praefectura
408 2138 628 2179 successit.
692 2137 874 2178 Ovidius
897 2143 1056 2184 autem,
1075 2136 1326 2178 Callimachi
1349 2138 1551 2192 exemplo

136 2206 354 2247 inimicum
394 2222 516 2247 suum
556 2207 653 2247 Ibin
690 2206 929 2261 appellasse
966 2206 1151 2254 videtur,
1188 2207 1550 2260 quemadmodum

136 2275 303 2317 Tullius
334 2275 563 2316 Orationes
598 2290 694 2316 suas
724 2276 765 2316 in
795 2274 1048 2322 Antonium,
1077 2275 1383 2316 Demosthenis
1414 2276 1550 2317 imita-

139 2345 269 2392 tione,
301 2343 562 2398 Philippicas
594 2344 824 2398 inscripsit,
855 2344 919 2384 uti
951 2344 1081 2384 etiam
1114 2344 1282 2398 Trogus
1319 2344 1553 2399 Pompeius

138 2413 332 2453 historias
379 2427 491 2460 suaS,
537 2413 807 2453 aemulatione
847 2412 1129 2467 Theopompi,
1172 2413 1246 2466 qui
1288 2412 1552 2467 Philippicas

139 2481 382 2535 scripserat.
448 2480 537 2522 Sed
572 2481 705 2536 magis
738 2487 804 2522 est
837 2488 885 2521 ut
922 2481 1096 2521 credam
1130 2480 1318 2522 Nasonis
1352 2481 1551 2522 adversa-

139 2551 248 2591 rium
272 2549 406 2590 Ibidis
431 2550 601 2591 nomine
632 2550 918 2605 designatum,
943 2549 1058 2602 quod
1084 2549 1117 2589 is
1141 2563 1294 2589 revera
1314 2549 1555 2604 ffilgyptius

140 2625 269 2667 esset,
293 2632 378 2673 qua
400 2619 454 2659 de
484 2633 528 2659 re
558 2619 757 2674 sequenti
778 2619 918 2674 capite
950 2619 1232 2659 disseremus:
1266 2631 1362 2658 nam
1388 2624 1432 2658 et
1455 2618 1553 2658 Ari-

137 2687 365 2741 stophanes
396 2687 436 2727 in
460 2686 627 2729 Avibus
658 2688 904 2743 Lycurgum
933 2687 1028 2728 Ibin
1055 2686 1303 2735 nominavit,
1327 2692 1555 2740 propterea
