1809 3220
191 152 280 196 376
746 152 1094 196 EXCURSUS

196 285 344 313 omnes
375 284 547 325 semper
576 270 618 311 in
654 270 851 312 confesso
885 271 980 313 fuit.
1044 272 1258 328 Magnum
1288 286 1437 315 eorum
1471 273 1514 314 in
1547 273 1626 315 hoc

193 341 324 382 etiam
354 340 542 381 carmine
568 354 690 381 usum
714 340 822 389 fore,
846 355 979 396 quum
1011 342 1065 383 ad
1093 343 1274 396 patriam
1299 342 1554 398 religionem
1580 348 1626 384 et

192 416 353 452 caetera
375 410 500 465 hujus
529 410 729 452 carminis
759 417 1017 466 argumenta
1045 412 1281 467 saepissime
1311 412 1473 453 nummi
1501 427 1624 468 spec-

193 486 284 521 tare
319 479 499 528 soleant,
523 485 567 520 et
597 480 722 521 facile
755 480 1003 521 existimavi
1033 487 1079 522 et
1109 487 1316 536 expertus
1346 496 1455 530 sum,
1477 481 1532 523 ad
1561 481 1623 537 ip-

193 550 281 591 sius
304 556 451 591 textus
474 550 828 591 constitutionem
857 550 1043 606 aliquam
1076 566 1223 592 eorum
1247 551 1332 592 vim
1354 565 1450 592 esse
1472 551 1626 593 merito

192 633 456 674 magnopere
479 619 688 674 gaudenS.
754 619 1013 674 Speciminis
1034 635 1166 662 causa
1196 634 1252 661 ex
1282 621 1361 662 hoc
1391 621 1523 662 etiam
1547 634 1621 676 ge-

191 702 295 729 nere
318 689 411 729 loca
432 689 631 743 quaedam
657 703 916 743 percensere
939 689 1081 730 liceat.

251 758 376 800 Fast.
408 759 463 800 vi.
497 758 597 800 803.
634 760 844 812 (ssIarciu,
883 759 1080 814 sacrifico
1117 758 1343 800 deductum
1382 773 1530 801 nomen
1568 759 1622 801 ab

192 829 348 880 Anco.)
410 828 566 870 Marcii
590 828 777 883 Philippi
807 829 978 883 generis
1002 829 1268 870 nobilitatem
1292 828 1344 869 ab
1368 827 1494 869 Anco
1516 842 1621 883 rege

189 904 411 953 repetunt,
434 913 563 954 quam
590 899 823 940 vanitatem
858 905 1011 954 gentes
1041 899 1080 939 in
1111 898 1294 939 nummis
1327 898 1514 939 maxime
1544 912 1619 939 ex-

191 968 376 1022 primere
412 967 607 1009 solebant
638 968 811 1023 (Ekhel.
841 974 928 1009 tom
953 984 991 1009 v.
1016 983 1058 1023 p.
1079 967 1169 1022 89.)
1232 967 1297 1009 Ut
1317 967 1449 1023 igitur
1470 967 1621 1009 Caesar

187 1038 331 1091 (Suet.
348 1036 438 1078 Jul.
457 1036 518 1087 6.)
536 1038 649 1078 idem
668 1038 721 1078 de
743 1038 919 1078 Marciis
938 1038 1112 1091 regibus
1131 1038 1353 1092 praedicat,
1374 1038 1434 1079 ita
1455 1037 1620 1079 nummi

189 1107 331 1162 gentis
366 1107 547 1149 Marciae
582 1108 750 1149 Ancum
786 1122 934 1162 regem
968 1122 1066 1147 cum
1103 1107 1248 1149 Numa
1281 1122 1361 1148 avo
1399 1114 1617 1162 tamquam

190 1178 334 1232 capita
349 1178 505 1233 jugata
526 1178 689 1219 referre
718 1177 857 1218 solent
878 1177 1054 1231 (Ekhel.
1082 1178 1263 1219 doctrin.
1287 1192 1498 1219 nummor.
1522 1183 1552 1218 t.
1575 1192 1617 1218 v.

190 1263 230 1302 p.
255 1247 378 1297 246.)

248 1318 478 1359 Herculem
518 1318 771 1374 Musaqeten
809 1317 948 1372 (Fast.
980 1319 1035 1359 vi.
1075 1317 1174 1359 812.
1219 1316 1385 1358 Adnuit
1419 1316 1615 1366 Alcides,

188 1387 484 1443 increpuitque
506 1387 664 1443 lyranz)
688 1387 966 1441 probabiliter
988 1387 1041 1428 ad
1069 1393 1253 1427 statuam
1280 1386 1323 1427 in
1352 1386 1512 1441 templo
1539 1401 1614 1442 po-

188 1457 312 1497 sitam
349 1471 603 1512 expressum
640 1457 761 1498 nobis
797 1457 923 1497 affert
955 1471 1154 1497 nummus
1189 1456 1418 1512 Pomponii
1456 1456 1614 1505 Musae,

188 1528 399 1569 exhibens
424 1527 662 1569 Herculem
694 1530 791 1568 cum
821 1527 1038 1568 attributis
1060 1527 1159 1583 lyra
1184 1532 1402 1568 canentem
1425 1541 1462 1568 c.
1486 1526 1616 1568 inser.

187 1598 399 1639 Hercules
420 1598 663 1639 Musarum.
700 1596 855 1638 Ekhel.
881 1596 906 1637 l.
932 1612 968 1637 c.
995 1602 1096 1637 tom.
1120 1611 1159 1637 v.
1182 1611 1225 1651 p.
1247 1595 1348 1638 283.

245 1667 369 1709 Fast.
393 1667 452 1708 iii.
476 1666 577 1709 253.
618 1666 785 1708 Junoni
816 1665 994 1707 Lucinae
1029 1680 1146 1707 more
1178 1665 1360 1708 solemni
1391 1665 1519 1708 flores
1549 1664 1611 1707 of-

186 1737 384 1779 feruntur
400 1752 408 1777 :

348 1840 465 1879 Ferte
485 1839 743 1892 Deaeflores;
774 1840 919 1891 gaudet
928 1840 1165 1892 florentibus
1184 1840 1313 1879 herbis

428 1904 527 1942 Haec
546 1904 645 1950 Dea,
667 1904 714 1943 de
734 1912 867 1944 tenero
887 1905 1030 1956 cingite
1051 1904 1142 1943 flore
1163 1912 1291 1956 caput.

184 2019 337 2062 Flores
367 2024 511 2060 autem
543 2019 637 2075 ejus
666 2019 920 2060 attributum
941 2019 1075 2060 fuisse
1098 2033 1121 2059 e
1145 2033 1318 2060 nummo
1343 2018 1523 2060 Lucillae
1548 2019 1608 2061 vi-

184 2089 352 2138 demus,
373 2089 446 2130 ubi
473 2094 558 2130 stat
579 2089 749 2130 Lucina
772 2090 928 2130 dextra
956 2089 1314 2145 extentaflorem,
1337 2103 1370 2130 s.
1398 2089 1608 2131 infantem

184 2165 361 2201 tenens:
396 2165 440 2200 et
462 2174 573 2200 nunc
596 2166 731 2214 patet,
752 2160 855 2215 quid
879 2160 958 2201 sibi
981 2159 1115 2200 velint
1138 2158 1262 2199 flores
1287 2173 1418 2213 opere
1441 2159 1608 2201 musivo

182 2228 377 2283 expressi
406 2228 446 2269 in
477 2228 741 2283 paviment0‚
768 2229 884 2284 quod
914 2243 938 2269 e
965 2228 1098 2269 ruinis
1126 2228 1278 2283 templi
1305 2227 1484 2269 Lucinae
1509 2243 1606 2270 eru-

182 2304 273 2339 tum
296 2298 425 2339 tradit
447 2298 633 2353 Foggin.
658 2297 826 2340 Comm.
850 2313 891 2353 p.
913 2298 984 2339 21.

239 2368 378 2409 Lares
398 2368 638 2422 prcestz'tes,
662 2373 709 2408 ut
738 2367 789 2408 ab
822 2367 953 2409 Ovid.
975 2383 1016 2409 v.
1033 2367 1134 2409 129.
1157 2366 1364 2422 descripti
1391 2372 1504 2416 sunt,
1529 2381 1604 2408 ex-

180 2443 276 2478 acte
317 2436 494 2477 exhibet
530 2451 728 2478 nummus
763 2437 904 2492 gentis
944 2436 1113 2478 Caesiae.
1172 2437 1337 2491 Vejovz's
1368 2435 1508 2488 (Fast.
1542 2436 1602 2478 iii.

178 2505 300 2556 433.)
321 2520 418 2546 cum
449 2519 577 2560 capra
607 2506 820 2555 adstante,
843 2506 904 2547 ita
928 2512 1071 2547 tamen
1094 2511 1143 2547 ut
1168 2506 1332 2547 fulmen
1354 2505 1480 2555 adsit,
1503 2520 1603 2547 con-

180 2581 245 2616 tra
268 2574 491 2624 Ovidium,
514 2574 556 2615 in
579 2575 722 2630 gentis
745 2575 942 2616 Fonteiae
965 2575 1151 2617 denariis
1174 2575 1370 2616 habetur.

235 2645 350 2687 εῙιιηο
371 2644 549 2700 Sospita
570 2649 687 2699 (quae
713 2644 758 2685 in
786 2645 969 2686 nummis
992 2645 1154 2700 Sispita
1174 2644 1301 2686 scribi
1322 2643 1445 2693 solet,
1468 2644 1599 2693 unde,

177 2728 232 2754 an
256 2713 515 2769 etymologia
533 2728 557 2755 a
578 2728 742 2768 sospes,
767 2714 992 2769 sospitare,
1019 2728 1120 2755 vera
1141 2714 1209 2763 sit,
1233 2713 1419 2755 dubitari
1439 2714 1600 2768 potest)
