1809 3220
184 180 271 222 428
523 180 614 221 AD
649 179 884 221 LIVIAM
920 176 1279 219 AUGUSTAM

188 298 391 363 Quippe
417 298 603 345 ducem
629 297 816 345 arsuris
845 296 1103 344 exercitus
1130 295 1293 343 omnis
1321 294 1370 342 in
1398 292 1567 349 armis,

256 375 396 424 Inter
421 391 536 439 quae
563 375 729 440 periit,
760 390 948 439 ponere
975 381 1147 422 certus
1174 381 1298 421 erat.
1521 374 1616 418 170

185 453 416 502 Abstulit
440 454 607 501 invitis
633 470 819 518 corpus
844 453 1133 501 venerabile
1158 452 1340 508 frater3

252 532 319 580 Et
346 532 572 580 Drusum
599 532 792 597 patriae,
822 531 960 596 quod
986 531 1251 594 licuitque,
1280 529 1438 578 dedit.

187 611 385 659 Funera
409 611 668 659 ducuntur
694 610 930 659 Romana
954 627 1046 675 per
1073 610 1264 675 oppida
1292 609 1442 657 Drusi
1464 627 1474 666 ;

256 689 373 738 Heu
397 688 621 738 facinus!
661 706 752 754 per
778 706 893 753 quae
919 689 1079 736 victor
1103 689 1264 736 iturus
1291 694 1426 746 erat3

189 768 290 817 Per
316 786 430 833 quae
457 768 639 816 deletis
669 767 967 815 Rhaetorum
993 775 1201 815 venerat
1226 767 1394 815 armis.
1522 768 1615 813 175

255 846 354 895 Hei
381 847 529 894 mihi!
572 862 727 910 quam
753 846 927 911 dispar
953 845 1070 893 huic
1097 845 1190 893 fuit
1214 845 1338 893 illud
1365 845 1486 893 iter!

188 925 382 974 Consul
408 926 501 973 init
525 925 697 973 fractis
725 932 1024 972 moerentem
1049 924 1274 973 fascibus
1301 924 1498 972 urbem.

255 1005 392 1061 Quid
418 1006 608 1054 faceret
633 1005 813 1062 victus,
843 1004 915 1052 sic
945 1004 1028 1052 ubi
1053 1004 1215 1052 victor
1241 1003 1368 1051 init?

188 1084 377 1133 Moesta
401 1086 582 1133 domus
611 1085 853 1149 plangore
880 1091 1044 1141 sonat,
1074 1083 1156 1131 cui
1182 1082 1337 1146 figere
1362 1082 1509 1130 laetus

254 1168 412 1216 Parta
433 1185 526 1217 sua
550 1168 785 1216 dominus
811 1174 1017 1216 voverat
1042 1183 1181 1215 arma
1207 1183 1377 1214 manu.
1521 1168 1614 1213 180

189 1247 324 1295 Urbs
351 1248 522 1312 gemit,
551 1254 602 1295 et
627 1248 823 1295 vultum
848 1246 1150 1295 miserabilis
1177 1246 1342 1293 induit
1365 1262 1552 1303 unum;

257 1327 512 1375 Gentibus
540 1327 764 1375 adversis
790 1326 952 1374 forma
977 1326 1042 1374 sit
1068 1325 1170 1382 illa,
1194 1325 1399 1390 precor!
1439 1325 1611 1388 [bem;

188 1406 378 1454 Incerti
417 1407 764 1470 clauduntque
792 1407 987 1463 domos,
1019 1405 1394 1470 strepitantque
1421 1420 1511 1469 per
1535 1419 1616 1451 ur-

257 1484 354 1532 Hic
381 1485 482 1533 illic
511 1485 678 1549 pavidi
705 1485 942 1549 clamque
969 1485 1240 1549 palamque
1267 1483 1459 1531 dolent.

185 1563 310 1611 Jura
330 1564 497 1620 silent,
517 1552 774 1628 mutaeque
792 1570 965 1613 tacent
981 1563 1088 1612 sine
1105 1563 1306 1611 vindice
1322 1563 1485 1626 leges:
1519 1564 1612 1609 185

256 1643 555 1708 Adspicitur
579 1651 685 1691 toto
713 1661 939 1708 purpura
964 1644 1105 1691 nulla
1128 1643 1251 1691 foro.

235 1847 304 1877 171.
323 1845 462 1886 Frater]
486 1845 644 1881 Tiberius,
666 1846 732 1887 qui,
756 1846 867 1877 audita

184 1896 235 1928 vix
261 1896 365 1927 fratris
381 1895 578 1932 valetudine,
597 1896 638 1927 ad
661 1896 751 1927 illum
769 1896 865 1928 advo-

184 1946 274 1983 lavit,
304 1946 510 1988 defunctique
541 1956 656 1989 corpus
687 1950 707 1963 ‘¹
730 1946 866 1988 pedibus

182 2003 247 2028 toto
270 1996 381 2027 itinere
403 1996 627 2038 praegrediens,
648 1996 788 2028 Romam
813 2008 865 2028 us-

184 2057 246 2088 que
277 2046 456 2088 pervexit.'’
506 2047 557 2078 Ab
589 2046 647 2077 hoc
679 2057 741 2077 uno
769 2047 863 2079 Tibe-

183 2095 265 2127 rium
287 2106 414 2127 omnem
442 2096 547 2127 discas
574 2097 660 2127 licet.
706 2096 791 2128 Rem
816 2097 863 2129 fu-

184 2145 249 2177 sius
264 2150 382 2181 narrat,
399 2156 457 2177 nec
474 2145 649 2177 adulatorie
672 2146 777 2178 minus
792 2148 865 2179 Val.

186 2196 363 2227 Maxim.v.
375 2198 405 2228 5.
430 2201 452 2214 “
470 2197 611 2227 Tantum
626 2207 764 2228 amorem
780 2197 865 2240 prin-

184 2256 272 2288 ceps,
287 2245 402 2288 inquit,
415 2257 594 2289 parensque
616 2252 721 2278 noster
735 2247 864 2279 insitum

186 2295 293 2327 animo
310 2295 414 2327 fratris
431 2297 528 2327 Drusi
548 2296 697 2333 habebat,
714 2304 751 2329 ut
765 2309 864 2340 quum

184 2345 299 2382 Ticini,
328 2357 392 2387 quo
414 2346 514 2377 victor
540 2347 688 2384 hostium,
714 2347 754 2379 ad
779 2359 864 2379 com-

184 2396 372 2439 plectendos
394 2403 541 2439 parentes
558 2398 803 2440 venei-at,‘gravi
828 2399 865 2429 il-

186 2446 252 2477 lum
278 2452 311 2477 et
334 2446 511 2488 periculosa
528 2447 711 2480 valetudine
735 2449 767 2480 in
785 2450 865 2481 Ger-

185 2495 291 2528 mania
329 2496 482 2528 fluctuare
520 2504 698 2538 cognosset,
733 2499 865 2541 proinde

186 2553 272 2577 metu
297 2546 450 2577 attonitus
465 2553 657 2589 erumperet.
706 2549 771 2579 Iter
786 2560 864 2591 quo·

185 2606 248 2637 que
265 2606 361 2638 quam
377 2596 522 2639 rapidum
547 2604 579 2628 et
594 2608 746 2641 praeceps,
763 2600 811 2630 vel
830 2607 866 2631 ut

186 2656 248 2676 uno
268 2646 378 2688 spiritu
395 2646 592 2689 corripuerit,
608 2658 645 2678 eo
662 2655 760 2690 patet,
779 2650 864 2690 quod

185 2695 295 2737 Alpes,
328 2695 544 2739 Rhenumque
574 2704 787 2739 transgressus
813 2699 864 2730 die

184 2755 222 2776 ac
250 2751 355 2781 nocte,
380 2752 502 2777 mutato
526 2747 662 2778 subinde
687 2758 780 2790 equo,
806 2749 863 2780 du-

184 2801 278 2826 centa
302 2796 404 2827 millia
431 2808 593 2839 passuum,
617 2809 672 2840 per
694 2799 787 2830 modo
809 2799 862 2830 de-

936 1847 1054 1878 victam
1084 1845 1285 1883 Barbmiem,
1320 1844 1504 1887 Antabagio
1533 1844 1615 1876 duce

936 1897 1002 1927 solo
1019 1897 1146 1933 comite,
1159 1896 1294 1928 evasit.'’
1328 1897 1461 1933 Omnes,
1476 1901 1513 1927 ut
1529 1895 1616 1927 vide-

936 1952 997 1983 tur,
1015 1957 1053 1978 ex
1070 1946 1173 1983 Livi0‚
1190 1947 1276 1989 Epit.
1292 1946 1348 1977 lib.
1361 1946 1425 1977 cxl.

983 1998 1055 2028 177.
1082 1998 1197 2028 Consul
1213 1999 1282 2035 init,
1298 1997 1379 2038 etc.]
1410 1996 1463 2028 Sic
1478 1996 1554 2027 olim
1570 1997 1617 2028 le-

934 2047 1088 2088 gebatur:
1116 2052 1138 2065 “
1164 2048 1329 2079 Consuluit
1349 2047 1458 2079 fractis
1478 2057 1614 2078 moeren-

934 2103 998 2129 tem
1020 2097 1161 2130 fascibus
1181 2098 1326 2129 urbem.''
1373 2098 1511 2129 Versum
1530 2097 1616 2130 hunc

935 2149 1209 2190 corruptissimum
1236 2148 1378 2180 omnium
1403 2148 1524 2191 primus
1547 2148 1614 2180 Mi-

935 2199 1040 2240 cyllus
1054 2199 1202 2236 restituit,
1219 2198 1361 2241 legitque
1375 2209 1431 2242 pro
1448 2199 1615 2236 consuluit,

934 2251 1040 2280 consul
1056 2252 1126 2281 init.
1171 2249 1305 2291 Sequuti
1322 2249 1438 2281 deinde
1454 2248 1613 2286 Pithoeus,

934 2299 1090 2341 Scaliger,
1107 2299 1271 2336 Heinsius,
1286 2305 1349 2330 ete.
1395 2299 1458 2330 Sed
1474 2298 1531 2330 viri
1548 2309 1615 2330 mo-

935 2349 1070 2381 destiam
1110 2350 1357 2387 animadvertas,
1393 2360 1524 2392 quaeso5
1559 2349 1615 2392 qui

937 2411 1035 2442 quum
1052 2400 1188 2443 plurima
1206 2400 1358 2432 felicitate
1380 2400 1446 2443 pari
1462 2400 1615 2432 emenda-

937 2451 1026 2487 verit,
1043 2456 1166 2482 textum
1190 2461 1348 2493 nusquam
1369 2450 1538 2482 immutare
1557 2461 1613 2482 au—

935 2512 989 2532 sus
1019 2507 1081 2540 est;
1120 2501 1283 2544 talemque
1313 2501 1453 2538 omnino,
1483 2501 1612 2544 qualem

935 2551 1110 2587 invenerat,
1126 2551 1262 2582 fideliter
1276 2551 1435 2583 exhibuit.

982 2604 1054 2633 181.
1084 2602 1162 2633 Urbs
1175 2604 1281 2644 gemit,
1303 2609 1330 2633 et
1351 2604 1472 2633 vultmn
1487 2604 1611 2634 misera-

935 2653 1003 2682 bilis
1025 2654 1127 2683 induit
1154 2653 1282 2694 unum.]
1327 2652 1471 2683 Tristitia
1496 2652 1610 2684 eadem

936 2701 1074 2733 omnium
1091 2702 1121 2732 in
1139 2702 1228 2733 vultu
1240 2701 1357 2745 pariter
1371 2701 1610 2744 insidet3quod

933 2754 1075 2794 gentibus
1118 2754 1252 2783 adversis
1295 2751 1421 2784 accidat
1463 2758 1610 2792 precatur

936 2807 1029 2843 poeta
1044 2814 1051 2841 ;
1078 2801 1214 2839 scilicet,
1228 2809 1262 2834 ut
1276 2802 1321 2833 sic
1338 2803 1480 2844 lugeant.
