1830 3220
534 155 887 199 FASTORUM
921 156 1042 199 LIB.
1077 157 1161 199 IV.

1469 160 1556 203 237

136 271 341 320 Poscite
365 277 476 320 ture
502 272 620 320 dato
645 272 873 330 formam,
903 274 1181 339 populique
1202 273 1423 322 favorem
1445 294 1456 333 ;

204 349 410 397 Poscite
437 350 727 407 blanditias,
755 351 1016 415 dignaque
1041 352 1196 399 verba
1214 353 1360 415 joco:

137 426 376 490 Cumque
402 443 495 475 sua
519 428 738 475 dominae
765 428 882 476 date
908 435 1050 491 grata
1075 428 1348 494 sisymbria
1371 437 1556 495 myrto,

203 503 472 568 Textaque
498 505 781 569 composita
799 506 988 568 juncea
1011 505 1180 553 vincla
1205 523 1333 554 rosa.

1461 511 1558 556 870

135 581 351 646 Templa
375 582 687 646 frequentari
717 583 931 630 Collinae
958 583 1191 648 proxima
1211 592 1369 648 portae

204 657 357 708 Nunc
384 660 562 708 decet:
605 677 635 708 a
662 661 834 709 Siculo
860 662 1065 710 nomina
1090 663 1219 710 colle
1246 669 1441 711 tenent.

138 736 315 801 thue
344 737 625 802 Syracusas
653 738 988 787 Arethusidas
1015 740 1226 787 abstulit
1250 740 1401 788 armis

207 814 472 872 Claudius,
502 823 552 863 et
578 816 711 865 bello
736 823 787 865 te
814 834 1020 881 quoque
1047 818 1200 882 cepit,
1230 817 1371 882 Eryx
1394 835 1404 866 :

139 891 378 941 Carmine
405 894 590 942 vivacis
609 894 785 942 Venus
806 902 885 943 est
908 896 1152 943 translata
1179 895 1387 959 Sibyllae
1408 915 1419 955 ;
1462 901 1559 946 875

208 969 374 1034 Inque
401 988 504 1019 suae
531 972 702 1036 stirpis
730 973 907 1020 maluit
932 973 1055 1020 urbe
1081 973 1196 1020 coli.

141 1046 247 1094 Cur
272 1047 426 1111 igitur
451 1048 664 1097 Veneris
691 1049 878 1097 festum
904 1049 1104 1097 Vinalia
1129 1050 1321 1107 dicant,

210 1124 466 1184 Quaeritis,
495 1134 546 1175 et
571 1143 729 1192 quare
754 1127 819 1175 sit
844 1126 873 1174 J
880 1126 986 1174 ovis
1013 1127 1110 1175 ista
1135 1127 1243 1175 dies
1266 1128 1283 1175 ?

184 1329 261 1360 871.
291 1329 460 1371 Templum
500 1329 646 1372 Erycinae
686 1330 820 1362 Veneris

141 1388 238 1420 prope
287 1379 474 1410 Collatinam
518 1386 639 1419 portam
683 1379 820 1411 Ovidius

141 1426 237 1458 etiam
262 1427 399 1459 Remed.
422 1429 500 1460 549.
524 1435 698 1468 niemorat5
723 1435 820 1471 atque

142 1476 223 1508 illud
245 1477 362 1520 ipsum,
382 1479 468 1510 bello
489 1478 657 1520 Ligustino
679 1491 697 1510 a
719 1479 820 1510 Lucio

141 1527 253 1559 Porcio
269 1539 355 1560 cons.
372 1534 492 1565 votum,
507 1540 525 1560 a
540 1530 579 1560 L.
595 1529 719 1566 Porcio,
732 1531 770 1560 L.
785 1530 822 1560 F.

142 1576 264 1609 Licinio
293 1578 474 1616 duumviro,
501 1578 542 1610 ad
571 1586 693 1621 portam
719 1578 820 1611 Colli-

140 1637 215 1658 nam
241 1627 424 1659 dedicatum
446 1628 542 1660 fuisse
566 1629 686 1665 Livius,
706 1629 750 1660 xl.
767 1630 821 1659 34.

142 1681 258 1708 narrat.
285 1677 382 1709 Adde
397 1678 596 1714 Strabonem,
612 1678 668 1709 lib.
684 1677 726 1708 vi.
758 1678 821 1709 Ea-

142 1726 215 1758 dem
240 1733 346 1758 autem
366 1727 427 1758 dea
449 1727 483 1758 in
509 1728 622 1768 Eryce,
643 1733 750 1758 monte
770 1728 818 1758 Si-

143 1777 224 1808 ciliae
251 1788 346 1819 supra
366 1778 567 1819 Drepanum,
589 1777 743 1819 templum
766 1777 821 1808 ha-

143 1828 242 1858 bebat
258 1827 490 1859 nobilissimum
511 1838 530 1859 a
548 1827 694 1870 Trojanis
713 1828 820 1858 condi-

143 1882 226 1915 tum;
270 1877 347 1907 AEn.
376 1888 406 1908 v.
439 1877 524 1915 759;
563 1877 603 1908 de
640 1888 703 1918 quo
732 1876 822 1908 locus

145 1926 299 1958 classicus
319 1926 406 1969 apud
426 1926 559 1959 Diodor.
581 1927 738 1963 Siculum,
762 1927 820 1958 lib.

143 1976 186 2008 iv.
202 1983 282 2008 extr.
331 1976 413 2008 Vide
435 1975 554 2019 Heynii
574 1978 708 2008 Excurs.
727 1976 760 2008 ii.
781 1976 822 2008 ad

143 2026 236 2058 illum
253 2026 385 2057 AEueid.
396 2025 524 2058 librum.
548 2027 576 2057 E
591 2026 699 2058 Sicilia
715 2032 823 2058 autem

143 2077 281 2119 Erycina
310 2078 423 2108 Venus
445 2076 514 2119 jam
543 2076 631 2119 prius
670 2079 823 2108 translata

144 2131 213 2158 erat
240 2126 389 2164 Romam,
427 2131 568 2170 tempore
606 2127 683 2158 belli
710 2127 823 2158 Punici

146 2175 289 2207 secundi.
313 2176 402 2207 Ann.
417 2176 459 2207 U.
472 2177 510 2208 C.
522 2178 597 2208 535.
614 2176 710 2213 enim,
726 2188 825 2218 quum

146 2233 316 2268 peccatum
342 2231 426 2257 esset
454 2236 473 2257 a
500 2227 541 2257 C.
571 2226 728 2257 Flaminio
758 2237 824 2257 cos·

145 2274 318 2307 decemviri
342 2276 431 2306 libros
456 2275 619 2316 Sibyllinos
640 2275 728 2307 adire
746 2275 827 2318 jussi

146 2330 231 2361 sunt,
247 2330 282 2355 ut
299 2335 370 2366 quae
392 2324 520 2367 piacula
539 2325 593 2356 irae
617 2326 758 2356 Deorum
778 2335 827 2356 es-

147 2380 228 2411 sent,
241 2381 495 2416 cognosceretur.
519 2375 559 2412 Ii,
571 2375 724 2417 inspectis
738 2375 828 2406 libris

147 2424 310 2460 fatalibus,
322 2424 403 2455 inter
420 2424 483 2455 alia
498 2425 717 2456 retuleruntet
733 2425 801 2456 haec
815 2438 821 2455 2

147 2480 167 2492 “
183 2475 269 2505 aedes
285 2474 402 2506 Veneri
421 2474 568 2517 Erycinae
589 2486 626 2506 ac
649 2475 753 2506 Menti
770 2486 823 2506 vo-

148 2524 270 2555 vendas
287 2534 355 2555 esse
368 2524 400 2562 ;”
429 2523 548 2560 Livius,
571 2523 648 2554 xxii.
668 2525 700 2554 9.
746 2525 824 2554 Mox

147 2574 233 2605 aedes
248 2573 311 2604 illae
324 2579 403 2605 votae
420 2578 504 2604 sunt.
530 2573 664 2605 Veneris
680 2573 824 2615 Erycinae

150 2623 253 2655 aedem
285 2624 327 2660 Q.
352 2623 469 2654 Fabius
500 2623 664 2654 Maximus
690 2624 826 2654 dictator

152 2671 251 2710 vovit,
279 2672 401 2704 Mentis
428 2672 466 2703 T.
501 2671 660 2704 Otacilius
691 2677 826 2715 praetor3

889 1331 967 1362 ibid.
987 1333 1036 1362 10.
1053 1331 1155 1362 Iidem
1173 1331 1231 1362 viri
1254 1342 1336 1363 anno
1358 1334 1433 1364 537.
1449 1333 1562 1366 duum-

890 1381 946 1411 viri
967 1381 1066 1412 creati
1090 1387 1164 1412 sunt
1184 1381 1307 1413 aedibus
1326 1382 1389 1413 illis
1411 1382 1565 1415 dedican-

889 1430 958 1470 dis3
984 1431 1088 1461 Menti
1115 1431 1286 1468 Otacilius,
1308 1431 1427 1463 Fabius
1446 1434 1565 1465 Veneri

889 1480 1035 1522 Erycinae
1052 1480 1223 1512 dedicavit.
1270 1481 1386 1512 Ambae
1398 1481 1431 1512 in
1441 1484 1565 1525 capito-

889 1530 931 1560 lio
941 1536 1042 1567 erant,
1058 1530 1162 1562 canali
1175 1542 1238 1562 uno
1252 1531 1398 1562 discretae
1412 1543 1420 1571 ;
1446 1533 1566 1570 Livius,

889 1580 980 1610 xxiii.
999 1582 1052 1611 31.
1100 1581 1174 1612 Jam
1194 1580 1350 1623 Neapolis
1368 1587 1472 1623 putat,
1488 1583 1568 1614 Ovi-

890 1629 979 1660 dium
995 1630 1057 1660 duo
1072 1630 1194 1672 templa
1205 1630 1340 1662 Veneris
1352 1630 1477 1663 diversa
1492 1643 1568 1664 con-

891 1679 1022 1715 fudisse,
1051 1679 1143 1721 quasi
1167 1681 1323 1723 ternplum
1342 1680 1383 1711 ad
1408 1682 1567 1714 Collinam

890 1734 1012 1771 portam
1029 1729 1095 1771 jam
1118 1734 1258 1771 tempore
1277 1730 1355 1761 belli
1375 1730 1489 1762 Punici
1512 1731 1568 1763 de-

891 1777 1033 1810 dicatum
1052 1784 1144 1810 esset.
1189 1779 1273 1810 Mihi
1291 1790 1365 1810 vero
1386 1779 1568 1813 distinxisse

892 1826 1121 1869 distinguenda
1157 1828 1293 1860 videtur.
1349 1828 1491 1860 Primum
1529 1830 1569 1862 de

891 1878 1010 1919 templo
1031 1878 1071 1908 ad
1099 1877 1292 1909 Collatinam
1317 1884 1441 1920 portam
1465 1879 1568 1921 loqui-

892 1931 953 1962 tur,
982 1926 1098 1958 deinde
1135 1928 1237 1959 obiter
1266 1927 1306 1958 de
1343 1928 1445 1970 prima
1482 1928 1569 1961 illius

892 1975 972 2006 Deae
1003 1975 1219 2007 translatione.
1265 1976 1328 2008 Sed
1351 1982 1384 2008 et
1411 1977 1493 2009 alius
1522 1989 1570 2010 er-

892 2025 969 2056 roris
1015 2025 1168 2057 Ovidium
1215 2026 1368 2069 Neapolis
1414 2028 1570 2070 coarguit.

893 2075 1062 2117 Templum
1084 2075 1248 2118 antiquius
1271 2086 1354 2107 anno
1379 2077 1454 2107 537.
1476 2077 1569 2109 dedi-

895 2130 1004 2155 catum
1030 2130 1097 2164 est;
1121 2125 1176 2156 sed
1202 2126 1362 2166 Syracusa:
1387 2136 1470 2157 anno
1495 2128 1571 2159 540.

894 2173 1022 2205 demum
1051 2185 1069 2205 a
1099 2175 1231 2205 Claudio
1257 2175 1415 2206 Marcello
1446 2182 1570 2218 captae3

893 2223 1013 2260 Livius,
1028 2235 1102 2255 xxv.
1119 2225 1172 2255 31.
1203 2225 1348 2256 Fortasse
1365 2230 1472 2256 tamen
1487 2227 1571 2258 Nos-

894 2277 951 2309 ter,
975 2284 1061 2304 more
1088 2279 1265 2316 poetarum,
1294 2284 1313 2305 a
1334 2280 1423 2316 parte
1450 2276 1570 2307 bellum

894 2323 1054 2355 Punicum
1084 2323 1261 2356 secundum
1292 2324 1433 2357 indicare
1461 2327 1571 2358 voluit.

897 2374 1045 2410 Abstulit,
1077 2373 1160 2416 cepit
1192 2380 1224 2405 et
1255 2373 1348 2405 militi
1377 2374 1571 2417 diripiendas

893 2423 994 2454 dedit.
1044 2424 1129 2465 Erya
1158 2435 1175 2456 e
1200 2424 1299 2466 primo
1323 2426 1461 2456 maxime
1487 2426 1571 2457 bello

893 2479 986 2503 notus
998 2485 1007 2512 ;
1021 2473 1095 2504 inde
1106 2473 1191 2504 enim
1204 2473 1370 2504 Hamilcar
1379 2475 1572 2516 praesidium,

894 2522 980 2564 quod
1006 2522 1050 2553 ibi
1075 2522 1234 2559 clausum,
1263 2522 1421 2554 deducere
1444 2531 1571 2555 coactus

895 2571 1019 2612 suerat3
1036 2572 1156 2609 Livius,
1168 2573 1234 2604 xxi.
1252 2574 1304 2604 10.
1322 2574 1375 2604 41.
1406 2573 1458 2605 De
1472 2577 1572 2606 vivace

896 2621 1013 2663 Sibylla
1028 2623 1101 2654 vide
1117 2623 1158 2654 ad
1177 2623 1223 2654 iii.
1238 2623 1303 2655 534
1317 2635 1326 2663 5
1358 2624 1479 2655 Cmnffa
1494 2636 1573 2656 anus

896 2678 1026 2704 vocatur
1040 2673 1082 2705 iv.
1101 2673 1173 2704 158.
