1830 3220
594 186 667 228 IN
703 186 920 228 OVIDII
955 185 1209 229 FASTOS.
1523 189 1611 232 403

189 301 229 343 Ο
247 302 283 344 si
305 317 455 345 urnam
473 304 642 358 argenti
662 303 749 345 fors
772 319 869 359 quae
894 304 994 346 mihi
1012 309 1222 347 monstret
1339 303 1454 346 dives
1474 304 1608 348 amico

187 372 402 420 Hercule,·
433 378 479 414 et
510 372 634 415 Pers.
657 374 699 414 ii.
722 374 798 415 11:
834 373 924 415 Sub
956 380 1092 415 rastro
1124 379 1275 428 crepet
1306 374 1474 429 argenti
1504 375 1608 416 mibi

185 442 297 483 seria
317 442 470 484 dextro
490 442 699 485 Hercule!
722 443 794 484 ubi
811 443 1050 486 scholiastae
1072 444 1432 492 animadvertunt,
1451 444 1607 486 “Her-

185 512 326 553 culem
341 513 584 554 divitiarum
602 514 830 568 praesidem
849 513 983 554 esse.''
1019 513 1119 565 Quo
1134 520 1277 554 autem
1297 528 1427 562 nexu,
1445 528 1605 569 quaeso,

185 580 263 622 hoc
285 582 531 623 divitiarum
560 583 806 637 praesidium
836 597 933 623 cum
963 581 1093 623 heroe
1122 582 1196 624 illo
1218 582 1457 638 Tirynthio‚
1479 583 1608 624 rebus

183 651 277 706 ejus
309 652 458 707 gestis,
481 652 696 694 laboribus
728 659 773 694 et
803 652 987 707 mythis?
1022 667 1151 707 quem
1187 659 1388 707 tanquam
1414 652 1532 693 Pluti
1564 659 1610 694 et

182 722 423 763 divitiarum
448 723 666 764 inimicum
688 723 782 777 ipsa
802 723 944 764 fabula
966 721 1302 777 repraesentath?
1339 722 1460 763 lnter
1482 728 1601 764 vete-

183 805 252 832 res
278 791 367 846 jam
400 791 516 834 Plut.
540 791 707 845 Quaest.
734 792 863 833 Rom.
888 791 957 833 18.
983 806 1035 833 ea
1067 792 1122 833 de
1157 807 1203 833 re
1232 806 1447 846 quaerens,
1473 792 1608 834 multa

184 866 337 909 tentat,
359 875 438 902 nec
462 861 541 902 sibi
564 861 645 916 ipsi
666 861 914 903 satisfacere
939 861 1136 910 videtur;
1170 860 1284 902 conf.
1307 860 1529 902 Wieland.
1555 862 1609 903 ad

187 929 344 971 Horat.
370 930 394 973 l.
419 945 455 972 c.
520 930 637 982 Quid
660 931 804 986 igitur,
829 931 863 971 si
886 945 951 978 ea,
977 945 1074 985 quae
1099 931 1153 972 de
1179 929 1374 972 Hercule
1398 930 1508 972 forte
1531 931 1608 972 sub

183 1000 354 1041 nomine
378 1000 667 1049 Heaarkel‚
692 1001 734 1041 id
762 1007 843 1049 est,
870 1006 1096 1049 mercator,
1120 1015 1144 1041 a
1166 999 1449 1042 Phoenicibus
1478 1000 1609 1049 culto,

184 1070 306 1125 cujus
329 1075 373 1110 et
396 1069 508 1110 ideae
531 1077 575 1110 et
593 1084 662 1110 res
685 1077 819 1125 gestae
847 1076 1000 1125 postea
1029 1069 1258 1125 aliquando
1289 1070 1343 1110 ad
1369 1069 1610 1111 Herculem

185 1138 390 1181 Graeeum
420 1139 636 1180 translatae
667 1145 780 1187 sunt,
799 1140 890 1194 jam
922 1139 1086 1194 pridem
1109 1154 1133 1180 a
1156 1139 1413 1194 quibusdam
1440 1140 1610 1195 conjec-

184 1215 274 1250 tata
309 1223 405 1250 esse
438 1198 580 1258 video,
613 1209 692 1250 hoc
731 1209 861 1250 etiam
900 1210 1069 1251 nomine
1107 1210 1147 1250 in
1182 1209 1421 1251 subsidium
1453 1224 1610 1251 vocare

183 1279 477 1319 tentaremus!
513 1278 638 1320 Bene
669 1278 731 1319 illi
753 1279 956 1320 viderunt
986 1279 1091 1332 (vid.
1118 1278 1352 1334 Encyclop.
1378 1279 1494 1320 univ.
1514 1293 1609 1320 voc.

184 1349 341 1397 Herc.)
362 1349 598 1403 praesertim
622 1349 777 1390 itinera
799 1349 885 1397 illa,
906 1349 1060 1404 quibus
1084 1355 1294 1390 terrarum
1318 1349 1466 1390 orbem
1489 1363 1611 1403 pera-

183 1419 338 1474 gravit,
372 1419 427 1460 ad
465 1417 691 1460 Oceanum
736 1433 874 1473 usque
916 1418 1229 1459 occidentalem
1273 1418 1533 1473 penetravit,
1567 1424 1613 1459 et

183 1488 390 1530 Herculis
424 1488 643 1529 columnas
676 1488 884 1536 condidit,
915 1488 968 1529 ad
1008 1487 1247 1529 Herculem
1284 1487 1403 1528 illum
1433 1488 1612 1544 Tyrium

182 1558 354 1613 proprie
387 1559 619 1613 pertinere,
645 1564 689 1600 et
721 1558 821 1599 inde
848 1558 902 1599 ad
935 1557 1140 1599 Herculis
1164 1557 1311 1599 Graeci
1344 1557 1517 1606 famam,
1543 1558 1612 1600 cui

184 1642 342 1683 magua
381 1628 512 1670 etiam
549 1628 706 1669 itinera
742 1627 1110 1676 adscribebantur,
1149 1633 1300 1682 postea
1343 1628 1576 1668 accessisse
1591 1625 1613 1668 ¹.

185 1698 367 1739 Poterat
402 1697 470 1739 hic
506 1697 726 1740 Hercules
758 1697 914 1753 Tyrius
951 1698 1117 1752 priscus
1153 1711 1303 1738 eorum
1340 1696 1464 1737 heros
1499 1710 1611 1745 esse,

184 1783 312 1824 quem
342 1769 526 1823 primum
557 1768 649 1810 loca
677 1768 748 1809 illa
777 1768 831 1809 ad
861 1773 1147 1808 mercaturam
1176 1766 1428 1822 gravissima
1453 1766 1610 1807 adiisse

182 1839 296 1880 fama
314 1838 529 1887 narrabat,
545 1845 591 1879 et
608 1852 736 1893 quem
754 1853 866 1880 nune
886 1844 1089 1892 tanquam
1105 1837 1351 1879 divitiarum
1370 1841 1415 1877 et
1428 1836 1612 1877 fortunae

184 1914 403 1949 auctorem
435 1914 565 1963 atque
595 1908 825 1963 praesidem
855 1907 1067 1956 colebant,
1092 1907 1222 1961 eique
1257 1921 1333 1961 pro
1365 1905 1483 1947 felici
1517 1920 1611 1946 suc-

183 1992 309 2020 cessu
331 1983 431 2018 vota
451 1977 684 2019 faciebant.
749 1977 849 2019 Hoc
872 1977 997 2018 modo
1025 1976 1267 2018 Herculem
1288 1975 1410 2031 Tyri,
1429 1974 1610 2017 Cartba-

182 2046 297 2103 gine,
323 2046 521 2089 Gadibus
542 2048 635 2102 pari
656 2047 863 2104 religione
886 2048 1050 2089 cultum
1079 2061 1175 2088 esse
1205 2046 1415 2101 legimus3
1448 2052 1493 2086 et
1523 2060 1611 2086 om-

181 2118 254 2158 nia
278 2118 360 2159 ista
387 2117 549 2172 templa
577 2118 700 2159 donis
729 2117 1064 2173 opulentissimis
1088 2115 1276 2157 Herculi
1296 2129 1353 2156 ex
1375 2120 1476 2156 voto
1499 2115 1610 2156 datis

183 2187 416 2242 conspicua
435 2186 629 2230 fuerunt.
692 2187 762 2228 De
785 2187 938 2242 opibus
963 2185 1112 2241 templi
1132 2185 1253 2241 Tyrii
1275 2185 1373 2225 vide
1399 2184 1500 2226 Dio.
1520 2184 1610 2225 xlii.

182 2256 266 2305 49;
299 2262 344 2297 et
365 2257 583 2305 eumdem,
608 2256 715 2297 xliii.
736 2255 808 2297 39.
835 2256 888 2297 de
912 2255 1073 2311 templo
1097 2254 1330 2302 Gaditano,
1356 2254 1472 2309 quod
1497 2269 1613 2309 pror-

186 2340 258 2368 sus
279 2326 416 2367 simile
440 2333 534 2367 erat
554 2326 614 2367 illi
635 2325 765 2382 Tyrio
783 2343 792 2375 ;
828 2324 998 2367 Herod.
1019 2325 1062 2366 ii.
1083 2325 1139 2365 44
1157 2342 1167 2373 ;
1200 2323 1401 2365 Philostr.
1424 2339 1464 2365 v.
1486 2324 1527 2364 4.

227 2452 242 2474 ἢ
265 2453 396 2485 Phaedr.
423 2452 465 2485 iv.
494 2455 545 2484 11.
594 2453 689 2486 Coelo
715 2459 864 2495 receptus
933 2452 1030 2484 Italia
1057 2452 1162 2495 plures
1186 2458 1367 2487 occurrunt,
1390 2452 1432 2482 H.
1456 2451 1612 2488 Monoeei,

185 2510 312 2546 propter
345 2503 479 2536 virtutes
517 2505 684 2541 Hercules,
716 2504 866 2535 veniente
935 2503 1099 2540 Labronis,
1115 2503 1148 2534 in
1169 2503 1286 2546 quibus
1306 2503 1391 2534 fama
1411 2502 1545 2538 accedit,
1562 2513 1615 2533 eos

189 2554 298 2591 Pluto,
315 2555 370 2596 qui
394 2555 542 2586 Fortunae
567 2561 615 2586 est
638 2555 734 2591 filius,
753 2554 867 2586 avertit
936 2554 976 2585 ab
1013 2554 1080 2596 ipso
1111 2553 1251 2585 Hercule
1288 2553 1433 2585 conditos
1463 2563 1542 2589 esse,
1573 2553 1614 2584 ad

188 2605 309 2642 oculos,
339 2604 473 2636 dicens:
514 2609 534 2622 “
553 2605 619 2637 Odi
656 2605 760 2642 illum,
791 2604 868 2647 quia
936 2605 1110 2636 Pboenices
1132 2604 1288 2648 pertinere
1304 2604 1462 2641 videntur,
1477 2603 1532 2646 qui
1548 2614 1614 2635 om-

187 2654 280 2686 malis
310 2655 434 2686 amicus
463 2661 522 2692 est,
552 2655 712 2698 simulque
741 2655 866 2698 objecto
936 2655 989 2687 nia
1004 2656 1038 2687 in
1054 2656 1227 2688 Herculem
1243 2662 1406 2697 tamquam
1424 2665 1538 2686 nomen
1554 2654 1612 2685 ali-

187 2711 306 2736 cuncta
321 2705 492 2748 cormmpit
508 2706 631 2738 lucro.'’
936 2706 1021 2748 quod
1037 2706 1159 2739 illustre
1175 2706 1397 2738 cumulabant.
1425 2705 1508 2738 Vide
1524 2705 1615 2747 Virg.

229 2753 237 2775 5
259 2755 328 2798 Ipsi
353 2763 463 2799 portus
488 2756 648 2795 Herculis,
673 2767 807 2799 quorum
834 2755 865 2787 in
936 2756 998 2788 vol.
1015 2756 1061 2789 iii.
1078 2764 1190 2789 nostrae
1209 2756 1290 2789 Con.
1308 2767 1338 2799 p.
1354 2757 1430 2788 203.
1446 2761 1518 2787 note
1535 2756 1612 2787 831.
