1809 3220
240 185 328 227 216

641 181 689 224 P.
725 182 940 225 OVIDII
977 182 1260 225 NASONIS

244 301 360 349 Non
387 316 481 363 ego
506 298 746 347 nobilior:
787 299 954 363 posita
977 305 1057 347 est
1082 299 1203 346 mihi
1228 297 1364 361 regia
1388 297 1542 354 coe103

309 377 547 425 Possidet
572 376 698 423 alter
724 391 910 438 aquas;
953 376 1078 423 alter
1102 375 1251 423 inane
1277 376 1448 422 chaos.

1556 376 1655 421 600

244 455 347 503 Sed
375 454 416 501 si
440 453 568 500 forte
594 452 684 500 tibi
711 470 810 501 non
837 460 916 501 est
941 453 1183 501 mutabile
1209 459 1406 517 pectus,

311 532 527 595 Statque
554 530 709 578 semel
730 530 893 594 juncti
919 547 1152 595 rumpere
1177 530 1343 578 vincla
1366 530 1477 586 tori,

243 609 355 656 Hoc
382 624 588 672 quoque
612 614 884 663 tentemus,
912 607 1165 670 siquidem
1185 608 1363 671 jejuna
1389 605 1655 655 remansit:

311 687 400 734 Sin
427 686 620 743 minus3
663 685 841 733 inferni
867 685 1096 749 conjugis
1121 701 1248 732 uxor
1274 684 1385 733 erit.

242 764 450 812 Tartara
469 765 644 827 jussus
670 762 776 810 adit
801 762 981 810 sumtis
1010 761 1285 810 Caducifer
1309 761 1429 819 alis3

1561 763 1658 808 605

313 841 521 906 Speque
547 841 675 889 redit
699 841 862 896 citius,
890 840 1099 904 visaque
1125 847 1263 888 certa
1289 838 1454 887 refert.

246 918 418 982 Rapta
441 919 617 974 tribus,
645 918 790 974 dixit,
815 918 962 966 solvit
981 918 1177 982 jejunia
1202 917 1388 981 granis,

312 995 508 1043 Punica
533 1011 646 1058 quae
672 996 809 1043 lento
835 996 1023 1043 cortice
1049 1011 1201 1060 poma
1224 1001 1419 1057 tegunt.

247 1071 397 1120 Haud
424 1088 570 1119 secus
596 1072 823 1128 indoluit,
846 1088 1000 1135 quam
1026 1072 1065 1119 si
1092 1072 1240 1119 modo
1263 1078 1408 1135 rapta
1430 1070 1611 1119 fuisset

314 1149 501 1198 Moesta
526 1166 709 1214 parens
728 1169 738 1207 ;
779 1151 930 1214 longa
953 1151 1140 1214 vixque
1162 1149 1352 1198 refecta
1377 1164 1517 1196 mora
1540 1155 1635 1196 est.

244 1227 414 1291 Atque
439 1228 524 1284 ita,
554 1227 664 1275 Nec
689 1228 835 1275 nobis
861 1228 1046 1275 coelum
1072 1235 1151 1275 est
1175 1227 1467 1283 habitabile,
1494 1226 1624 1273 dixit
1645 1244 1656 1281 ;

312 1304 542 1353 Taenaria
567 1305 720 1369 recipi
746 1321 826 1353 me
852 1321 1058 1369 quoque
1083 1305 1213 1352 valle
1234 1305 1375 1367 jube.

1562 1306 1658 1351 612

246 1381 314 1429 Et
337 1382 530 1430 factura
553 1381 674 1439 fuit3
715 1390 896 1446 pactus
923 1383 1018 1430 nisi
1043 1381 1246 1446 Jupiter
1271 1390 1422 1438 esset,

317 1459 406 1506 Bis
432 1460 592 1507 tribus
618 1467 673 1507 ut
697 1461 822 1507 coelo
849 1460 1108 1507 mensibus
1134 1459 1218 1506 illa
1242 1459 1385 1506 foret.

246 1536 376 1584 Tum
392 1537 596 1585 demum
613 1537 886 1601 vultusque
904 1538 1079 1594 CereS‚
1100 1537 1426 1600 animumque
1442 1536 1657 1601 recepit:

317 1614 669 1678 Imposuitque
695 1631 799 1662 suae
826 1615 999 1678 spicea
1024 1623 1158 1663 serta
1183 1630 1356 1662 comae.

289 1762 364 1793 603.
402 1762 537 1793 Metam.
564 1762 650 1793 dieto
676 1762 744 1794 loco
772 1763 918 1796 additur:

245 1824 316 1843 uam
347 1814 389 1843 sic
428 1812 599 1843 Parcarum
626 1813 749 1853 foedere
780 1820 918 1844 cautum.

246 1862 323 1892 Erat
346 1861 397 1892 lex
420 1861 565 1897 fatorum,
581 1867 616 1892 ut
637 1862 755 1893 nemini
777 1863 817 1893 ab
840 1862 918 1894 inse-

247 1911 289 1941 ris
304 1910 406 1941 redire
427 1910 550 1946 liceret,
567 1911 622 1952 qui
637 1910 680 1941 ibi
704 1911 825 1953 aliquid
845 1923 919 1953 gus-

246 1965 355 1990 tasset.
379 1959 472 1990 Pluto
482 1960 577 2000 igitur
589 1959 808 2002 Proserpinam
823 1962 919 2002 prius,

249 2019 345 2050 quam
358 2008 541 2044 dimitteret,
553 2019 685 2049 granum
696 2010 821 2050 punicei
833 2009 920 2047 mali,

248 2056 342 2099 ῥοιῆς
356 2057 484 2093 κόκκον,
501 2056 659 2088 edendum
674 2057 782 2096 dedit3
810 2058 920 2099 hymn.

250 2107 379 2138 Homer.
403 2107 486 2144 3353
521 2107 715 2144 371—412;
746 2106 921 2149 Apollodo-

248 2167 311 2192 rus,
341 2156 427 2187 dicto
457 2156 538 2186 loco.
585 2155 647 2186 Sed
677 2157 813 2187 Metam.
837 2156 923 2187 dicto

249 2207 329 2242 loco,
342 2204 532 2247 Proserpina
547 2205 714 2236 ambulans
727 2212 837 2248 sponte
850 2217 922 2248 sep·

250 2261 314 2287 tem
338 2265 438 2296 grana
459 2254 607 2286 comedit.
653 2255 733 2286 Eam
755 2261 861 2286 autem
881 2256 922 2286 ob

252 2315 381 2335 causam
409 2304 741 2346 Thesmophoriazusae
781 2304 919 2336 abstine-

250 2354 328 2384 bant
344 2364 362 2384 a
377 2352 469 2384 malis
483 2353 638 2395 puniceis.
676 2354 836 2385 Caeterum
854 2354 922 2395 ejus

250 2402 374 2444 generis
399 2403 524 2433 arbores
546 2402 640 2432 etiarn
664 2402 832 2438 Homerus,
855 2402 921 2434 Od.

253 2455 293 2483 A.
309 2452 384 2483 589.
400 2450 485 2492 apud
507 2450 621 2481 inferos
636 2450 740 2481 finxit.
790 2452 923 2483 Caduci-

242 2501 301 2542 fer
316 2501 349 2531 in
361 2500 479 2542 hymno
494 2500 624 2531 Homer.
635 2510 699 2530 ver.
714 2501 788 2532 335.
802 2500 834 2531 in
846 2501 922 2532 Ere-

254 2550 330 2580 bum
356 2548 503 2584 mittitur,
526 2553 560 2579 ut
582 2548 752 2579 Plutonem
781 2549 924 2585 deliniat,

254 2599 537 2640 Proserpinamque
554 2597 627 2628 inde
642 2597 786 2629 reducat.

299 2649 374 2679 611.
402 2647 587 2678 Taubnerus
608 2647 652 2677 sic
676 2646 828 2688 distingui
844 2648 923 2684 vult,

258 2699 368 2738 Atque,
387 2696 437 2728 Ita
460 2708 514 2727 uec
536 2698 627 2732 uobz'5‚
644 2702 706 2726 etc.
751 2696 813 2727 Sed
834 2704 924 2737 atque

255 2749 297 2776 ita
311 2756 395 2777 nunc
409 2755 534 2787 quoque
546 2751 648 2787 potest
663 2756 741 2780 esse,
754 2755 816 2786 quo
830 2745 922 2781 facto,

1563 1616 1661 1662 616

989 1770 1067 1800 tum,
1084 1771 1118 1795 ut
1140 1775 1235 1807 saepe.
1283 1765 1353 1795 Non
1378 1764 1552 1799 habitabile,
1567 1762 1664 1794 obsti-

989 1820 1099 1845 natum
1115 1814 1192 1844 mihi
1208 1821 1257 1845 est
1277 1825 1339 1845 non
1359 1813 1495 1856 amplius
1517 1812 1662 1844 habitare

989 1863 1022 1894 in
1054 1863 1158 1902 coelo;
1196 1863 1308 1904 hymn.
1340 1863 1468 1893 Homer.
1494 1863 1578 1893 331:
1615 1861 1665 1893 Οὐ

988 1914 1049 1954 μὲν
1064 1911 1129 1954 γάρ
1151 1924 1231 1944 ποτε
1255 1911 1353 1953 φάσκε
1376 1910 1515 1949 Θυώδεος
1530 1910 1661 1952 Οὐλύμ-

991 1973 1066 1993 ποιο
1082 1963 1164 2003 πρὶν
1176 1961 1205 2003 γ’
1218 1961 1448 2002 ἐπιβήσεσθαι,
1462 1961 1546 2002 πρὶν
1557 1960 1585 2002 γ’
1601 1959 1664 1991 ἴδοι

990 2011 1207 2052 ὀφθαλμοισιν
1245 2010 1306 2049 ἑὴν
1340 2008 1486 2040 ἐυώπιδα
1523 2009 1663 2051 κούρην.

992 2060 1108 2090 Pactus
1122 2066 1206 2095 esset,
1220 2058 1424 2101 promisisset.
1470 2058 1666 2090 Perdidisset

991 2109 1089 2140 Ceres
1124 2114 1224 2139 totum
1260 2119 1361 2149 genus
1390 2108 1575 2144 humanum,
1605 2108 1665 2139 nisi

991 2158 1115 2197 Jupiter
1131 2157 1346 2189 succurrisset.
1375 2158 1419 2193 Is,
1436 2168 1535 2199 quum
1549 2157 1665 2188 frustra

992 2206 1079 2237 Deos
1104 2206 1254 2248 deinceps
1275 2217 1384 2237 omnes
1400 2205 1582 2238 Eleusinem
1607 2208 1666 2237 mi-

992 2255 1084 2286 sisset
1106 2255 1146 2286 ad
1162 2256 1266 2286 Deam
1288 2255 1519 2292 arcessendam,
1535 2255 1667 2287 tandem

989 2316 1045 2346 per
1057 2305 1183 2336 Rheam
1198 2305 1227 2336 ei
1239 2305 1331 2336 offert
1344 2304 1558 2337 conditionem
1571 2305 1667 2342 hanc,

991 2360 1026 2385 ut
1046 2354 1112 2386 filia
1132 2354 1259 2385 tertiam
1281 2354 1435 2396 cujusque
1457 2356 1532 2385 anni
1546 2360 1667 2396 partem

991 2414 1064 2434 cum
1092 2404 1227 2435 Plutone
1255 2403 1306 2440 sit,
1328 2403 1408 2434 duas
1430 2403 1570 2445 reliquas
1594 2415 1667 2435 cum

992 2459 1092 2484 matre
1119 2453 1151 2484 in
1175 2453 1278 2491 coelo;
1316 2451 1425 2494 hymn.
1448 2452 1578 2483 Homer.
1603 2453 1668 2484 305

992 2512 1065 2543 sqq.
1091 2503 1177 2540 445;
1213 2501 1258 2533 sic
1286 2506 1318 2532 et
1342 2500 1492 2543 Apollod.
1538 2501 1601 2532 Sed
1626 2503 1669 2532 bis

994 2552 1090 2581 tribus
1103 2552 1249 2582 mensibus
1263 2555 1312 2581 est
1324 2549 1420 2581 etiam
1434 2550 1569 2581 Metam.
1581 2549 1668 2581 dicto

991 2599 1074 2635 loco,
1090 2605 1122 2630 et
1137 2599 1280 2641 Hygino,
1299 2599 1364 2630 fab.
1385 2599 1457 2630 146.

1036 2650 1111 2680 615.
1134 2650 1251 2685 Mater,
1268 2649 1333 2679 filia
1348 2655 1487 2690 recepta,
1498 2647 1571 2686 ἥϊξ’,
1588 2647 1666 2685 ἠΰτε

991 2699 1112 2739 μαινὰς
1136 2699 1212 2739 ὄρος
1232 2697 1317 2730 κάτα
1337 2696 1471 2728 δάσκιον
1494 2697 1589 2735 ὕλης,
1608 2707 1666 2727 nec

993 2746 1064 2777 filiae
1078 2746 1230 2787 gaudium
1248 2746 1372 2784 minus;
1396 2746 1506 2787 hymn.
1516 2746 1580 2777 385
1596 2756 1666 2787 sqq.
