1830 3220
542 175 893 218 FASTORUM
930 176 1050 217 Llss.
1088 176 1123 216 Ι.
1496 182 1554 221 -37

135 293 262 342 Mox
289 293 446 341 honor
469 293 706 357 eripitur:
738 299 1069 356 matronaque
1095 293 1317 341 destinat
1343 295 1506 341 omnis

205 371 436 435 Ingratos
463 372 602 419 nulla
626 372 766 435 prole
788 386 972 418 novare
997 370 1147 418 viros.

137 450 280 499 Neve
303 451 448 499 daret
472 458 662 515 partus,
691 451 794 498 ictu
815 449 1084 498 temeraria
1109 467 1245 498 caeco

202 529 497 576 Visceribus
525 544 759 576 crescens
786 528 1083 576 excutiebat
1107 545 1252 577 onus.

135 605 455 670 Corripuisse
481 612 652 670 patres
680 622 828 654 ausas
854 605 1068 653 immitia
1092 613 1294 670 nuptas,
1459 610 1556 655 625

201 682 232 730 J
238 700 295 731 us
323 691 493 732 tamen
520 691 783 732 exemtum
811 684 1110 740 restituisse,
1139 684 1322 731 ferunt.

135 760 371 825 Binaque
397 778 530 810 nunc
556 762 744 827 pariter
769 761 999 826 Tegeaeae
1026 778 1167 810 sacra
1194 763 1388 827 parenti

204 839 304 887 Pro
331 840 499 904 pueris
524 840 630 888 fieri
655 840 1037 904 virginibusque
1057 841 1259 904 jubent.

134 916 347 966 Scortea
371 935 470 966 non
495 918 564 966 illi
589 918 664 967 fas
699 926 778 967 est
802 919 983 967 inferre
1009 920 1213 975 sacello,

204 996 284 1044 Ne
310 997 499 1045 violent
524 1015 676 1063 puros
703 999 994 1046 exanimata
1017 998 1173 1046 focos.

1459 1002 1557 1046 (530

136 1074 190 1122 Si
218 1075 332 1138 quis
358 1091 498 1123 amas
524 1076 648 1124 ritus
670 1085 883 1135 veteres,
913 1078 1093 1126 assiste
1119 1077 1375 1142 precanti:

205 1152 426 1202 Nomina
452 1155 700 1220 percipies
726 1173 826 1205 non
853 1157 946 1205 tibi
973 1164 1092 1206 nota
1117 1157 1273 1221 prius.

134 1228 364 1279 Porrima
388 1232 654 1296 placantur
680 1233 1066 1299 Postvertaque,
1095 1234 1199 1282 sive
1225 1251 1437 1291 sorores,

204 1309 321 1357 Sive
345 1309 478 1373 fugae
499 1311 730 1368 comites,
760 1311 968 1361 Maenali
998 1313 1256 1377 Nympha,
1284 1320 1400 1360 tuae.

133 1386 324 1444 Altera,
353 1389 491 1453 quod
517 1406 662 1454 porro
688 1390 865 1449 fuerat,
894 1392 1141 1441 cecinisse
1168 1398 1403 1456 putatur:
1457 1395 1555 1440 635

202 1464 394 1523 Altera,
421 1483 682 1515 versurum
711 1471 979 1534 postmodo
999 1469 1249 1535 quidquid
1277 1477 1399 1518 erat.

136 1543 419 1592 CANDIDA
445 1552 496 1593 te
523 1545 667 1594 niveo
692 1548 863 1611 posuit
886 1549 975 1596 lux
1000 1549 1231 1614 proxima
1255 1548 1461 1612 temple,

203 1621 319 1678 Qua
342 1622 440 1671 fert
464 1625 705 1673 sublimes
732 1626 833 1674 alta
860 1625 1072 1675 Moneta
1095 1626 1298 1690 gradus.

178 1769 254 1800 629.
278 1768 412 1806 Sem-tea,
429 1780 499 1812 quae
523 1781 561 1801 ex
581 1770 665 1801 corio
687 1777 719 1802 et
743 1771 813 1814 pel-

134 1818 218 1850 libus
233 1824 307 1850 sunt
322 1820 428 1857 facta3
455 1820 555 1852 Varro
569 1820 608 1851 de
626 1821 718 1862 Ling.
735 1822 810 1852 Lat.

134 1869 190 1901 lib.
208 1868 250 1900 vi.
272 1869 325 1900 ubi
350 1869 461 1901 addit:
488 1875 509 1888 “
527 1870 608 1902 Inde
634 1870 666 1902 in
691 1871 813 1913 aliquot

135 1919 234 1951 sacris
257 1929 294 1951 ac
319 1920 445 1951 sacellis
460 1920 612 1963 scriptum
633 1921 811 1953 habemus:

137 1971 189 2002 Ne
216 1969 294 2012 quid
319 1975 477 2002 scorteum
502 1970 705 2008 adhibeatur,
727 1971 812 2009 ideo,

136 2031 175 2052 ne
202 2019 405 2051 morticinum
427 2020 505 2062 quid
528 2020 644 2052 adsit.”
670 2022 813 2063 Nympha

137 2070 235 2102 etiam
261 2081 280 2102 a
304 2070 453 2112 Virgilio,
479 2071 612 2102 AEneid.
636 2071 704 2102 viii.
733 2073 810 2103 336.

137 2121 313 2153 Carmenta
342 2126 484 2152 vocatur.
534 2120 686 2152 Heinsius
724 2121 815 2152 malit

138 2170 310 2206 Postvorta,
333 2176 369 2201 ut
393 2170 479 2212 apud
504 2170 718 2208 Mam-obium,
744 2171 813 2202 Sat.

137 2220 159 2253 i.
176 2222 209 2252 7,
236 2225 257 2238 “
272 2221 356 2252 sicut
377 2219 555 2252 Antevorta
580 2225 612 2252 et
635 2221 814 2257 Postvorta,

137 2270 313 2302 divinitatis
338 2269 462 2302 scilicet
481 2270 651 2313 aptissimae
673 2271 814 2308 comites,

139 2320 226 2363 apud
253 2320 416 2351 Romanos
445 2321 626 2352 coluntur.''
664 2321 815 2363 Denique

139 2370 279 2402 notanda
294 2375 327 2402 et
348 2375 422 2401 sunt
436 2370 535 2401 Gellii
554 2370 648 2402 Noct.
665 2370 737 2402 Att.
751 2370 817 2401 xvi.

138 2421 170 2452 6.
185 2421 292 2457 verba,
308 2419 363 2451 ubi
379 2421 419 2451 de
435 2420 620 2452 mulieribus
642 2431 724 2463 aegre
746 2421 815 2452 eni-

137 2470 279 2502 tentibus
301 2481 424 2502 sermo:
453 2475 473 2488 “
491 2470 586 2512 hujus
606 2470 738 2513 periculi
760 2471 815 2502 de-

137 2521 290 2562 precandi
299 2532 397 2553 causa
408 2532 470 2552 arae
480 2527 607 2553 statutae
619 2528 692 2553 sunt
701 2522 814 2553 Romae

139 2571 266 2603 duabus
286 2571 531 2603 Carmentibus:
559 2583 692 2614 quarum
716 2573 816 2604 altera

144 2622 308 2654 Postverta
334 2622 497 2654 nominata
523 2629 583 2659 est,
614 2623 712 2654 Prosa
740 2623 812 2664 (alii

139 2671 271 2711 Prorsa)
300 2671 423 2711 altera3
461 2682 479 2703 a
508 2672 585 2703 recti
609 2672 813 2715 perversique

139 2726 248 2762 partus
263 2727 297 2753 et
312 2727 469 2764 potestate
479 2727 511 2753 et
527 2721 688 2753 nomine.’'
719 2722 815 2752 Porro

139 2780 222 2812 saepe
249 2770 417 2811 significat,
445 2771 477 2802 in
502 2772 660 2810 futurum;
691 2771 745 2803 sed
777 2783 813 2802 ex

882 1772 913 1802 h.
938 1772 960 1804 l.
986 1778 1128 1815 apparet,
1153 1772 1275 1803 dictum
1302 1771 1398 1802 etiarn
1426 1781 1492 1802 esse
1517 1770 1557 1801 de

881 1828 1023 1865 tempore
1053 1821 1223 1864 praeterim,
1254 1821 1344 1863 cujus
1372 1820 1554 1862 significati-

881 1872 949 1902 onis
970 1871 1153 1913 exemplum
1178 1870 1238 1902 sibi
1263 1870 1437 1902 occurrisse
1462 1876 1556 1911 negat

883 1923 1099 1953 Burmannus.
1141 1921 1179 1952 In
1197 1920 1310 1962 Regiis
1325 1920 1424 1951 tribus
1440 1919 1557 1962 reperi-

882 1983 952 2003 mus
968 1979 1143 2008 ventumm,
1156 1971 1240 2013 quod
1254 1970 1410 2013 quadrare
1423 1981 1486 2001 non
1503 1981 1555 2012 po-

881 2028 955 2059 test,
969 2022 1029 2053 nisi
1044 2033 1118 2053 cum
1136 2022 1298 2053 Postrenta
1311 2033 1321 2058 ,·
1349 2021 1408 2052 hoc
1425 2020 1556 2063 quidam

881 2074 1039 2106 dederunt
1054 2073 1121 2104 sine
1137 2071 1340 2104 auctoritate.

927 2125 1002 2156 637.
1023 2122 1170 2154 Proximo
1189 2122 1255 2159 die,
1270 2132 1384 2164 nempe
1403 2120 1455 2152 die
1478 2120 1556 2151 xvii.

883 2173 1024 2205 Kalend.
1034 2173 1185 2204 Februar.
1196 2177 1285 2203 tuum
1298 2171 1464 2214 templum,
1478 2171 1556 2201 Con-

882 2225 998 2260 cordia,
1015 2223 1210 2254 dedicatum.
1250 2222 1299 2252 Ea
1324 2221 1397 2252 Dea
1416 2221 1557 2263 quinque

885 2274 998 2305 Romae
1028 2273 1147 2315 templa
1177 2272 1336 2310 habebat3
1360 2282 1445 2302 nunc
1476 2271 1557 2302 anti-

884 2323 1073 2366 quissimum
1089 2322 1179 2354 intel.
1218 2322 1257 2353 In
1275 2331 1360 2358 area,
1373 2320 1428 2352 ubi
1440 2321 1558 2352 Manlii

884 2373 997 2404 domus
1018 2378 1162 2409 steterat,
1185 2371 1322 2414 populus
1347 2370 1449 2401 aedem
1465 2371 1556 2405 Deae.

885 2434 981 2465 quam
1003 2423 1158 2454 Monetam
1174 2422 1343 2457 vocabant,
1360 2420 1530 2452 aedificavit
1547 2432 1554 2457 ;

889 2472 1054 2504 Plutarch.
1074 2472 1190 2504 Camil.
1216 2473 1276 2510 36;
1301 2470 1557 2502 adscendebatur

884 2528 1013 2554 centum
1026 2524 1186 2565 gradibus.
1204 2522 1252 2552 M.
1272 2521 1389 2551 Furius
1407 2521 1557 2551 Camillus

884 2573 1045 2609 Dictator,
1063 2578 1131 2604 orto
1148 2578 1235 2603 motu
1255 2571 1354 2607 civili,
1370 2571 1410 2602 ad
1427 2571 1556 2613 Capito-

884 2623 962 2655 lium
979 2623 1160 2666 respiciens,
1178 2623 1265 2654 Deos
1285 2627 1431 2664 precatus
1446 2628 1504 2657 est,
1522 2629 1554 2652 ut

882 2672 1070 2704 seditionem
1119 2673 1201 2704 bene
1235 2677 1355 2703 vertere
1391 2671 1554 2713 juberent,

884 2722 1050 2764 aedemque
1082 2722 1266 2758 Canem-dice,
1294 2721 1319 2752 si
1344 2726 1448 2751 motus
1474 2726 1554 2751 esset

884 2771 1026 2807 sedatus,
1050 2771 1145 2803 vovit.
1193 2773 1285 2802 Motu
1302 2769 1484 2811 composito,
1501 2769 1556 2800 ‹lc›-
