1830 3220
667 170 1141 214 HALIEUTICON.

1529 172 1616 214 447

187 291 288 348 Qui
317 291 545 340 nondum
572 291 701 356 gerit
725 291 776 339 in
802 298 978 340 tenera
996 293 1103 356 jam
1130 305 1322 337 cornua
1345 288 1538 338 fronte:

187 371 273 419 Sic
300 371 462 418 damae
488 369 708 434 fugiunt,
736 378 969 435 pugnant
994 369 1179 418 virtute
1206 369 1400 426 leones,

187 449 255 498 Et
280 465 449 498 morsu
477 449 638 505 canis,
667 456 719 497 et
743 449 920 497 caudae
947 448 1020 496 sic
1048 448 1277 512 scorpios
1304 448 1435 506 ictu;
1589 450 1618 494 5

187 528 574 593 Concussisque
601 527 727 576 levis
753 527 937 592 pennis
965 526 1037 574 sic
1064 527 1232 575 evolat
1257 527 1379 575 ales.

187 607 443 656 Omnibus
471 607 656 672 ignotae
685 607 860 655 mortis
887 606 1055 663 timor,
1084 606 1322 654 omnibus
1350 607 1568 662 hostem,

187 687 602 751 Praesidiumque
627 687 804 734 datum
833 686 1040 742 sentire,
1070 693 1121 734 et
1146 701 1359 734 noscere
1384 685 1473 734 teli

187 767 410 831 Vimque
428 766 742 830 modumque
760 765 861 814 sui:
885 765 957 813 sic
976 773 1027 814 et
1041 765 1230 813 Scarus
1242 772 1349 813 arte
1365 765 1460 812 sub
1473 764 1624 812 undis

187 845 394 903 Incidit,
420 845 852 910 adsumptamque
873 845 990 892 dolo
1017 844 1226 893 tandem
1253 851 1408 909 pavet
1433 860 1622 892 escam.

190 924 308 974 Non
336 925 493 973 audet
519 925 672 973 radiis
700 923 892 972 obnixa
917 940 1183 972 occurrere
1210 922 1404 981 fronte;
1567 927 1615 971 1]

187 1003 412 1053 Aversus
439 1005 617 1053 crebro
642 1005 810 1052 vinem
838 1004 929 1053 sed
958 1005 1164 1052 verbere
1192 1003 1369 1052 caudae

190 1083 394 1132 Laxans
421 1084 769 1149 subsequitur,
798 1091 1073 1149 tutumque
1100 1083 1270 1132 evadit
1295 1083 1346 1130 in
1371 1099 1563 1147 aequor.

190 1163 328 1233 Quin
353 1165 507 1213 etiam
535 1165 575 1213 si
603 1164 730 1213 forte
756 1164 958 1230 aliquis,
987 1165 1108 1212 dum
1136 1180 1269 1229 pone
1295 1170 1512 1220 nataret,

191 1242 336 1292 Mitis
361 1244 644 1293 luctantem
673 1244 861 1292 Scarus
889 1244 1025 1293 hunc
1052 1243 1102 1291 in
1129 1243 1314 1291 vimine
1343 1242 1482 1299 vidit,
1566 1246 1627 1291 15

190 1442 333 1474 nazarii:
369 1444 494 1474 minaci.
549 1443 642 1474 Forte
662 1456 668 1473 :
703 1446 723 1460 “
747 1466 776 1474 ..
790 1467 798 1474 .
815 1442 874 1474 Yi-

190 1493 278 1525 tulus
301 1493 346 1525 sic
371 1504 510 1536 namque
536 1493 666 1531 minaci,
688 1494 769 1532 Quae
797 1504 876 1525 non-

190 1542 269 1575 dum
322 1544 416 1587 gerit,
460 1544 598 1576 intentat
640 1545 709 1587 jam
758 1555 878 1576 cornua

192 1593 332 1627 fronte.''

235 1645 266 1676 6.
297 1645 545 1687 Concussisque]
587 1646 806 1687 Conciti-sisque
835 1646 875 1676 Ie-

192 1698 237 1727 vis
251 1698 360 1736 penm's
376 1697 470 1727 MSS.
494 1697 652 1728 Verics.
701 1696 813 1728 Pinnis
829 1695 880 1728 ed.

193 1747 331 1779 Gesneri
347 1755 379 1778 et
394 1746 524 1779 Pithaei.

239 1798 272 1829 9.
297 1798 348 1829 Sic
364 1805 393 1829 et
410 1798 535 1834 Scarus,
553 1797 648 1829 MSS.
664 1800 706 1829 sic
723 1797 879 1836 Escums,

193 1853 227 1879 et
247 1847 292 1880 sie
315 1848 426 1880 itidem
446 1858 526 1880 vers.
543 1849 596 1880 38.
643 1846 786 1879 Isidorus
800 1859 880 1890 quo-

195 1910 259 1942 que
277 1899 426 1931 Escarum
444 1910 500 1941 pro
517 1900 611 1930 Scaro
631 1898 737 1941 posuit
752 1898 808 1930 lib.
823 1898 881 1930 xii.

197 1960 226 1981 c.
242 1950 276 1981 6.
291 1955 324 1981 et
347 1950 388 1981 ab
415 1961 479 1981 esca
505 1949 626 1981 dictum
653 1949 755 1980 finxit.
803 1949 881 1981 Ges-

198 2010 294 2032 nerus
309 2001 459 2043 ἔσχαρον
479 2000 567 2032 aliud
590 1999 732 2043 aquatile
753 1999 884 2037 animal,

197 2061 216 2082 a
246 2052 344 2083 Scaro
382 2052 476 2094 longe
507 2051 669 2083 diversum
705 2051 882 2082 constituit.

197 2102 284 2134 Nam
301 2103 410 2134 ethim
425 2101 546 2146 σκάρος
559 2102 684 2135 Graecis
696 2108 756 2134 est.
771 2102 885 2142 Nobis,

198 2153 244 2185 Le
260 2154 365 2186 Scare.

246 2205 298 2236 10.
322 2204 471 2247 Incidit]
499 2206 552 2236 Ita
571 2204 676 2236 Gesn.
699 2210 735 2236 ut
757 2204 885 2247 supple-

197 2261 341 2286 mentum
359 2255 486 2298 juvaret
507 2255 601 2286 MSS.
617 2260 649 2286 et
665 2254 741 2286 Ald.
757 2256 884 2292 decidit,

198 2305 285 2348 quod
311 2317 382 2337 meo
408 2305 541 2338 insititio
567 2304 672 2337 versui
701 2305 885 2348 quadraret.

199 2357 286 2387 Ante
310 2355 396 2387 hunc
413 2367 537 2388 versum
558 2357 725 2398 legebatur
740 2358 805 2387 sin.-
831 2366 883 2387 ce-

198 2412 268 2439 tera
285 2407 377 2438 hiatu
394 2407 490 2439 unius
506 2418 616 2439 versus
637 2406 749 2438 relicto
764 2419 772 2446 3
798 2406 886 2449 quod

198 2467 239 2489 ex
261 2457 389 2489 diversa
409 2457 548 2489 lectione
563 2459 622 2490 τοῦ
638 2459 753 2489 decidit
774 2463 886 2489 natum

199 2513 299 2551 put03
324 2507 377 2539 cui
401 2507 518 2550 aliquis
544 2507 801 2551 superscripserit
825 2507 885 2539 In.-

199 2558 260 2590 hoc
279 2564 339 2595 est,
354 2559 418 2595 vel,
435 2558 566 2590 Incidit.
613 2559 756 2590 Incidere
775 2570 882 2596 escam,

200 2613 236 2639 ut
267 2608 410 2640 Incidere
446 2616 556 2641 terras·
612 2609 694 2641 Met.
726 2609 778 2640 vii.
808 2611 884 2641 524.

199 2658 523 2692 HE1NS.-—Swartius
534 2660 664 2702 legebat
678 2672 685 2692 z
707 2665 727 2678 ‘⁶
740 2659 884 2703 Decipit,

201 2709 472 2752 absumptamque
495 2710 569 2742 dolo
585 2711 654 2754 jam
675 2710 814 2754 depavet
835 2722 884 2743 es-

201 2760 314 2792 cam.’'
369 2762 604 2804 Assumptaque.
665 2762 770 2800 Forte,
799 2773 884 2794 assu-

203 2817 324 2853 tamque
339 2812 407 2844 dolo
421 2823 530 2844 escam.

992 1443 1043 1473 12.
1076 1442 1210 1473 Aversus
1243 1443 1347 1473 crebro
1384 1443 1507 1473 veniens
1545 1441 1628 1483 suh]

946 1493 1084 1529 Plinius,
1109 1493 1165 1524 lib.
1191 1493 1291 1524 xxxii.
1314 1504 1343 1524 c.
1363 1494 1394 1525 2.
1440 1492 1560 1524 “Mihi
1584 1493 1630 1524 vi-

948 1544 1064 1576 dentur
1093 1543 1184 1580 mira,
1212 1555 1284 1586 qua»,
1316 1543 1453 1576 Ovidius
1481 1544 1632 1587 prodidit,

948 1594 1083 1637 piscium
1099 1594 1239 1636 ingenia,
1256 1594 1288 1625 in
1305 1605 1342 1626 eo
1360 1594 1532 1632 volumine,
1549 1595 1634 1638 quod

948 1644 1157 1676 Halieuticon
1185 1643 1387 1676 inscribitur:
1422 1645 1555 1677 Scarum
1585 1644 1633 1677 in-

951 1697 1076 1728 clusum
1107 1695 1209 1727 nassis
1234 1707 1298 1727 non
1328 1696 1428 1728 fronte
1457 1708 1635 1740 erumpere,

954 1757 1011 1778 nec
1031 1746 1154 1778 infestis
1173 1746 1345 1778 viminibus
1366 1753 1465 1789 caput
1485 1747 1635 1786 inserere,

953 1797 1009 1829 sed
1041 1807 1187 1828 aversum
1219 1796 1332 1828 caudae
1363 1797 1482 1830 ictibus
1517 1800 1636 1831 crebris

953 1848 1061 1880 laxare
1077 1847 1169 1882 fores.
1183 1854 1279 1890 atque
1293 1847 1339 1879 ita
1349 1854 1519 1881 retrorsum
1532 1861 1637 1882 erum-

953 1909 1048 1942 pere:
1085 1909 1180 1942 quem
1210 1900 1370 1931 luctatum
1400 1901 1470 1944 ejus
1499 1903 1524 1933 si
1557 1902 1637 1934 forte

955 1949 1037 1981 alius
1062 1950 1178 1981 Scarus
1207 1950 1406 1983 extrinsecus
1429 1952 1548 1990 videat,
1576 1964 1635 1997 ap-

954 1999 1112 2042 prehensa
1145 2000 1308 2032 mordicus
1341 2001 1455 2039 cauda,
1485 2003 1637 2046 adjuvare

956 2050 1050 2082 nixus
1065 2051 1486 2095 erumpentis.’'—Oppian.
1501 2054 1638 2089 Halieu-

955 2101 1011 2133 tic.
1028 2102 1072 2133 iv.
1091 2103 1134 2132 44
1147 2113 1218 2144 sqq.

1002 2154 1053 2184 14.
1080 2153 1165 2188 Quin
1184 2155 1275 2184 etiam
1291 2154 1410 2197 siforte
1424 2157 1537 2198 aliquis
1551 2159 1636 2190 dam-

952 2215 1011 2244 pus
1022 2204 1174 2245 nataret]
1222 2204 1305 2235 Dum
1317 2216 1393 2245 pone
1405 2213 1539 2245 nataret,
1552 2209 1638 2242 Pan-

955 2254 1077 2297 tagath.
1101 2260 1133 2286 et
1154 2256 1257 2287 Gesn.
1285 2256 1490 2289 restituerunt
1512 2269 1551 2290 ex
1575 2267 1639 2294 vet.

953 2304 1031 2336 lect.
1052 2316 1124 2347 quae
1147 2311 1195 2336 est
1213 2305 1247 2336 in
1263 2305 1319 2337 Al.
1335 2308 1478 2346 damptus
1500 2316 1637 2344 micaret.

954 2355 1041 2387 Pith.
1062 2358 1189 2397 dampro
1215 2363 1285 2388 nat.
1311 2367 1349 2388 ex
1372 2358 1467 2390 MSS.
1489 2360 1545 2402 qui
1572 2361 1636 2394 ita:

954 2408 1026 2437 dam
1041 2414 1242 2448 prmzatareto
1257 2420 1262 2438 :
1291 2406 1312 2439 s.
1329 2410 1403 2440 dum
1421 2417 1568 2450 pronatat
1589 2425 1638 2444 ex-

956 2460 1188 2500 irm—Aliquis
1209 2460 1279 2490 dam
1296 2467 1431 2500 primata
1453 2468 1536 2493 retro
1551 2463 1638 2496 Thu-

957 2519 1010 2540 an.
1040 2508 1245 2541 Ambrosian.
1273 2511 1343 2541 dam
1374 2522 1429 2552 pro
1460 2519 1536 2544 nuta
1565 2521 1641 2549 rete.

953 2559 1076 2597 Scribe,
1100 2563 1125 2592 si
1138 2560 1229 2603 forte
1252 2561 1345 2598 alius,
1370 2564 1444 2593 dum
1464 2572 1636 2603 pneuatat,

954 2617 1032 2642 arto.
1055 2618 1124 2642 arto
1145 2622 1190 2643 sc.
1212 2611 1341 2649 vimine,
1363 2613 1449 2655 quod
1473 2614 1638 2657 sequitur3

951 2667 1120 2701 praeriatat,
1137 2673 1194 2705 pro
1209 2667 1434 2704 praeternatat3
1458 2664 1519 2695 nisi
1534 2666 1638 2705 malis,

950 2722 1054 2752 prope,
1073 2714 1147 2744 dum
1170 2719 1278 2743 natat:
1303 2719 1408 2755 posset
1427 2719 1459 2745 et
1473 2715 1546 2746 dum
1560 2727 1637 2757 pone

955 2769 1090 2800 nataret,
1110 2774 1183 2795 cum
1207 2763 1413 2806 Pantagatho
1435 2771 1468 2797 et
1492 2765 1636 2800 Gesnero

954 2812 1031 2854 legi.
1078 2814 1198 2846 Hmss.
