1830 3220
561 193 911 236 FASTORUM
943 192 1066 235 LIB.
1087 192 1144 235 V.

1470 193 1558 234 285

147 311 248 358 Seu
275 310 388 374 quis
414 311 478 358 ab
505 310 612 358 Eoo
637 327 728 358 nos
755 310 939 374 impius
966 310 1087 357 orbe
1112 309 1355 365 lacesset;

214 388 317 435 Seu
344 388 458 451 quis
485 389 547 435 ab
573 387 786 435 occiduo
812 388 918 435 sole
944 387 1225 434 domandus
1251 386 1361 433 erit.

143 465 398 529 Prospicit
422 464 746 529 Armipotens
771 465 937 528 operis
962 463 1162 526 fastigia
1182 464 1364 511 summi
1387 482 1397 521 ;

212 543 280 590 Et
304 544 484 607 probat
509 544 721 590 invictos
748 559 946 590 summa
970 550 1142 589 tenere
1169 542 1307 589 deos.

1456 544 1558 589 560

144 620 400 685 Prospicit
424 622 475 668 in
500 621 688 668 foribus
714 621 922 669 diversae
949 620 1050 667 tela
1077 619 1266 682 figurae,

209 699 466 761 Armaque
491 706 733 745 terrarum
760 698 917 745 milite
944 697 1074 744 victa
1100 713 1211 743 suo.

150 774 284 822 Hinc
310 775 448 822 videt
472 775 685 823 AEneam
711 783 974 822 oneratum
999 775 1224 838 pondere
1250 790 1408 829 sacrO,

215 851 282 899 Et
305 860 380 900 tot
406 852 560 900 Iuleae
587 853 866 900 nobilitatis
893 868 1028 899 avos.

147 928 280 977 Hinc
305 931 443 978 videt
468 930 664 978 Iliaden
689 930 913 978 humeris
939 929 1083 977 ducis
1113 945 1252 976 arma
1275 928 1536 984 ferentem,

221 1007 475 1071 Claraque
501 1007 760 1072 dispositis
787 1015 900 1055 acta
926 1007 1136 1054 subesse
1160 1006 1293 1054 viris.

1468 1009 1565 1053 566

156 1085 369 1149 Spectat
395 1093 447 1133 et
471 1085 704 1148 Augusto
732 1092 1034 1149 praetextum
1060 1084 1260 1132 nomine
1296 1084 1564 1148 templum,

221 1162 288 1210 Et
312 1163 491 1220 visum,
519 1164 653 1210 lecto
682 1163 903 1219 Caesare,
931 1162 1094 1225 majus
1121 1178 1270 1225 opus.

151 1382 312 1420 tenebat,'’
334 1382 388 1414 ubi
415 1382 488 1415 vide
511 1390 631 1415 notam.
680 1385 825 1421 Invictos,

150 1433 227 1474 quia
253 1433 359 1463 Roma
381 1432 514 1464 invicta.
562 1434 724 1475 Interpres
747 1435 824 1466 Gal-

148 1482 229 1514 licus
257 1488 349 1525 putat
384 1484 510 1519 Jovem,
551 1484 737 1520 Herculem,
777 1483 824 1526 ip·

150 1543 284 1575 sumque
300 1533 440 1563 Martem
456 1532 606 1575 intelligi.
651 1533 722 1564 Tela
740 1533 825 1564 Nea-

150 1582 231 1625 polis
250 1581 402 1623 intelligit
423 1582 561 1624 insignia
583 1582 825 1625 triumphorum,

152 1632 192 1664 de
218 1633 333 1675 quibus
357 1632 527 1664 Suetonius
549 1633 635 1664 dicto
660 1633 748 1671 loco;
772 1643 826 1664 ve-

150 1694 219 1714 rum
248 1683 317 1714 haee
344 1693 407 1713 non
441 1688 614 1725 potuerunt
640 1684 674 1713 in
701 1683 828 1725 foribus

153 1743 233 1764 esse.
258 1732 405 1774 Intellige
421 1733 481 1763 tela
492 1732 610 1763 toribus
621 1731 673 1763 vel
689 1731 826 1774 insculp-

152 1789 195 1819 ta,
212 1782 263 1813 vel
282 1782 421 1824 praefixa.
468 1781 508 1812 In
524 1782 627 1812 verbis
645 1793 731 1812 arma
747 1784 828 1812 victa

153 1843 216 1863 non
262 1831 402 1863 debebat
447 1831 564 1862 haerere
602 1832 828 1871 Burmannus3

154 1888 227 1913 sunt
243 1882 353 1923 utique
369 1892 457 1912 arma
468 1882 622 1912 victarum
639 1887 806 1912 terrarum.

197 1933 272 1964 563.
295 1932 336 1962 Et
351 1932 464 1962 statuis
474 1937 506 1963 et
520 1931 638 1962 tabulis
653 1930 746 1973 pictis
757 1931 826 1962 Au-

152 1987 263 2024 gustus
289 1982 404 2012 Forum
429 1991 519 2012 suum
547 1980 715 2019 instruxit;
749 1981 826 2012 Sue-

154 2031 260 2062 tonius
290 2031 428 2072 August.
457 2032 520 2061 31:
561 2029 780 2061 “Proximum
810 2041 828 2061 a

154 2077 219 2112 diis‘
238 2080 470 2112 immortalibus
491 2080 641 2111 honorem
668 2079 828 2111 memoria}

155 2130 274 2161 ducum
290 2130 448 2173 praestitit.
482 2130 597 2171 Itaque
614 2134 646 2160 et
661 2140 757 2172 opera
773 2140 828 2160 cu-

152 2181 282 2223 jusque,
304 2180 506 2211 manentibus
534 2179 648 2215 titulis,
676 2179 826 2211 restituit:

156 2237 189 2261 et
212 2235 333 2261 statuas
355 2229 495 2261 omnium
521 2229 706 2271 triumphali
728 2229 831 2271 effigie

156 2279 188 2310 in
204 2286 338 2321 utraque
355 2279 425 2309 Fori
440 2279 488 2309 sui
505 2278 628 2320 porticu
639 2277 831 2309 dedicavit.¹’

158 2330 209 2361 Ac
232 2330 332 2360 titulis
351 2328 482 2370 quidem
503 2328 604 2359 forum
628 2328 696 2370 ejus
716 2329 830 2370 praeni-

158 2380 268 2415 tuisse,
294 2379 388 2410 etiam
406 2378 564 2414 Velleius,
585 2377 619 2409 ii.
639 2378 691 2409 39.
715 2384 832 2409 narrat.

157 2429 296 2465 Plinius,
312 2440 411 2460 xxxv.
430 2429 480 2459 10.
497 2429 551 2459 ubi
566 2428 690 2470 Apellis
705 2428 832 2459 tabulas

160 2478 316 2521 quasdam
337 2477 522 2514 nominavit,
552 2477 676 2520 pergit:
710 2478 832 2514 “Quas

160 2535 309 2570 utrasque
337 2528 464 2559 tabulas
486 2528 578 2558 divus
605 2527 771 2569 Augustus
800 2526 832 2558 in

160 2577 231 2610 Feri
247 2578 295 2609 sui
314 2578 457 2620 partibus
474 2576 686 2608 celeberrimis
706 2576 832 2608 dicave-

158 2634 209 2659 rat
234 2627 438 2669 simplicitate
464 2626 659 2657 moderata.''
704 2626 744 2656 In
766 2625 833 2657 istis

160 2678 337 2709 simulacris
353 2687 413 2708 non
429 2675 542 2707 mirum
562 2682 609 2708 est
627 2675 722 2708 fuisse
737 2676 832 2707 etiam

164 2727 257 2758 Iuleoe
280 2727 446 2757 nobilitatis
473 2737 552 2763 avos,
582 2725 622 2757 de
649 2726 764 2768 quibus
788 2724 831 2756 iv.

164 2777 206 2807 29
222 2787 291 2818 sqq.
318 2777 446 2807 AEneam
463 2787 548 2807 sacra
564 2782 603 2812 et,
619 2787 705 2807 sacra
720 2776 832 2811 altera,

893 1391 1010 1424 patrem
1027 1383 1316 1425 Immerisserentem
1326 1382 1439 1425 saepius
1455 1383 1572 1413 Noster

894 1440 1068 1473 memorat3
1101 1434 1123 1464 i.
1148 1434 1233 1472 5275
1264 1433 1305 1463 iv.
1329 1434 1395 1471 37;
1428 1433 1568 1463 Metam.

895 1483 962 1514 xiii.
978 1485 1052 1515 6-25.
1082 1484 1144 1514 Pro
1160 1493 1197 1514 eo
1215 1493 1309 1518 nunc,
1326 1489 1483 1513 oneratum
1496 1493 1572 1521 pon-

895 1535 965 1564 dere
974 1544 1070 1569 sacro,
1082 1533 1115 1564 id
1128 1538 1188 1569 est,
1201 1539 1233 1563 et
1246 1539 1335 1574 patre
1348 1537 1379 1563 et
1389 1531 1570 1573 penatibus.

896 1582 1021 1619 Iliades,
1062 1582 1220 1614 Romulus
1250 1582 1319 1613 Iliae
1350 1581 1444 1617 filius,
1474 1582 1572 1616 ducis,

896 1633 992 1674 regis,
1025 1631 1237 1669 Caeninensis,
1265 1642 1284 1662 a
1313 1642 1347 1663 se
1380 1630 1573 1665 obtruncati,

896 1694 994 1720 arma,
1033 1682 1144 1725 spolia,
1177 1681 1297 1713 retulit.
1343 1680 1463 1711 Redux
1499 1679 1572 1711 Jovi

897 1731 1034 1763 Feretrio
1055 1731 1209 1774 templum
1225 1730 1322 1767 vovit,
1338 1729 1445 1761 sedem
1464 1728 1573 1771 spoliis

898 1781 1030 1823 opimis;
1055 1780 1176 1817 Livius,
1193 1780 1215 1811 i.
1233 1781 1286 1811 10.
1330 1780 1494 1820 claraque,
1510 1784 1572 1809 etc.

898 1831 1017 1862 Statuae
1033 1831 1169 1861 virorum
1183 1830 1353 1861 illustrium
1370 1829 1478 1860 ordine
1494 1838 1572 1870 quo-

898 1881 972 1912 dam
989 1881 1153 1912 collocatae
1173 1880 1205 1911 in
1226 1879 1296 1911 basi
1320 1879 1482 1910 habebant
1499 1878 1573 1910 titu-

896 1931 956 1967 los,
981 1931 1047 1962 sive
1072 1930 1210 1961 indicem
1233 1940 1335 1961 rerum
1359 1928 1509 1971 praeclare
1532 1928 1573 1958 ab

896 1980 935 2012 iis
963 1985 1142 2022 gestarum3
1186 1978 1259 2010 vide
1293 1989 1364 2020 quae
1403 1977 1496 2008 modo
1533 1977 1575 2008 ad

900 2040 1024 2061 versum
1040 2030 1115 2061 563.
1131 2028 1289 2059 dedimus.

942 2080 1017 2111 567.
1045 2078 1214 2121 Templum
1243 2077 1276 2109 in
1306 2077 1408 2109 fronte
1438 2078 1574 2119 Augusti

898 2141 1004 2160 nomen
1020 2139 1058 2160 ex
1082 2139 1166 2159 more
1182 2127 1368 2170 inscriptum
1383 2128 1575 2158 ostentabat.

899 2180 981 2216 Quae
993 2178 1025 2209 in
1039 2178 1139 2209 fronte
1155 2178 1200 2210 rei
1213 2177 1313 2209 autin
1329 2177 1472 2219 margine
1488 2182 1574 2213 sunt,

900 2239 939 2260 ea
948 2235 1094 2269 praetezta
1109 2233 1262 2259 vocantur
1272 2240 1281 2267 ;
1304 2227 1441 2263 Plinius,
1457 2237 1574 2268 paneg.

899 2279 946 2309 lii.
973 2279 1011 2309 2:
1036 2278 1167 2318 postibus
1189 2278 1326 2317 praten}
1355 2283 1477 2308 statuas
1502 2287 1576 2307 suas

900 2333 973 2359 ante
1003 2328 1084 2358 fores
1114 2327 1224 2369 templi
1261 2337 1388 2369 ponere.
1443 2327 1575 2362 Seneca,

900 2377 1004 2420 Epist.
1020 2378 1080 2409 89:
1107 2379 1128 2394 “
1144 2376 1326 2408 Fluminum
1340 2376 1423 2419 ripas
1438 2376 1573 2407 aedificia

899 2426 1115 2469 praetexunt.''
1152 2427 1244 2458 Lecto
1258 2426 1385 2462 Caesure,
1403 2426 1486 2457 lecto
1503 2425 1574 2458 Cae—

900 2476 977 2508 saris
993 2476 1130 2513 nomine,
1146 2477 1249 2507 visum
1267 2476 1381 2518 majus,
1398 2474 1474 2518 quia
1488 2480 1576 2506 tanto

902 2537 919 2558 a
949 2526 1014 2558 viro
1052 2526 1245 2558 dedicatum.
1299 2525 1460 2557 Succurrit
1496 2525 1576 2556 illud

903 2576 1084 2608 Gnathonis
1105 2576 1190 2619 apud
1210 2575 1405 2610 Terentium,
1429 2576 1515 2606 Eun.
1530 2574 1576 2605 iii.

906 2629 941 2658 l:
967 2629 1088 2659 “Laeta
1110 2633 1238 2658 estnon
1264 2631 1329 2657 tani
1353 2626 1421 2668 ipso
1445 2623 1575 2665 quidem

902 2677 996 2714 dono,
1027 2687 1123 2719 quam
1148 2677 1204 2708 abs
1232 2681 1261 2707 te
1286 2675 1394 2706 datum
1421 2684 1508 2704 esse:
1543 2673 1575 2704 id

902 2738 974 2758 vero
997 2726 1076 2758 serio
1101 2724 1315 2768 triumphat!”
1361 2725 1413 2754 De
1437 2728 1574 2764 tempore

904 2776 1012 2818 templi
1036 2775 1099 2807 voti
1126 2773 1281 2806 consentit
1302 2771 1483 2808 Suetonius,
1510 2773 1573 2803 29:
