1830 3220
788 191 928 234 IBIS.

1481 193 1567 234 503

146 306 373 355 Vulnera
397 315 574 372 totque
600 308 748 365 feras,
779 316 905 373 quot
928 308 1113 355 dicitur
1138 308 1221 355 ille
1247 308 1442 364 tulisse,

214 384 376 449 Cujus
403 387 466 442 ab
493 385 682 434 inferiis
709 387 871 434 culter
897 386 1077 434 abesse
1103 387 1247 434 solet.

155 461 535 527 Adtonitusque
563 480 722 522 seces,
750 471 807 512 ut
831 481 959 528 quos
987 464 1236 529 Cybeleia
1260 471 1420 512 mater
1470 467 1569 513 455

220 539 410 588 Incitat
434 542 498 589 ad
525 542 776 606 Phrygios
802 542 920 590 vilia
944 543 1171 590 membra
1196 543 1390 591 modos.

147 617 331 682 Deque
357 619 461 667 viro
486 620 577 667 fias
604 636 697 668 nec
723 620 912 668 femina
937 637 1031 669 nec
1056 621 1146 678 vir,
1173 631 1229 668 ut
1253 621 1423 686 Attys,

216 696 283 744 Et
308 697 508 760 quatias
535 698 674 745 molli
700 706 943 763 tympana
968 715 1121 747 rauca
1147 715 1316 747 manu,

147 775 312 839 Inque
339 792 496 840 pecus
524 776 692 824 subito
718 792 914 839 magnae
940 784 1135 825 vertare
1163 777 1402 842 parentis,

215 853 392 901 Victor
419 862 474 901 ut
498 860 578 901 est
602 854 754 902 celeri
779 854 1017 918 victaque
1042 871 1188 903 versa
1212 855 1344 919 pede
1364 871 1373 902 :

1471 857 1570 901 460

150 931 374 996 Solaque
403 932 612 980 Limone
639 949 841 997 poenam
867 949 929 981 ne
957 933 1174 981 senserit
1199 933 1353 988 illam,

216 1009 284 1057 Et
309 1017 397 1058 tua
422 1011 574 1058 dente
601 1010 705 1059 fero
731 1012 925 1059 viscera
950 1019 1128 1075 carpat
1154 1027 1335 1075 equus.

149 1088 269 1145 Aut,
298 1097 354 1136 ut
381 1088 752 1147 Cassandreus,
781 1090 985 1138 domino
1013 1106 1113 1136 non
1142 1089 1308 1137 mitior
1333 1089 1433 1146 illo,

219 1166 435 1216 Saucius
462 1168 663 1231 ingesta
689 1167 1049 1216 contumuleris
1076 1167 1247 1214 humo.

151 1245 268 1301 Aut,
296 1252 352 1293 ut
378 1245 712 1303 Abantiades,
742 1253 829 1294 aut
856 1253 912 1293 ut
939 1246 1197 1311 Cycne'ius
1222 1245 1387 1300 heros,

1473 1248 1572 1294 465

217 1322 437 1371 Clausus
464 1324 514 1371 in
542 1333 803 1388 aequoreas
830 1323 1162 1389 praecipiteris
1189 1339 1364 1387 aquas.

150 1488 254 1531 potuit
269 1489 372 1521 Ibidis
395 1496 552 1527 naturam,
569 1501 665 1532 quam
686 1497 828 1522 ventrem

149 1544 247 1571 rostro
282 1550 418 1582 purgare
451 1541 577 1572 solitam
613 1540 830 1583 prodiderunt,

155 1588 239 1620 Plin.
262 1589 317 1621 lib.
342 1589 411 1621 viii.
438 1601 509 1633 cap.
535 1592 599 1629 325
627 1591 749 1622 AElian.
774 1591 830 1622 lib.

152 1638 192 1670 vi.
210 1650 283 1682 cap.
302 1640 332 1671 7.
347 1639 387 1671 de
405 1641 490 1671 Hist.
506 1640 648 1672 Animal.
672 1641 821 1672 SALVAG.

196 1690 272 1720 453.
300 1689 436 1721 Vulnera
450 1689 672 1732 totq‘ueferas]
693 1691 744 1721 De
756 1691 830 1721 Me-

151 1738 253 1770 noetio
271 1740 415 1771 nonnulli
434 1739 638 1782 intelligunt:
666 1741 751 1782 quod
771 1740 828 1772 fal-

152 1799 223 1819 sum
238 1794 304 1828 est3
328 1799 401 1820 nam
420 1789 561 1831 loquitur
577 1790 616 1821 de
633 1789 759 1821 Osiride
776 1791 830 1831 qui

152 1837 186 1869 in
201 1839 242 1869 24
260 1844 365 1881 partes
381 1839 558 1882 discerptus
574 1840 634 1871 fuit
649 1850 667 1871 a
678 1840 831 1882 Typhone

155 1887 270 1919 fratre:
308 1888 382 1920 huic
407 1894 542 1925 mortuo,
568 1899 658 1921 sacra
688 1889 833 1921 instituta

156 1938 284 1969 suerunt
299 1939 339 1970 ab
360 1950 469 1976 uxore,
488 1939 520 1970 in
536 1939 653 1982 quibus
668 1940 831 1982 piaculum

157 1994 216 2025 est,
233 1989 376 2030 gladium
394 2001 474 2021 esse.
500 1989 545 2020 D.

203 2039 278 2070 455.
303 2040 528 2081 Adtonitusqne
539 2039 645 2081 seces]
671 2040 744 2071 Mos
757 2046 834 2077 erat,

159 2093 194 2119 ut
212 2088 351 2130 Cybeles
367 2089 548 2120 sacerdotes
565 2089 670 2120 virilia
690 2095 834 2132 amputa-

159 2143 241 2175 rent,
254 2138 322 2180 ejus
338 2137 383 2169 rei
398 2148 528 2169 causam
545 2138 628 2170 hanc
645 2138 742 2169 tradit
751 2140 834 2170 Lac-

161 2187 281 2219 tantius
297 2200 302 2218 :
330 2187 450 2225 Deum,
467 2188 583 2230 inquit,
602 2194 704 2220 mater
719 2188 837 2220 amavit

159 2237 329 2268 formosum
363 2237 610 2274 adolescentem,
640 2244 672 2269 et
699 2238 837 2270 eundem

161 2296 234 2317 cum
269 2285 384 2328 pellice
419 2286 664 2329 deprehensum,
701 2288 838 2319 exsectis

161 2335 317 2373 virilibus,
347 2336 529 2368 semivirum
560 2336 656 2368 fecit:
691 2343 723 2368 et
754 2348 837 2369 nunc

163 2396 181 2417 a
204 2386 308 2418 Gallis
334 2386 553 2418 sacerdotibus
578 2397 668 2418 sacra
691 2387 760 2429 ejus
785 2398 837 2419 ce-

162 2437 527 2478 lebratura—Cybeleia
545 2444 655 2468 mater.
680 2437 803 2480 Cybele
819 2449 837 2469 a

162 2491 269 2517 monte
287 2486 436 2529 Phrygia:
457 2497 572 2517 nomen
594 2486 702 2522 habet,
720 2487 753 2518 in
774 2497 837 2529 quo

163 2535 350 2567 colebatur:
385 2535 440 2567 alii
474 2535 544 2568 ἀπὸ
578 2536 745 2579 κυβιστςῖν
773 2537 837 2576 τὴν

163 2585 323 2627 κεφαλὴν,
347 2584 381 2616 id
403 2591 462 2621 est,
487 2596 506 2616 a
533 2585 647 2628 capitis
670 2586 836 2623 rotatione,

162 2634 249 2677 quod
264 2634 425 2677 proprium
441 2643 489 2666 est
504 2635 718 2666 sacerdotum.

208 2686 283 2716 459.
308 2684 406 2726 Inque
420 2685 539 2726 pecns.]
567 2685 724 2717 Atalanta
744 2696 839 2728 supe-

160 2740 228 2766 rata
245 2736 285 2767 ab
301 2735 504 2778 Hippomene
519 2746 624 2772 cursu,
640 2746 733 2768 versa
744 2735 838 2767 estin

159 2785 307 2822 leaenam,
333 2785 446 2817 marito
469 2786 501 2816 in
528 2786 652 2817 leonem
677 2796 837 2821 converso,

901 1501 998 1533 quum
1026 1490 1060 1522 in
1082 1491 1213 1533 Cybelis
1236 1490 1355 1533 templo
1380 1491 1495 1522 amoris
1517 1491 1575 1523 im-

899 1541 1023 1584 patiens
1046 1541 1264 1583 Hippomenes
1284 1551 1357 1572 cum
1379 1541 1487 1583 puella
1510 1553 1576 1573 rem

901 1591 1074 1622 habuisset.
1099 1591 1196 1622 DoM.

945 1641 1019 1671 461.
1056 1641 1185 1681 Solaque
1224 1639 1381 1680 Limone-J
1431 1640 1575 1680 Limone,

900 1690 1112 1733 Hippomenis
1129 1701 1167 1721 ex
1184 1690 1351 1726 Atalanta,
1364 1689 1440 1727 filia,
1457 1701 1475 1721 a
1488 1697 1577 1733 patre

899 1740 932 1770 in
953 1739 1109 1771 adulterio
1126 1739 1336 1782 deprehensa,
1353 1740 1443 1781 equis
1459 1740 1576 1773 discer—

899 1789 1006 1832 penda
1021 1795 1070 1821 est
1086 1789 1214 1820 tradita.
1237 1789 1320 1820 ZAn.

945 1840 1020 1870 463.
1052 1840 1128 1875 Aut,
1159 1846 1194 1869 ut
1227 1838 1460 1881 Cassandreus]
1501 1841 1578 1873 Vid.

902 1889 997 1920 Pont.
1014 1889 1036 1920 l.
1052 1889 1085 1920 ii.
1100 1889 1152 1920 El.
1170 1889 1201 1919 9.

947 1939 1022 1970 465.
1047 1940 1111 1969 Aut
1126 1945 1163 1969 ut
1179 1938 1398 1979 Abantiades]
1425 1939 1577 1971 Perseum

902 1987 1073 2029 intelligit3
1098 1998 1170 2019 nam
1194 1998 1233 2018 ex
1254 1988 1382 2029 Lynceo
1404 1993 1436 2018 et
1452 1988 1579 2031 Hyper-

904 2043 1044 2069 mnestra
1061 2037 1163 2073 Abas,
1181 2049 1220 2068 ex
1236 2038 1365 2069 Abante
1382 2038 1527 2069 Praeteus
1548 2045 1581 2070 et

905 2088 1060 2125 Acrisius,
1078 2099 1117 2119 ex
1138 2088 1262 2119 Acrisio
1283 2089 1408 2124 Danae,
1427 2099 1444 2119 e
1464 2089 1579 2121 Danae

907 2137 1039 2169 Perseus
1054 2138 1205 2169 oriundus
1225 2143 1291 2169 est:
1318 2137 1373 2179 qui
1394 2138 1509 2168 arculae
1531 2139 1580 2170 in-

904 2188 1024 2225 clusus,
1051 2189 1091 2219 ab
1120 2187 1243 2219 Acrisio
1268 2187 1301 2218 in
1327 2198 1413 2218 mare
1439 2199 1581 2232 praeceps

907 2237 1002 2269 datus
1019 2244 1078 2274 est,
1095 2243 1263 2280 postquam
1279 2237 1456 2268 consulenti
1472 2238 1580 2270 Deum

908 2288 985 2329 περὶ
1011 2287 1144 2320 παίδων
1168 2286 1326 2330 γενέσεως
1351 2286 1514 2330 ἀῤῥένων,
1542 2299 1581 2320 ex

906 2338 1035 2369 oraculo
1058 2348 1242 2381 responsum
1268 2342 1362 2374 esset,
1386 2337 1582 2370 nasciturum

908 2397 924 2417 e
954 2387 1020 2418 filia
1052 2387 1164 2424 filium,
1195 2398 1214 2418 a
1241 2397 1304 2429 quo
1337 2386 1581 2420 interimeretur.

906 2437 996 2467 VAt..
1011 2436 1344 2478 Anna—Lyrnesius
1360 2437 1454 2467 heros.
1502 2437 1581 2478 Cyc-

905 2487 992 2517 neius
1005 2497 1076 2517 cum
1094 2485 1303 2525 Sarraviano3
1327 2484 1419 2516 multi
1431 2485 1583 2528 Ligneius

907 2542 939 2567 et
957 2537 1110 2574 Leneius;
1135 2547 1191 2579 pro
1214 2537 1312 2568 Coesns
1332 2535 1428 2566 etiam
1451 2536 1582 2569 Clausus

906 2586 1135 2627 reponendum.
1181 2586 1317 2616 Perseus
1332 2584 1416 2615 enim
1432 2590 1464 2615 et
1478 2586 1583 2619 Tenes

909 2645 990 2666 arcae
1015 2635 1131 2667 inclusi
1152 2636 1290 2672 fuerunt,
1315 2645 1413 2676 quum
1435 2634 1467 2665 in
1494 2645 1580 2667 mare

909 2685 1202 2728 praecipitabantur.
1247 2685 1317 2716 Nos
1338 2684 1432 2727 plura
1454 2684 1494 2715 de
1521 2685 1579 2717 hoc

906 2735 978 2766 loco
993 2736 1075 2767 notis
1090 2735 1286 2767 uberioribus
1302 2735 1334 2766 in
1350 2734 1489 2767 medium
1504 2745 1577 2777 pro-

908 2784 1055 2817 feremus.
1101 2785 1144 2815 H.
