1809 3220
217 179 306 222 486

614 178 665 219 Ρ.
701 174 919 219 OVIDII
954 176 1124 219 NASO
1135 176 1240 219 NIS

216 295 342 344 Haec
368 303 460 351 est,
489 296 538 341 in
566 293 731 342 Fastis
757 294 839 342 cui
864 295 955 342 dat
979 293 1142 358 gravis
1169 293 1305 341 Allia
1329 309 1530 350 nomen,

282 373 512 437 Quaeque
537 372 647 421 dies
675 372 806 428 Ibin,
828 373 1036 438 publica
1059 372 1246 421 damna
1270 371 1404 420 tulit.

212 451 311 507 Qui
337 452 502 509 simul,
529 451 729 516 impura
752 452 926 500 matris
952 452 1220 516 prolapsus
1247 450 1310 498 ab
1338 449 1465 507 alvo,

283 530 591 595 Cinyphiam
616 530 749 579 foedo
775 547 986 595 corpore
1011 529 1198 595 pressit
1222 529 1461 586 humum;

216 608 362 657 Sedit
385 609 437 656 in
462 609 672 658 adverso
699 616 973 658 nocturnus
999 608 1222 656 culmine
1246 607 1402 664 bubo,

1534 606 1633 652 225

284 686 618 752 Funereoque
644 704 820 751 graves
846 687 1008 736 edidit
1031 703 1116 735 ore
1141 703 1308 734 sonos.

214 767 453 815 Protinus
481 765 792 815 Eumenides
817 767 982 815 lavere
1008 765 1320 831 palustribus
1345 762 1492 820 ulvis,

283 844 398 900 Qua
421 860 544 893 cava
568 845 632 892 de
661 844 855 909 Stygiis
881 844 1100 892 fluxerat
1122 843 1261 890 unda
1284 841 1456 899 vadis;

215 922 537 988 Pectoraque
562 930 819 971 unxerunt
845 922 1057 972 Erebeae
1081 921 1199 971 felle
1223 921 1463 977 colubrae,

281 1000 485 1065 Terque
510 1007 800 1049 cruentatas
826 1000 1124 1065 increpuere
1149 1016 1358 1048 manus:

1537 999 1638 1045 230

217 1079 542 1144 Gutturaque
568 1079 859 1128 imbuerunt
882 1078 1095 1127 infantia
1118 1080 1251 1127 lacte
1276 1077 1480 1135 canin03

281 1156 380 1205 Hic
406 1151 600 1222 primus
622 1157 766 1223 pueri
790 1157 930 1206 venit
954 1157 1005 1204 in
1030 1173 1117 1205 ora
1141 1157 1304 1205 cibus.

214 1235 448 1284 Perbibit
470 1236 588 1284 inde
613 1253 717 1284 suae
743 1236 934 1284 rabiem
959 1235 1170 1284 nutricis
1197 1236 1448 1292 alumnus,

286 1313 460 1362 Latrat
483 1321 535 1363 et
559 1314 609 1362 in
632 1321 739 1363 toto
765 1315 919 1363 verba
938 1314 1121 1362 canina
1144 1313 1267 1362 foro.

259 1476 336 1506 221.
360 1474 434 1506 Haec
449 1473 520 1515 est.]
549 1472 629 1505 Dies
645 1479 735 1505 erant
751 1472 810 1504 atri
826 1483 891 1504 om-

216 1536 274 1557 nes
302 1530 372 1568 post
398 1524 476 1555 Idus
500 1529 532 1554 et
556 1524 680 1560 Nonas,
704 1523 758 1565 qui
781 1525 895 1564 postri-

216 1577 314 1607 clmmi
329 1573 528 1605 dicebantur.
575 1573 680 1604 Iidem
698 1572 767 1604 dies
782 1572 895 1603 dicun-

215 1631 266 1656 tur
297 1625 455 1660 Allienses,
485 1623 636 1665 quoniam
664 1623 704 1654 ob
733 1622 894 1653 infelicem

216 1685 356 1718 pugnam
391 1674 431 1704 ad
465 1673 586 1704 Alliam
622 1673 686 1704 sint
716 1671 894 1703 constituti.

216 1727 314 1757 Attia.
366 1724 499 1755 Flumen
533 1722 716 1765 quindecim
753 1721 894 1753 millibus

215 1785 367 1818 passuum
391 1774 430 1805 ab
452 1774 530 1805 urbe
552 1772 685 1810 distans,
701 1772 805 1803 bustis
827 1772 893 1803 Ro-

217 1825 320 1856 manis
343 1823 468 1860 nobilis,
488 1823 593 1854 deleto
613 1833 710 1865 prope
733 1822 774 1853 ad
795 1821 893 1853 inter-

216 1873 381 1906 necionem
402 1872 565 1911 exercitu;
590 1872 664 1903 vide
685 1872 772 1903 Flor.
793 1871 851 1902 lib.
869 1871 892 1903 i.

217 1934 287 1967 cap.
306 1925 356 1955 13.
381 1923 476 1954 Dom.
512 1922 559 1953 Ea
573 1921 658 1953 enim
675 1921 735 1953 suit
750 1927 892 1952 veterum

217 1973 408 2017 superstitio,
425 1978 460 2004 ut
475 1983 528 2004 eos
545 1972 623 2009 dies,
636 1972 752 2014 quibus
767 1971 893 2003 cladem

218 2023 360 2066 aliquam
387 2022 594 2066 accepissent,
620 2033 675 2064 pro
702 2021 835 2053 nefastis
856 2031 893 2053 ac

218 2072 424 2115 inauspicatis
452 2073 617 2108 haberent,
645 2071 781 2113 illosque
809 2070 894 2103 ἀπο-

217 2123 343 2167 φράδας
354 2124 460 2155 Graeci
474 2124 640 2154 vocabant.
663 2123 894 2154 Snvaomus.

222 2175 320 2206 Fasti.
350 2173 436 2205 Libri
465 2173 534 2205 dies
562 2173 657 2204 festos
685 2172 895 2210 continentes,

221 2223 344 2256 redacti
382 2223 415 2254 in
446 2223 594 2254 volumen
632 2232 651 2254 a
685 2222 748 2254 Cn.
774 2221 895 2260 Flavio,

218 2275 323 2306 scriba
344 2273 440 2316 Appii
457 2273 558 2307 caeci.
578 2278 669 2304 tanta
689 2271 791 2314 gratia
809 2273 894 2315 apud

219 2325 356 2367 plebem,
369 2334 466 2366 quum
479 2334 533 2354 eos
545 2323 709 2359 edidisset,
721 2329 756 2354 ut
771 2328 895 2354 creatus

219 2375 259 2406 sit
289 2373 391 2404 aedilis
419 2372 550 2409 curulis,
578 2372 743 2415 praeteritis
771 2372 895 2404 duobus

220 2424 293 2455 filiis
307 2423 492 2455 consulum:
517 2433 604 2458 nam,
623 2428 695 2454 ante
712 2423 808 2453 libros
823 2423 895 2455 illos

221 2475 261 2506 ab
277 2485 314 2506 eo
329 2473 441 2509 editos,
453 2473 625 2514 cogebatur
637 2473 728 2514 plebs
739 2472 894 2504 rationem

220 2524 343 2556 dierum
363 2533 504 2565 quaerere
530 2532 548 2553 a
567 2522 761 2565 principibus
782 2523 893 2554 civita-

219 2573 269 2609 tis,
284 2579 412 2604 auctore
431 2570 547 2602 Plinio.
571 2571 668 2602 Doni.
718 2573 791 2602 Ila-c
806 2579 846 2603 est
863 2575 895 2603 in

222 2623 333 2654 Fastis.
380 2622 452 2653 Haec
473 2628 526 2658 est,
543 2632 610 2664 pro,
627 2621 745 2653 Eadem
763 2621 831 2653 dies
848 2628 896 2654 est

220 2672 253 2704 in
283 2671 394 2707 Fastis,
417 2672 573 2707 Aniensis,
601 2677 632 2702 et
662 2682 734 2712 qum
764 2672 835 2702 Ibin
864 2672 895 2703 in

221 2723 325 2754 lucem
349 2722 501 2763 protulit;
534 2728 568 2752 ut
592 2721 760 2763 significet,
784 2722 893 2765 postri-

222 2772 327 2804 duana
343 2777 438 2812 atque
454 2777 520 2802 atra
537 2771 588 2802 (lie
606 2779 728 2803 natum.

1007 1473 1084 1504 224.
1109 1472 1250 1503 Humum
1268 1469 1481 1512 Cinyphiam-J
1507 1469 1573 1502 Cur
1595 1468 1640 1500 ait

964 1528 1058 1564 poeta
1087 1521 1159 1552 Ibin
1186 1527 1295 1552 natum
1326 1531 1394 1552 esse
1422 1520 1454 1551 in
1479 1518 1640 1562 Cinyphia

964 1577 1060 1608 terra,
1080 1582 1152 1613 quae
1168 1576 1217 1602 est
1239 1570 1271 1601 in
1294 1570 1407 1612 Libya,
1424 1580 1464 1601 an
1479 1569 1520 1600 ob
1537 1568 1640 1600 hircos

965 1621 1153 1663 Cinyphios,
1169 1620 1223 1663 qui
1239 1619 1344 1652 soetidi
1358 1625 1453 1659 sunt5
1475 1625 1512 1651 ut
1532 1624 1638 1650 osten-

964 1671 1020 1703 dat
1047 1682 1119 1702 eum
1145 1671 1228 1702 male
1255 1671 1358 1702 olere:
1387 1680 1461 1701 nam
1481 1668 1536 1712 qui
1555 1668 1639 1700 male

964 1722 1062 1758 olent,
1080 1721 1230 1753 dicuntur
1255 1721 1376 1752 hir-cosi.
1409 1719 1463 1751 An
1487 1719 1639 1762 quoniam

963 1772 1035 1804 ferae
1052 1777 1256 1803 monstruosae
1269 1770 1313 1802 ibi
1324 1770 1549 1806 nascebantur,
1561 1779 1638 1801 con-

963 1821 1163 1853 venientibus
1201 1820 1334 1852 diversis
1366 1819 1559 1851 animalibus
1596 1818 1638 1850 ad

963 1871 1100 1902 eundem
1116 1870 1233 1901 sontem
1249 1870 1289 1901 ob
1304 1869 1469 1911 penuriam
1483 1878 1640 1911 aquarum

963 1920 995 1951 in
1022 1919 1134 1962 Libya,
1159 1926 1191 1952 et
1216 1919 1260 1950 ibi
1282 1917 1502 1950 diversissimis
1525 1917 1639 1949 mistis.

964 1970 1058 2002 Unde
1074 1969 1274 2012 proverbium
1289 1968 1369 2000 illud
1383 1973 1565 2011 susceptum
1580 1973 1640 2005 est,

962 2020 1107 2052 Africam
1128 2030 1253 2063 semper
1273 2019 1346 2051 novi
1362 2018 1486 2061 aliquid
1501 2016 1651 2050 adferre.'

1007 2071 1083 2102 225.
1100 2069 1214 2110 Buba]
1227 2068 1418 2100 Acherontis
1432 2068 1516 2100 filius
1529 2074 1562 2100 et
1576 2070 1638 2101 Or-

963 2120 1064 2163 phnes
1081 2120 1240 2162 nymphae,
1254 2129 1424 2151 conversus
1438 2118 1471 2150 in
1492 2129 1583 2150 avem
1599 2128 1638 2151 ex

963 2171 1159 2214 Ascalapho,
1183 2171 1223 2202 ob
1247 2169 1483 2202 accusationem
1510 2169 1638 2201 Proser-

964 2221 1059 2264 pinae,
1077 2221 1144 2252 avis
1161 2221 1302 2252 funebris
1316 2226 1375 2252 est.

1008 2272 1085 2303 226.
1112 2271 1257 2312 Graves]
1284 2270 1454 2308 Querulos.

1007 2322 1083 2353 227.
1109 2321 1258 2353 Protinus
1274 2321 1457 2352 Eumenides
1471 2321 1572 2351 lavere
1582 2331 1637 2360 pa-

964 2373 1110 2403 lustribus
1140 2373 1246 2402 undis.
1301 2371 1344 2402 Τὸ
1373 2371 1460 2401 unda
1496 2369 1638 2412 proximo

963 2432 1055 2453 versu
1072 2421 1226 2464 sequitur,
1241 2426 1277 2452 ut
1293 2420 1344 2451 hic
1365 2419 1438 2452 ferri
1452 2419 1505 2450 vix
1529 2419 1639 2462 possit.

963 2472 1090 2503 Scribe:
1118 2477 1137 2490 ‘⁴
1156 2470 1350 2503 Eumenides
1365 2471 1471 2502 lavere
1486 2470 1636 2512 palustri-

963 2522 1022 2553 bus
1042 2521 1160 2558 ulvis‚''
1185 2527 1218 2552 et
1247 2520 1299 2552 adi
1329 2520 1432 2551 Notas
1462 2519 1544 2551 Met.
1571 2518 1638 2551 xiv.

963 2582 1029 2603 ver.
1046 2573 1118 2603 103.
1154 2571 1275 2602 nass.

1007 2622 1085 2652 233.
1104 2620 1202 2651 Ebibit
1224 2622 1296 2651 inde
1318 2630 1377 2651 suae
1396 2619 1539 2660 rabiem]
1560 2619 1636 2651 Per-

963 2673 1034 2702 bibit
1065 2670 1208 2713 plerique
1235 2678 1366 2701 veteres.
1416 2668 1501 2700 Mihi
1529 2674 1636 2701 tamen

962 2721 1121 2753 distichon
1137 2721 1195 2751 hoc
1211 2726 1394 2762 suspectum
1411 2725 1469 2756 est,
1480 2724 1514 2751 ut
1529 2728 1634 2761 supra,

964 2782 1028 2802 ver.
1044 2771 1097 2801 24.
1109 2771 1176 2812 jam
1192 2780 1261 2802 sum
1279 2774 1423 2801 testatus.
1461 2767 1504 2799 Η.
