1830 3220
698 162 1129 205 CONSOLATIO.
1544 163 1631 205 445

205 278 271 327 Et
286 279 525 344 cuiquam
545 280 864 328 miserandus
880 297 965 329 ero
981 281 1000 329 2
1021 282 1128 344 jam
1146 280 1425 345 comprime
1443 279 1596 328 fletus
1616 296 1625 327 :

274 357 386 407 Hoc
413 375 524 422 ego,
554 359 641 423 qui
667 358 824 407 flendi
851 376 963 407 sum
989 359 1082 407 tibi
1108 375 1279 416 causa,
1308 375 1444 423 rogo.

206 435 330 485 Haec
357 437 514 485 sentit
542 437 756 495 Drusus,
781 437 822 485 si
845 437 969 501 quid
996 438 1146 486 modo
1169 437 1324 485 sentit
1342 437 1392 484 in
1419 436 1627 494 umbra3

277 515 387 564 Nec
413 524 468 564 tu
494 516 558 564 de
584 524 725 564 tanto
752 516 902 564 crede
929 516 1124 564 minora
1148 517 1270 564 viro.
1531 518 1632 563 470

206 593 300 642 Est
326 595 433 652 tibi,
462 595 631 660 sitque
657 611 853 660 precor,
882 596 1158 643 multorum
1183 595 1316 643 filius
1343 595 1535 651 instar;

276 673 507 738 Parsque
533 674 605 721 tui
632 680 807 738 partus
835 673 901 721 sit
926 674 1019 721 tibi
1046 675 1185 722 salva
1209 674 1360 739 prior.

207 751 302 800 Est
319 753 430 817 conj
440 770 523 809 ux,
538 753 700 801 tutela
718 753 1002 811 hominum;
1034 770 1136 817 quo
1164 752 1372 818 sospite,
1390 759 1628 810 vestram,

276 830 431 888 Livia,
458 832 712 880 funestam
739 831 957 881 dedecet
983 849 1099 881 esse
1125 833 1349 880 domum.

251 982 326 1014 467.
346 982 388 1013 Et
409 983 552 1022 cuiquam
577 981 767 1011 miserandus
792 981 882 1022 ero?]
957 987 1096 1017 moveat,
1124 980 1217 1011 modo
1248 979 1319 1022 quis
1354 978 1482 1022 pudoris
1511 989 1636 1012 sensus.

207 1032 268 1065 Cui
293 1031 353 1063 sim
374 1031 406 1063 in
429 1035 589 1074 posterum
616 1031 815 1067 miserandus,
832 1030 886 1073 qui
957 1030 1044 1068 Quid
1060 1030 1143 1062 enim
1157 1031 1256 1061 vero?
1281 1032 1402 1061 dedecet
1417 1028 1546 1061 domum
1563 1029 1634 1061 Cae-

207 1085 354 1114 laudatus
370 1093 388 1114 a
403 1083 542 1118 Caesare,
556 1081 702 1112 lacrimas
713 1080 887 1123 ipsimae)
958 1081 1036 1113 saris
1059 1081 1148 1112 luctu
1164 1081 1342 1123 funestari,
1364 1079 1416 1111 vel
1434 1079 1460 1110 si
1487 1079 1634 1111 maximin

208 1133 396 1165 elicuerim?
421 1133 492 1164 Jam
509 1134 786 1174 compr-irnefletus.
800 1133 886 1170 Que-
957 1131 1024 1174 spei
1043 1131 1217 1174 principem
1235 1131 1385 1167 amiserit,
1403 1132 1508 1171 sospite
1521 1131 1638 1162 scilicet

208 1185 344 1217 relatum
361 1183 457 1227 igitur
473 1182 595 1221 desine,
613 1189 733 1221 mater3
749 1188 781 1214 et
797 1183 889 1214 fletus
958 1195 1019 1214 uno
1037 1184 1166 1214 Caesare.
1215 1183 1380 1213 Summum
1395 1181 1455 1213 hoc
1471 1181 1635 1213 humilita-

209 1235 394 1278 comprime,
413 1245 512 1277 quum
533 1239 580 1264 tot
604 1233 666 1265 sint
688 1233 745 1264 tibi
771 1244 888 1271 causae,
960 1233 1010 1270 tis,
1022 1243 1081 1264 nec
1098 1233 1318 1276 poetae,etiam
1335 1231 1491 1268 exulanti,
1508 1237 1540 1263 et
1554 1231 1636 1263 redi-

209 1286 294 1318 unde
311 1293 400 1329 petas
415 1285 582 1317 solatium!
960 1291 1025 1316 tum
1042 1283 1235 1326 imploranti,
1252 1282 1511 1314 condonandum.
1549 1281 1637 1320 Quid

254 1338 332 1368 473.
365 1337 419 1367 Est
446 1338 568 1376 conjux,
596 1336 691 1366 tutela
723 1336 888 1372 hominum,
959 1345 1043 1371 vero,
1056 1335 1082 1365 si
1098 1345 1155 1366 nec
1170 1334 1275 1376 ipsum
1292 1341 1356 1364 tam
1371 1333 1504 1376 abjectae
1526 1333 1638 1366 adula-

208 1387 289 1429 etc.]
332 1386 460 1418 Nimius
496 1386 529 1417 in
567 1384 730 1417 adulando
762 1385 890 1422 Noster,
959 1385 1053 1417 tionis
1069 1385 1204 1428 pretium
1222 1384 1349 1418 tulerit!

211 1448 305 1483 quam
321 1438 376 1482 qui
399 1448 461 1470 uon
476 1436 587 1469 lectori
603 1447 757 1469 nauseam
775 1435 891 1480 saepius
