1809 3220
630 963 1112 1012 PRAEMONITIO

392 1124 472 1162 AD
502 1123 983 1162 ERUDITISSIMUM
1012 1121 1346 1161 LECTOREM.

202 1256 242 1287 IN
265 1266 323 1287 sua
339 1256 522 1299 praefatione
546 1262 578 1288 et
597 1255 759 1299 prooemio,
788 1255 879 1297 (vide
899 1266 995 1298 supra
1010 1266 1040 1298 p.
1061 1256 1072 1285 l
1096 1260 1127 1286 et
1146 1254 1183 1295 4)
1208 1255 1251 1285 D.
1267 1255 1308 1286 V.
1325 1255 1454 1287 Grnruo
1474 1265 1578 1298 pauca

159 1310 240 1342 dixit
263 1310 302 1342 de
329 1311 481 1354 symbolis
508 1311 776 1348 observationum,
801 1322 879 1354 quas
903 1311 934 1343 in
957 1310 1064 1342 Ovidii
1090 1311 1199 1342 Fastos
1223 1310 1410 1342 exhibuerat
1434 1310 1580 1344 Frumzn.

156 1365 270 1397 HENR.
282 1365 387 1397 Gon„
402 1365 584 1402 Gnsnxms,
598 1365 673 1408 quia
689 1366 782 1408 hujus
797 1366 950 1397 rationem
967 1366 1006 1397 ab
1022 1365 1121 1407 ipsius
1135 1375 1230 1407 opera
1244 1364 1387 1396 nonnihil
1401 1364 1578 1409 discrepare

155 1419 289 1451 viderat.
335 1421 402 1462 Ego
418 1427 537 1456 autem,
553 1427 720 1463 postquam
736 1421 809 1453 illas
825 1420 970 1463 diligenti
987 1420 1156 1452 sedulitate
1171 1420 1336 1462 perpendi,
1351 1420 1453 1452 multa
1467 1431 1577 1464 recog—

156 1474 228 1505 novi
251 1485 322 1517 quae
346 1475 379 1506 in
396 1475 473 1506 locis
494 1475 723 1507 difficilioribus
744 1474 940 1507 illustrandis
959 1475 1059 1507 forent
1076 1474 1243 1518 perutilia3
1269 1485 1370 1518 eaque
1388 1474 1459 1512 tibi,
1476 1475 1578 1508 lector

155 1527 286 1570 optime,
305 1529 668 1572 subjiciendajudicavi,
685 1536 719 1561 ut
735 1530 774 1561 ab
790 1530 875 1561 omni
892 1535 981 1572 parte
1001 1530 1102 1571 magis
1120 1529 1300 1561 absolutum
1316 1540 1394 1572 opus
1409 1529 1578 1562 invenires.

155 1583 271 1625 Itaque
300 1584 468 1615 nonnullos
497 1584 669 1621 Excursns,
699 1584 738 1615 de
768 1584 869 1616 Fastis
892 1585 1106 1616 Romanorum
1136 1591 1200 1616 tam
1226 1584 1452 1616 kalendaribus
1479 1595 1576 1627 quam

154 1636 320 1673 historicis,
342 1638 382 1669 de
402 1637 492 1669 novis
510 1637 700 1680 quibusdam
724 1637 877 1682 praesidiis
899 1638 1008 1671 Ovidii
1027 1639 1319 1682 interpretationem
1340 1639 1577 1683 adjuvantibus,

155 1690 194 1722 de
213 1692 411 1723 astronomiae
429 1692 586 1735 probabili
607 1692 798 1734 cognitione,
817 1693 856 1725 de
873 1692 1065 1735 quibusdam
1082 1693 1196 1725 veteris
1211 1693 1316 1725 Italiae
1334 1693 1528 1731 numinibus,
1545 1700 1578 1726 et

154 1744 194 1776 de
221 1745 292 1777 aliis
317 1747 545 1789 quaestionibus
571 1747 780 1790 explicandis,
807 1747 840 1778 in
869 1758 968 1779 unum
992 1747 1144 1780 doctrinae
1175 1759 1288 1791 corpus
1314 1749 1500 1791 conjunctos
1523 1748 1575 1781 hic

155 1798 299 1837 habebis,
315 1811 393 1843 quos
408 1802 439 1833 in
456 1808 544 1833 tuam
561 1801 730 1833 utilitatem
745 1813 887 1834 cessuros
902 1802 1102 1835 vehementer
1121 1808 1196 1846 opto
1214 1809 1245 1834 et
1265 1802 1459 1835 confidenter
1473 1814 1574 1847 spero.

155 1854 247 1885 Vale.

1340 1912 1381 1943 N.
1393 1913 1431 1944 E.
1444 1912 1484 1945 L.
