1809 3220
191 179 278 222 524
729 179 1078 223 EXCURSUS

199 303 291 338 tat:
328 304 354 319 “
379 297 563 338 Latebat
583 297 695 337 inter
715 311 851 352 nugas
875 310 992 337 meas
1020 294 1187 337 libellus
1213 295 1411 350 ignobilis
1425 295 1462 342 ;''
1490 292 1619 348 paulo

201 373 323 420 post:
356 372 384 388 ‘¹
405 366 544 421 Igitur
565 366 645 406 iste
668 375 850 420 nugator
871 365 1039 406 libellus
1058 365 1221 405 tamdiu
1242 369 1411 405 secreta
1427 362 1618 418 quidem,

202 441 279 481 sed
312 440 429 495 vulgi
468 441 650 481 lectione
684 440 911 488 laceratus,
946 439 1144 494 pervenit
1184 439 1359 479 tandem
1393 438 1437 478 in
1472 450 1624 478 manus

204 510 339 550 tuas.’'
403 509 617 564 Idemque
649 509 950 564 Protrepticon
979 523 1101 549 suum
1134 509 1188 549 de
1218 507 1373 562 puerili
1402 505 1543 548 studio
1575 504 1622 545 li-

205 582 363 624 bellum
385 584 575 624 nominat
596 583 778 638 epistola
799 584 852 624 ad
868 583 1157 637 Hesperium:
1194 588 1220 604 “
1240 580 1467 628 Libellum,
1491 593 1622 634 quem

203 652 256 692 ad
286 652 539 707 nepotulum
560 667 718 700 meum,
742 651 897 692 sororis
924 656 1009 691 tuae
1036 650 1185 698 filium,
1208 650 1341 690 instar
1363 646 1625 702 Protreptici

205 720 405 767 luseram,
430 727 636 762 venturus
655 721 731 762 tibi
758 721 942 775 praemisi
964 719 1236 775 legendum.’'
1289 718 1361 759 Sic
1385 718 1516 758 etiam
1539 716 1623 757 Pa-

204 789 345 842 pinius
378 789 563 830 Silvulas
598 804 694 830 suas
731 788 920 830 Libellos
948 788 1152 843 adpellat,
1184 787 1462 834 Praefatione,
1493 785 1565 826 lib.
1594 785 1623 826 i.

204 859 258 899 ad
285 857 490 907 Stellam;
522 873 683 906 rursus,
707 858 885 899 Praefat.
911 858 982 898 lib.
1000 857 1042 897 ii.
1062 857 1113 898 ad
1139 856 1366 897 Meliorem
1388 855 1624 902 Atedium;

202 927 373 976 iterum,
410 927 588 968 Praefat.
625 926 696 968 lib.
727 927 786 967 iii.
821 928 875 968 ad
911 926 1121 975 Pollium;
1163 932 1207 966 et
1241 925 1312 966 lib.
1346 925 1402 967 iv.
1440 923 1623 965 Hende-

203 996 332 1051 casyl.
360 996 414 1036 ad
447 995 651 1036 Plotium.
705 995 822 1047 Quin
857 996 986 1036 etiam
1010 995 1308 1050 jurisconsulti
1338 1009 1391 1035 ea
1419 992 1621 1040 carmina,

205 1066 360 1121 quibus
401 1065 582 1119 alicujus
623 1064 738 1105 fama
777 1065 1079 1119 proscinditur,
1119 1063 1360 1119 cujusmodi
1405 1068 1502 1104 sunt
1542 1061 1627 1102 ista

208 1135 439 1182 Ovidiana‚
474 1135 659 1175 famosos
697 1133 860 1175 libellos
892 1140 1061 1175 vocant.
1135 1133 1248 1174 Haec
1286 1138 1431 1173 autem
1465 1131 1628 1171 minora

204 1203 386 1244 fortasse
425 1202 698 1251 videbuntur,
736 1217 864 1257 quam
895 1207 942 1243 ut
982 1201 1350 1243 animadversione
1387 1200 1519 1256 digna
1559 1213 1626 1240 es-

206 1279 317 1314 sent.
370 1272 530 1313 Parum
559 1272 673 1313 enim
701 1271 951 1326 reipublicae
980 1271 1181 1312 literariae
1203 1271 1384 1311 interest
1403 1269 1533 1311 Dirce
1553 1282 1624 1316 ne,

205 1356 258 1382 an
289 1340 482 1382 Libellus
513 1340 592 1381 hoc
626 1340 868 1394 poemation
893 1340 1176 1381 inscribatur:
1213 1353 1362 1380 verum
1391 1338 1626 1393 legitimam

206 1410 496 1464 scriptionem,
520 1415 650 1464 atque
680 1409 814 1463 ipsam
848 1408 1036 1450 Nasonis
1064 1423 1236 1449 manum
1265 1408 1492 1448 immutare
1522 1405 1628 1447 nulli

206 1494 284 1533 per
313 1493 381 1519 me
411 1478 571 1519 licebit.
635 1477 700 1518 Ut
724 1484 771 1518 ut
800 1477 869 1526 sit,
893 1476 1081 1518 Nasonis
1102 1483 1249 1518 votum
1271 1491 1397 1517 omne
1422 1476 1464 1516 in
1490 1475 1626 1523 malis,

205 1546 420 1594 monstris,
440 1546 612 1594 morbis,
627 1545 805 1593 exsiliis,
822 1545 1057 1600 suppliciis,
1076 1545 1229 1600 plagis,
1246 1545 1466 1594 mortibus,
1483 1544 1625 1600 cujus-

206 1614 322 1656 modi
347 1629 519 1655 carmen
541 1614 663 1655 diras
684 1613 972 1668 appellabant,
997 1615 1112 1668 quod
1141 1614 1226 1655 illae
1254 1613 1420 1655 scilicet
1450 1613 1626 1654 ultrices

206 1685 315 1726 Deae
337 1689 608 1738 putarentur,
633 1698 813 1738 quarum
839 1684 1012 1724 numina
1035 1683 1236 1737 precibus
1261 1683 1301 1723 in
1329 1682 1527 1730 hostium,
1551 1688 1626 1723 aut

201 1753 469 1794 inimicorum
491 1753 726 1807 perniciem
745 1759 1044 1794 evocarentur.
1092 1752 1287 1794 Priscum
1307 1751 1413 1793 illud
1431 1752 1622 1807 quidem,

203 1829 333 1878 atque
374 1823 418 1863 in
453 1823 591 1863 scenis
624 1823 807 1877 primum
849 1822 1072 1877 agitatum,
1110 1836 1211 1863 mox
1247 1822 1301 1862 ad
1337 1820 1626 1862 recentiorum

204 1892 367 1934 animos
401 1893 785 1939 accommodatum,
810 1897 857 1932 ut
885 1891 1158 1932 observatum
1187 1896 1253 1931 est
1285 1904 1310 1930 a
1339 1889 1460 1932 Julio
1489 1888 1623 1930 Scali-

206 1975 325 2015 gero,
351 1960 553 2001 Poetices
583 1960 653 2000 lib.
678 1961 704 2000 i.
729 1975 824 2014 cap.
848 1959 919 2000 53.
984 1959 1233 2000 Exornatur
1262 1964 1422 2006 autem,
1452 1963 1499 1998 ut
1531 1958 1624 2012 ipse

205 2030 276 2077 ait,
301 2030 526 2069 sententiis
547 2043 629 2069 non
649 2028 909 2083 vulgaribus,
935 2033 980 2068 et
996 2028 1122 2068 variis
1144 2027 1412 2068 historiarum
1434 2027 1623 2082 ambagi-

205 2098 298 2144 bus,
331 2098 474 2151 qualia
503 2098 672 2151 scripsit
701 2097 887 2138 Ovidius
921 2096 964 2136 in
995 2095 1107 2137 lbin.
1172 2095 1223 2136 In
1262 2095 1434 2138 Horatii
1469 2095 1624 2150 Epodo

204 2166 365 2220 aliquid
388 2167 584 2221 imaginis
608 2172 698 2207 est:
723 2166 967 2221 expressior
988 2166 1103 2220 apud
1122 2165 1339 2207 Catullum
1358 2166 1400 2206 in
1418 2166 1625 2208 Ariadnae

206 2235 530 2289 conquestione,
564 2242 608 2275 et
644 2235 687 2275 in
723 2240 875 2288 quarto
911 2235 1138 2276 AEneidos.
1202 2234 1313 2275 Item
1352 2249 1449 2290 quae
1483 2235 1626 2276 fundit

207 2303 427 2344 Statianus
457 2303 662 2357 OEdipus,
693 2309 864 2358 sumpta
893 2305 947 2345 de
974 2303 1142 2345 Graecis
1176 2303 1365 2359 tragiciS,
1390 2310 1437 2345 ut
1468 2310 1514 2345 et
1544 2304 1622 2346 Se-

206 2386 324 2414 necae
344 2372 538 2414 Theseus
560 2387 616 2414 ex
640 2372 865 2428 Euripide.
