1809 3220
220 171 307 214 136

613 172 665 215 P.
699 171 915 214 OVIDII
948 172 1236 216 NASONIS

221 288 440 353 Quoque
465 288 614 336 modo
641 289 803 352 possit
826 288 1018 338 fulmen
1043 297 1320 338 monstrate
1346 291 1490 355 piari.

287 367 373 415 Sic
403 367 599 423 Numa;
641 365 714 414 sic
739 367 976 431 quatiens
1002 383 1192 416 cornua
1219 368 1423 417 Faunus
1450 368 1550 418 ait:

220 445 410 509 Magna
431 445 562 509 petis
585 462 596 493 :
635 461 728 493 nec
756 461 871 509 quae
898 447 1091 494 monitu
1118 446 1210 494 tibi
1240 446 1440 496 discere
1465 454 1638 496 nostro

285 524 382 571 Fas
409 524 503 571 sit:
546 523 737 571 habent
761 523 889 572 fines
917 524 1124 572 numina
1149 533 1321 573 nostra
1345 542 1481 575 suos,

216 602 281 650 Di
307 619 482 650 sumus
508 609 752 666 agrestes,
781 611 834 651 et
859 604 945 667 qui
971 604 1290 652 dominemur
1314 604 1363 652 in
1390 604 1506 652 altis
1536 607 1635 652 315

283 680 576 729 Montibus:
618 681 881 729 arbitrium
907 690 987 730 est
1012 681 1062 729 in
1089 699 1182 730 sua
1207 683 1310 731 tela
1333 682 1465 731 Jovi.

214 757 366 806 Hunc
392 766 446 807 tu
473 775 573 806 non
599 760 789 824 poteris
816 776 906 824 per
931 768 980 808 te
1007 761 1260 810 deducere
1286 761 1443 809 coelo:

280 837 351 884 At
376 838 562 902 poteris
589 846 760 887 nostra
785 838 992 888 forsitan
1022 856 1140 888 usus
1167 857 1282 905 ope.

213 914 429 963 Dixerat
454 916 561 964 haec
590 915 823 965 Faunus:
866 934 955 982 par
980 926 1059 966 est
1084 916 1335 967 sententia
1362 917 1491 966 Pici.

280 993 443 1042 Deme
469 1002 639 1042 tamen
665 995 810 1043 nobis
836 997 1052 1053 vincula,
1083 996 1239 1044 Picus
1266 997 1352 1044 ait.

1534 999 1635 1043 320

211 1071 411 1137 Jupiter
436 1073 534 1120 huc
559 1073 743 1131 veniet,
773 1075 939 1122 valida
964 1075 1216 1123 deductus
1244 1076 1307 1122 ab
1335 1082 1471 1123 arte:

279 1150 469 1198 Nubila
495 1151 726 1215 promissi
756 1152 888 1217 Styx
915 1153 1036 1200 mihi
1063 1153 1208 1201 testis
1235 1153 1345 1202 erit.

210 1227 397 1276 Emissi
424 1229 547 1293 quid
574 1237 728 1293 agant
753 1232 966 1296 laqueis,
995 1249 1110 1296 quae
1135 1233 1360 1280 carmina
1384 1231 1572 1288 dicant,

277 1306 495 1371 Quaque
522 1308 726 1356 trahant
751 1311 948 1374 superis
976 1311 1182 1358 sedibus
1210 1318 1317 1358 arte
1343 1308 1374 1356 J
1379 1326 1541 1366 ovem,

207 1385 350 1434 Scire
375 1385 515 1434 nefas
541 1386 727 1434 homini
749 1405 758 1435 :
801 1389 944 1436 nobis
970 1405 1216 1437 concessa
1239 1395 1505 1446 canantur,
1531 1390 1630 1435 325

276 1462 508 1528 Quaeque
534 1464 617 1528 pio
643 1465 742 1512 dici
770 1467 898 1514 vatis
925 1467 988 1514 ab
1015 1483 1099 1515 ore
1125 1467 1262 1515 licet.

207 1540 433 1590 Eliciunt
458 1543 586 1590 coelo
610 1550 678 1600 te,
706 1543 924 1609 Jupiter,
953 1545 1088 1592 unde
1114 1545 1334 1594 minores

276 1618 323 1667 N
331 1637 426 1668 unc
461 1637 667 1685 quoque
692 1630 743 1670 te
768 1623 1045 1681 celebrant,
1078 1622 1402 1687 Eliciumque
1428 1628 1626 1670 vocant.

248 1766 323 1796 312.
347 1765 523 1797 Concussio
544 1765 660 1808 capitis
688 1777 771 1799 nunc
796 1767 878 1799 diffi-

203 1815 355 1846 cultatem
378 1815 420 1846 rei
440 1815 608 1857 propositae
633 1816 765 1848 indicat.
814 1818 879 1850 Nec

203 1877 266 1908 911ae
292 1868 423 1901 monitu,
446 1872 509 1897 etc.
533 1866 745 1899 Tradideraut
771 1874 878 1900 tamen

203 1915 360 1952 nonnulli,
370 1915 520 1948 didicisse
532 1916 614 1948 hanc
625 1917 878 1958 procurationem

204 1967 345 1998 Numam
357 1967 397 1997 ab
414 1965 502 2008 ipsis,
525 1966 609 1998 Vide
628 1967 791 1999 Plutarch.
808 1968 878 1999 Nu-

204 2018 287 2046 mina
312 2022 425 2051 nostra,
451 2015 511 2051 vis,
539 2022 680 2058 potestas
703 2023 808 2048 nostra
831 2017 879 2048 di—

204 2065 291 2097 vina.
318 2066 414 2097 Hunc
431 2072 465 2097 tu
479 2078 537 2097 non
553 2069 676 2106 poteris,
692 2073 754 2098 etc.
781 2068 877 2110 Apud

203 2115 323 2147 Arnob.
346 2115 517 2147 instituunt
537 2126 654 2157 regem,
677 2118 793 2158 quibus
813 2118 879 2160 ipse

202 2167 317 2198 Jovem
344 2165 446 2196 modis
466 2172 498 2197 et
522 2167 686 2198 sacrificiis
712 2167 753 2198 ad
780 2174 880 2199 terras

201 2214 319 2246 eliciat.
359 2216 520 2246 Deducere
536 2217 621 2247 verb.
637 2227 686 2258 pr.
701 2227 878 2259 magarum,

203 2275 275 2306 quae
301 2270 332 2295 et
356 2265 465 2296 lunam
485 2265 598 2297 “coelo
619 2265 808 2298 deducere'’
824 2278 879 2309 po-

200 2320 319 2346 terant.
370 2316 538 2347 Plutarch.
569 2318 779 2359 καταγαγεῖν
815 2319 877 2350 τὸν

199 2364 263 2396 Δία
278 2364 526 2407 μαγεύσαντας.

245 2415 322 2445 321.
346 2415 456 2446 Lectio
475 2417 625 2447 deductus
641 2419 680 2447 ab
695 2425 763 2449 arte
777 2418 875 2449 veris-

200 2464 280 2496 sima
294 2465 372 2496 mihi
388 2465 532 2505 videtur;
558 2477 696 2509 namque
712 2469 873 2506 deducere,

200 2514 286 2556 quod
310 2526 377 2546 ver.
393 2516 468 2547 317.
483 2523 697 2558 praecesserat,
714 2517 765 2549 hic
789 2529 875 2550 corn-

200 2564 293 2596 mode
309 2565 472 2608 repetitur,
489 2572 521 2597 et
536 2568 641 2598 valida
656 2568 737 2599 bene
759 2579 874 2600 conve-

201 2615 249 2646 nit
273 2615 320 2657 τῷ
344 2622 424 2652 arte,
443 2621 476 2647 et
496 2619 534 2646 ab
554 2623 622 2648 arte
641 2623 689 2648 est
710 2628 768 2660 ope
789 2619 875 2649 artis.

200 2665 290 2697 Male
312 2665 436 2697 Taubn.
452 2671 554 2708 putat,
570 2666 655 2697 hunc
679 2678 771 2698 usum
796 2679 875 2710 prae-

200 2714 362 2757 positionis
377 2717 414 2746 ab
429 2715 613 2747 inusitatum
631 2727 713 2748 esse.
743 2717 874 2754 Nubila,

202 2765 277 2807 quia
288 2766 418 2797 nebulas
425 2766 555 2798 exhalat
564 2767 647 2798 iners
657 2779 666 2805 ;
675 2768 755 2798 Met.
764 2768 875 2800 ii.435.

992 1769 1056 1799 323
1072 1778 1144 1809 sqq.
1165 1767 1307 1798 Excusat
1323 1777 1356 1798 sc
1373 1766 1522 1803 Ovidius.
1539 1766 1624 1808 quod

950 1829 1011 1849 uon
1033 1824 1171 1854 enarrat,
1193 1817 1270 1859 quid
1291 1817 1346 1847 Dii
1369 1816 1416 1848 illi
1441 1816 1574 1857 egerint.
1594 1822 1629 1848 ut

948 1868 990 1899 iv.
1008 1870 1086 1900 552.
1136 1868 1286 1899 Carmina
1304 1868 1412 1910 Neap.
1430 1867 1518 1899 intel.
1535 1867 1631 1898 verba

950 1917 1125 1954 pontificis,
1156 1929 1255 1960 quum
1295 1916 1431 1948 fulmina
1459 1916 1630 1949 condebat.

950 1968 1051 1999 Immo
1064 1968 1198 1999 formula
1208 1967 1434 1999 incantationis
1444 1967 1627 2009 cogitanda,

949 2029 1013 2060 qua
1041 2018 1087 2049 illi
1116 2020 1230 2051 Jovem
1261 2018 1456 2057 eliciebant;
1488 2017 1524 2048 ii.
1551 2019 1628 2048 426.

949 2069 1000 2100 De
1028 2069 1162 2100 formula
1188 2072 1265 2100 scire
1292 2069 1390 2111 uqfas,
1414 2068 1454 2099 de
1479 2067 1528 2103 iis,
1553 2079 1625 2110 quae

946 2119 1026 2150 scire
1050 2120 1157 2150 conari
1184 2119 1316 2162 impium
1345 2125 1404 2156 est,
1428 2118 1494 2150 vid.
1518 2119 1626 2150 Bentl.

948 2169 988 2199 ad
1007 2169 1117 2200 Horat.
1132 2169 1160 2200 I.
1177 2169 1241 2200 Otl.
1258 2169 1300 2200 xi.
1322 2170 1348 2200 l.

991 2219 1069 2250 327.
1094 2219 1164 2250 Liv.
1177 2219 1199 2250 i.
1215 2220 1277 2250 20:
1304 2224 1326 2237 “
1341 2219 1395 2250 Ad
1411 2229 1451 2250 ea
1465 2217 1625 2250 elicienda

946 2278 986 2300 ex
1002 2269 1161 2300 mentibus
1177 2268 1305 2306 divinis,
1324 2268 1397 2300 Jovi
1415 2267 1519 2300 Elicio
1534 2278 1623 2300 aram

945 2319 977 2350 in
995 2320 1155 2350 Aventino
1171 2319 1302 2356 dicavit,
1320 2320 1493 2361 Deumque
1508 2329 1622 2350 consu-

946 2367 1006 2399 luit
1020 2368 1173 2410 auguriis,
1185 2379 1256 2410 quae
1269 2367 1474 2411 suscipienda
1485 2368 1624 2399 essent.'’

948 2418 984 2448 M
987 2421 1094 2453 innres.
1109 2417 1238 2461 posteri.
1278 2419 1328 2450 De
1345 2425 1474 2450 tremore
1489 2417 1557 2455 illo,
1573 2417 1622 2449 di-

945 2467 1027 2499 vinae
1051 2468 1226 2510 praesentiae
1252 2468 1354 2510 signo,
1378 2467 1455 2500 alibi
1479 2468 1621 2508 dictum;

945 2517 1028 2549 conf.
1044 2518 1079 2549 ii.
1097 2519 1172 2549 439.
1219 2518 1361 2549 Numam
1378 2518 1484 2549 horror
1499 2518 1553 2549 ille
1568 2528 1621 2550 sa-

944 2577 998 2598 cer
1013 2567 1153 2610 corripit,
1173 2568 1245 2599 Deo
1262 2567 1346 2605 viso;
1373 2568 1453 2599 etin
1474 2563 1638 2610 precibus’

944 2618 1094 2648 solemnis
1119 2624 1187 2649 erat
1210 2617 1267 2649 illa
1293 2617 1442 2655 conditio,
1460 2618 1487 2649 si
1511 2624 1543 2649 te
1566 2618 1619 2662 pie

943 2667 1041 2697 colui.
1088 2668 1129 2698 Et
1150 2668 1273 2699 cultum
1295 2678 1379 2699 nunc
1401 2678 1457 2710 per
1473 2669 1617 2705 donaria,

943 2717 1094 2758 pietatem
1119 2728 1175 2759 per
1202 2729 1295 2758 puras
1322 2729 1431 2749 manus
1459 2717 1619 2761 exprimit.

946 2767 995 2798 Da
1010 2769 1159 2807 piamina,
1176 2767 1274 2799 edoce
1289 2767 1444 2810 piamina.
