1830 3220
250 198 307 239 48
634 197 684 237 Ρ.
721 197 937 238 0V1D11
975 197 1260 239 NASONIS

254 314 404 363 Nunc
426 314 555 361 bene
581 313 858 378 prospicies
876 313 1088 371 Latiam,
1115 313 1419 370 Concordia,
1437 313 1666 362 turbam:

323 392 474 440 Nunc
501 399 550 440 te
577 400 786 440 sacratae
813 393 1078 441 restituere
1104 408 1300 440 manus.

1574 393 1674 440 640

256 471 436 519 Furius
464 470 728 534 antiquum
754 471 928 535 populi
952 478 1213 535 superator
1241 468 1481 517 Hetrusci

322 549 557 604 Voverat,
585 555 637 596 et
659 548 761 595 voti
788 549 1007 596 solverat
1031 556 1148 596 ante
1175 547 1344 595 fidem.

255 627 442 683 Causa,
471 625 610 690 quod
636 643 664 674 a
690 627 917 690 patribus
944 627 1122 674 sumtis
1150 634 1431 674 secesserat
1455 626 1606 674 armis

321 705 546 768 Vulgus:
590 711 642 752 et
667 705 780 769 ipsa
805 722 921 754 suas
950 705 1115 753 Roma
1141 705 1355 753 timebat
1381 721 1523 769 opes.

255 784 428 831 Causa
447 799 624 830 recens
646 783 849 831 melior:
879 799 1057 847 passos
1081 783 1356 831 Germania
1373 783 1538 830 crines
1575 784 1674 830 645

326 861 544 924 Porrigit
569 860 826 925 auspiciis,
857 860 978 908 Dux
1003 861 1306 918 venerande,
1336 860 1453 908 tuis.

257 940 384 987 Inde
410 938 733 1003 triumphatae
760 940 930 987 libasti
956 956 1165 987 munera
1190 939 1383 1003 gentis3

323 1017 639 1081 Templaque
664 1017 845 1074 fecisti,
874 1034 1027 1081 quam
1053 1018 1178 1065 colis
1205 1018 1331 1082 ipse,
1361 1017 1504 1065 Deae.

259 1093 383 1141 Haec
411 1103 499 1142 tua
523 1095 784 1143 constituit
809 1096 1029 1159 genitrix
1055 1103 1106 1144 et
1130 1097 1282 1144 rebus
1308 1103 1360 1144 et
1385 1111 1486 1152 ara,

327 1172 447 1220 Sola
472 1180 579 1220 toro
605 1173 775 1237 magni
800 1175 954 1238 digna
978 1183 1178 1239 reperta
1201 1174 1231 1221 J
1237 1175 1360 1223 ovis.

1577 1176 1677 1222 650

257 1250 391 1298 His-,c
422 1252 504 1298 ubi
530 1252 834 1308 transierint,
865 1253 1191 1318 Capricorno,
1221 1253 1432 1310 Phoebe,
1459 1252 1652 1308 relicto,

327 1329 426 1377 Per
445 1329 645 1393 juvenis
671 1346 842 1379 curres
869 1331 1013 1395 signa
1039 1331 1259 1395 gerentis
1281 1348 1483 1396 aquam.

258 1492 393 1522 cretum,
411 1492 444 1517 ut
460 1487 546 1518 aedes
559 1493 631 1518 vota
649 1498 744 1530 prope
763 1488 861 1519 forum
880 1499 933 1520 ex-

257 1542 443 1567 strueretur.
465 1537 627 1568 Plutarch.
640 1538 756 1569 Camil.
770 1540 823 1569 42.
840 1539 935 1570 Tern-

260 1586 350 1628 plum
379 1586 444 1617 soro
471 1587 638 1619 imminens
662 1595 745 1620 recte
767 1590 937 1630 prospicere

260 1636 385 1667 turbam
412 1644 467 1668 aut
491 1639 643 1680 populum
668 1639 699 1670 in
721 1639 785 1670 foro
810 1639 937 1671 dicitur.

262 1686 301 1717 Id
316 1687 472 1724 Tiberius,
489 1689 690 1720 consulatum
715 1700 787 1720 cum
805 1690 866 1721 Cn.
883 1691 936 1721 Pi-

260 1746 336 1767 sone
365 1737 468 1768 iniens
496 1738 698 1769 reficiendum
726 1739 878 1781 suscepit,
903 1746 938 1770 ut

259 1796 315 1817 suo
338 1792 370 1818 et
395 1787 491 1818 Drusi
516 1789 642 1819 nomine
667 1788 864 1825 inscriberet,
890 1796 937 1820 at-

261 1846 323 1877 que
348 1847 399 1867 an.
417 1837 458 1868 U.
476 1838 514 1869 C.
533 1838 609 1869 762.
627 1849 689 1880 quo
713 1849 775 1881 pax
798 1839 830 1870 in
855 1840 938 1870 Pan-

259 1886 355 1917 nonia
382 1893 414 1918 et
436 1888 602 1919 Dalmatia
625 1889 812 1931 composita,
830 1890 936 1921 Druso

254 1936 323 1978 jam
348 1944 482 1974 mortuo,
507 1938 547 1970 de
572 1939 730 1970 manubiis
756 1939 938 1979 dedicavit3

258 1986 428 2018 Suetonius
440 1987 511 2018 Tib.
527 1989 580 2018 20.
606 1989 770 2019 Sam-atum
793 1995 825 2020 et
850 2001 938 2020 sanc-

263 2042 338 2072 tum,
355 2036 513 2078 quidquid
534 2038 574 2068 ad
595 2039 821 2081 Imperatorem
843 2039 939 2081 perti-

261 2086 368 2116 nebat.
395 2086 476 2117 Vide
494 2086 653 2118 Rittersh.
676 2094 708 2118 et
731 2088 875 2119 Cortium
898 2089 939 2120 ad

262 2134 349 2165 Plin.
368 2147 396 2166 x.
414 2135 515 2176 Epist.
536 2138 562 2167 1.
598 2137 684 2168 Infra
700 2137 733 2168 ii.
751 2138 805 2168 60.
836 2150 937 2170 sacra-

265 2190 314 2214 tus
338 2184 410 2215 Dux
431 2187 535 2225 populi
566 2187 724 2218 Hetrusci.
751 2188 937 2220 Veientino-

262 2244 330 2264 rum
361 2235 393 2264 in
421 2235 588 2267 Hetruscis
614 2237 936 2279 opulentissimorum,

263 2289 358 2325 atque
375 2284 580 2316 Faliscorum.
616 2288 707 2323 Ante,
723 2287 813 2318 olim.
852 2288 939 2322 Quor!

263 2345 281 2363 a
297 2335 449 2373 patribus,
467 2341 530 2366 etc.
568 2336 682 2367 Omnis
698 2337 868 2369 multitudo
884 2349 939 2380 per

262 2382 419 2413 Tribunos
435 2383 537 2424 plebis
553 2385 584 2415 in
600 2385 770 2428 principes,
781 2386 813 2416 in
830 2386 939 2428 primis

264 2431 297 2462 in
324 2431 508 2469 Camillum,
530 2434 663 2465 incitata
685 2436 879 2477 postulabat,
904 2443 939 2468 ut

263 2481 344 2512 alter
372 2483 482 2513 consul
513 2494 529 2514 e
560 2484 653 2525 plebe
682 2492 863 2525 crearetur3
889 2487 939 2517 Li-

265 2530 345 2567 vius,
364 2542 394 2562 v.
414 2533 467 2563 25.
514 2533 592 2563 Suus
616 2536 737 2565 timebat
764 2547 840 2576 opes,
860 2547 938 2578 opes

264 2579 367 2621 plebis
391 2582 577 2613 metuebant
605 2590 776 2615 senatores.
823 2585 938 2617 Noster

265 2629 426 2671 ingeniose
441 2631 528 2673 loqui
544 2632 655 2663 voluit.

311 2681 387 2711 645.
410 2681 546 2712 Sensus:
566 2682 738 2713 Germania
753 2682 816 2713 tuis
832 2683 938 2726 auspi-

265 2729 323 2760 ciis
347 2730 441 2761 victa.
492 2730 576 2762 Victi
599 2732 709 2762 victori
742 2734 938 2774 porrigebant

266 2790 315 2815 ea.
337 2779 454 2821 quibus
474 2787 578 2812 essent
602 2782 761 2821 insignes:
787 2782 937 2813 Germani

1003 1491 1101 1521 crines
1131 1499 1204 1520 suos
1232 1488 1399 1531 promissos
1427 1488 1468 1520 ad
1494 1493 1678 1527 tonsuram;

1003 1540 1128 1570 Amorr.
1158 1540 1179 1570 i.
1209 1540 1267 1570 14:
1303 1543 1323 1556 ‘¹
1341 1540 1416 1571 Jam
1447 1538 1503 1570 tibi
1533 1538 1677 1581 captivos

1004 1591 1110 1621 mittet
1141 1590 1314 1621 Germania
1344 1589 1468 1620 crines:
1496 1588 1593 1620 Culta
1621 1589 1678 1619 tri-

1006 1640 1167 1683 umphatae
1185 1650 1315 1671 munere
1331 1639 1436 1681 gentis
1451 1639 1512 1671 eris
1522 1639 1553 1678 ;‘'
1578 1639 1679 1670 luter-

1006 1690 1087 1733 preti
1104 1691 1232 1721 Gallico
1250 1691 1321 1721 Dux
1338 1691 1530 1721 venerandus
1546 1689 1680 1722 Germa-

1007 1740 1097 1771 nicus
1125 1750 1193 1771 esse
1228 1739 1363 1770 videtur.
1408 1739 1454 1770 At
1492 1739 1577 1770 bella
1613 1745 1681 1771 tum

1007 1790 1114 1822 omnia
1142 1790 1334 1831 gerebantur
1363 1791 1507 1831 auspiciis
1536 1790 1681 1832 Impera-

1007 1840 1095 1871 toris.
1136 1841 1253 1871 Libasti
1269 1851 1395 1870 munera
1410 1841 1523 1882 gentis.
1553 1840 1681 1882 Neapo—

1008 1889 1047 1920 lis
1063 1890 1101 1920 ad
1125 1889 1293 1932 prandium
1309 1889 1431 1921 civibus
1455 1889 1633 1921 exhibitum
1649 1894 1682 1920 et

1008 1940 1206 1981 congiarium
1221 1950 1259 1970 ex
1274 1939 1431 1971 manubiis
1442 1939 1552 1971 datum
1565 1938 1681 1977 refert;

1008 1989 1213 2020 Burmannus
1237 1988 1278 2019 ad
1302 1988 1448 2020 detonsos
1471 1989 1586 2024 crines.
1602 1999 1682 2031 quos

1007 2038 1173 2081 Augustus
1202 2039 1318 2079 (immo
1339 2038 1503 2079 Tiberius)
1522 2038 1682 2070 libaverit.

1008 2088 1151 2119 Obscure
1167 2099 1243 2120 sane
1260 2094 1354 2130 poeta
1367 2089 1492 2120 locutus
1512 2095 1578 2120 est:
1603 2094 1682 2131 puto

1008 2145 1115 2169 tamen
1140 2149 1267 2170 sensum
1287 2149 1375 2170 esse:
1402 2145 1438 2170 tu
1461 2138 1629 2170 manubias
1649 2138 1683 2170 in

1008 2198 1100 2218 usum
1131 2198 1255 2219 sacrum
1291 2187 1463 2219 adhibuisti
1502 2193 1535 2219 et
1563 2188 1684 2231 templa

1008 2237 1081 2268 inde
1104 2237 1218 2268 fecisti.
1258 2238 1358 2273 Quam
1381 2239 1463 2274 colis,
1480 2238 1546 2269 vita
1569 2243 1627 2268 tua
1650 2242 1683 2269 et

1009 2286 1159 2318 moribus.
1200 2287 1355 2324 Genitrix,
1383 2287 1486 2320 Livia.
1533 2288 1582 2319 Ea
1607 2298 1683 2320 con-

1008 2337 1147 2368 cordiam
1174 2338 1262 2368 rebus
1282 2337 1359 2380 ipsis
1381 2337 1540 2380 Augusto,
1561 2343 1594 2369 et
1613 2349 1682 2374 ανιι,

1008 2397 1106 2427 quam
1136 2387 1225 2421 forte,
1251 2393 1287 2417 ut
1316 2387 1428 2418 Const.
1457 2387 1612 2419 Fanensis
1649 2394 1683 2419 et

1008 2436 1211 2466 Burmannus
1225 2436 1436 2478 suspicantur,
1448 2435 1481 2467 in
1495 2436 1681 2468 ConcordIae

1009 2485 1078 2516 aede
1102 2487 1273 2522 constituit,
1300 2485 1456 2523 exhibuit,
1476 2486 1681 2528 quemadmo-

1009 2533 1084 2565 dum
1101 2540 1134 2565 et
1149 2535 1246 2565 Bonae
1264 2535 1344 2566 Deae
1360 2536 1515 2578 templum
1533 2536 1682 2574 restituit,

1009 2595 1036 2615 v.
1055 2584 1128 2615 157.
1167 2584 1304 2627 Magnus
1318 2584 1455 2625 Jupiter,
1467 2585 1645 2626 AugustuS.

1051 2634 1238 2665 651--656.
1262 2635 1344 2665 Solis
1363 2635 1515 2666 transitus
1535 2645 1553 2666 e
1568 2634 1682 2678 Capri-

1008 2694 1102 2714 corno
1129 2684 1161 2714 in
1183 2684 1378 2726 Aquarium.
1413 2685 1504 2726 Lyrae
1527 2690 1559 2716 et
1584 2685 1681 2716 medii

1008 2733 1122 2764 Leonis
1155 2744 1299 2766 occasus.
1335 2733 1472 2771 Plinius,
1501 2733 1593 2765 xviii.
1621 2736 1678 2766 26.

1007 2787 1027 2800 ‘¹
1045 2783 1086 2814 Et
1112 2794 1208 2825 quum
1233 2785 1279 2815 sol
1304 2784 1337 2815 in
1361 2784 1524 2826 aquarium
1546 2783 1680 2816 sentitur
