1809 3220
170 159 258 201 226

577 157 624 198 P.
659 157 875 199 OVIDII
912 157 1198 200 NASONIS

179 276 461 325 Frondibus
487 284 539 323 et
562 274 679 322 fixis
707 275 1012 322 decorentur
1037 274 1190 322 ovilia
1214 275 1395 332 rarnis3

247 353 315 402 Et
338 361 479 416 tegat
503 361 704 400 ornatas
730 352 883 416 longa
907 368 1093 400 corona
1116 352 1266 401 fores.

185 432 405 480 Caerulei
430 431 555 480 fiant
578 431 689 479 vivo
714 431 778 479 de
805 431 1047 496 sulphure
1072 431 1215 488 fumi,

249 510 515 573 Tactaque
540 508 750 557 fumanti
780 509 1023 574 sulphure
1049 510 1188 558 balet
1213 509 1338 558 ovis.

1509 513 1609 558 740

183 589 287 637 Ure
315 604 479 636 mares
506 588 660 644 oleas,
689 587 998 655 taedamque,
1027 589 1316 652 herbasque
1349 588 1567 636 Sabinas
1591 606 1603 646 ;

255 666 322 714 Et
342 674 517 730 crepet
543 666 594 713 in
620 665 800 714 mediis
826 666 996 713 laurus
1022 665 1204 714 adusta
1228 666 1370 714 focis.

186 745 414 810 Libaque
440 745 504 793 de
531 745 669 792 milio
695 744 819 791 milii
846 744 1039 792 fiscella
1065 753 1336 808 sequatur;

252 823 468 871 Rustica
493 823 749 888 praecipue
775 830 853 870 est
878 822 974 870 hoc
1003 821 1115 870 Dea
1143 823 1260 870 laeta
1284 823 1416 871 cibo.

1510 824 1607 868 744

186 903 335 951 Adde
357 903 516 968 dapes
537 903 907 965 mulctramque
929 917 1071 959 suas;
1103 902 1430 966 dapibusque
1446 917 1612 949 resec-

257 982 548 1030 Silvicolam
575 981 747 1046 tepido
771 981 902 1028 lacte
929 997 1138 1045 precare
1170 979 1344 1029 Palen.

188 1106 355 1143 collocata.
379 1117 417 1138 ex
441 1106 581 1143 Tibullo,
607 1106 653 1136 11.
671 1116 700 1136 v.
722 1106 786 1144 97;
811 1115 863 1135 ve-

187 1168 256 1189 rum
282 1158 341 1188 sub
366 1156 560 1188 umbraculis
587 1156 649 1187 illis
674 1155 778 1198 potius
801 1155 864 1186 dis-

189 1208 385 1239 cumbebant
410 1207 532 1238 rustici.
583 1207 706 1249 Lange.
727 1216 743 1236 e
769 1205 865 1248 posti-

188 1257 249 1289 bus
271 1257 641 1300 dependentes‚jestoais.
692 1256 814 1298 Tegere,
833 1263 866 1286 ut

192 1308 302 1344 velare,
320 1308 450 1339 verbum
468 1307 499 1338 in
515 1307 573 1338 hac
591 1319 622 1338 re
639 1307 811 1349 proprium.

236 1358 311 1389 739.
338 1358 504 1398 Sulphuris
530 1368 605 1388 usus
632 1356 812 1399 praecipuus
835 1355 866 1387 in

190 1407 452 1447 lustrationibus3
479 1408 647 1443 Homerus,
659 1407 723 1438 Od.
739 1418 769 1438 x.
786 1408 843 1438 481
860 1419 868 1445 ;

191 1459 350 1495 Tibullus,
367 1459 394 1490 1.
410 1469 442 1489 v.
463 1460 518 1488 ll:
545 1463 565 1475 ‘¹
585 1458 724 1500 Ipseque
747 1464 792 1488 ter
809 1457 869 1488 cir·

192 1520 265 1541 cum
281 1508 412 1540 lustravi
428 1509 579 1551 sulphure
601 1508 711 1550 puro.''
765 1508 869 1538 Vinum

193 1559 272 1602 quid
305 1559 346 1590 sit
374 1558 520 1600 sulphur,
554 1557 695 1599 explicat
731 1556 869 1592 Plinius,

193 1620 291 1641 xxxv.
315 1610 370 1640 50.
394 1608 448 1639 ubi
474 1614 608 1650 quatuor
631 1606 793 1648 sulphuris
818 1617 872 1648 ge-

195 1669 272 1690 nera
289 1664 451 1695 recenset;
476 1663 496 1675 ‘⁸
517 1657 646 1692 Vivum,
665 1656 751 1698 quod
767 1656 873 1688 Graeci

197 1719 319 1752 apyron
340 1716 466 1744 vocant,
485 1707 624 1739 nascitur
647 1706 797 1743 solidum,
815 1706 873 1739 hoc

197 1766 245 1791 est
268 1759 375 1801 gleba.
423 1759 549 1790 Caetera
580 1757 700 1798 liquore
727 1763 876 1788 constant

196 1815 229 1840 et
257 1807 468 1840 conficiuntur
497 1807 566 1838 oleo
599 1806 765 1837 incocta.''
811 1806 873 1838 Sed

199 1859 356 1891 Gesenius
381 1864 489 1899 negat,
516 1857 594 1888 illud
626 1866 710 1887 nunc
739 1856 875 1898 intelligi

198 1919 302 1952 posse,
319 1908 394 1950 quia
410 1907 531 1939 Plinius
547 1906 663 1938 addat:
689 1910 709 1923 ¹‘
731 1905 812 1936 Vivo
828 1917 876 1937 so-

198 1958 266 1991 lum
303 1969 342 1990 ex
380 1957 527 1989 omnibus
558 1956 728 1999 generibus
764 1956 878 1987 medici

202 2013 334 2040 utuntur
347 2008 377 2045 ;'’
402 2018 435 2038 se
451 2007 558 2049 igitur,
575 2005 600 2037 si
618 2005 712 2037 lectio
729 2016 807 2036 sana
822 2005 875 2041 sit,

201 2060 304 2089 vivum
323 2067 437 2100 capere
461 2057 502 2088 de
527 2055 702 2090 celeritate,
725 2065 790 2097 qua
813 2055 878 2086 sul-

201 2107 283 2151 phur
298 2118 317 2139 a
331 2107 459 2138 flamma
473 2106 586 2148 corripi
607 2105 718 2140 soleat,
734 2111 770 2136 ut
792 2107 877 2136 viva-

202 2159 251 2189 cia
275 2157 426 2197 sulphura
448 2157 584 2188 Metam.
606 2155 652 2186 iii.
678 2155 753 2185 374.
800 2154 878 2186 Haec

204 2217 277 2239 vero
302 2206 426 2237 Plinius
449 2207 516 2248 ipse
541 2205 628 2236 dicto
652 2205 722 2236 loco
748 2205 877 2236 refellit.

205 2257 271 2290 Ubi
286 2257 369 2288 enim
391 2256 525 2294 monuit,
542 2260 643 2287 vivum
662 2256 792 2296 sulphur
807 2255 878 2286 viti-

203 2307 318 2349 ligines
339 2306 461 2342 tollere,
479 2305 600 2348 pergit:
625 2310 644 2322 ‘⁴
660 2305 769 2336 Habet
792 2311 825 2336 et
848 2305 879 2336 iu

203 2357 410 2400 religionibus
429 2356 534 2387 locum
556 2355 597 2386 ad
618 2355 792 2397 expiandas
811 2355 878 2386 sus-

205 2407 263 2438 fitu
297 2406 438 2437 domos.'’
485 2407 622 2446 Sulphur·
651 2407 815 2436 caeruleum
849 2405 880 2436 iu

206 2455 403 2500 purgationis
425 2455 634 2497 descriptione
661 2455 759 2486 habet
782 2455 880 2486 Clau-

207 2507 331 2543 dianus,
348 2505 458 2537 xxviii.
473 2507 548 2537 325.
597 2505 734 2547 Tangere
752 2505 881 2536 verbum

207 2557 349 2589 solemne
363 2555 396 2586 iu
417 2555 476 2586 hac
496 2565 540 2591 re,
556 2560 592 2586 ut
607 2554 759 2585 Heinsius
774 2565 881 2585 exem-

207 2607 270 2650 plis
285 2605 415 2643 docuit3
437 2605 483 2635 sic
498 2610 530 2636 et
545 2615 608 2635 ver.
625 2605 699 2635 790.

254 2657 332 2687 741.
366 2655 446 2686 Oleae
472 2665 564 2696 aeque
587 2664 624 2685 ac
650 2654 730 2685 lauri
753 2665 828 2685 usus
851 2654 883 2686 in

208 2704 472 2748 purgationibus3
497 2703 628 2735 AEneid.
643 2703 684 2735 vi.
700 2703 776 2734 230.
820 2703 882 2734 Ar-

209 2756 302 2788 bores
323 2754 419 2787 etiam
436 2753 560 2786 Plinius
583 2753 650 2785 xvi.
676 2754 722 2785 [9.
737 2753 771 2784 in
787 2764 883 2785 mures

1502 980 1609 1044 [tis‚

935 1111 966 1135 et
976 1105 1117 1147 jeminus
1139 1104 1265 1135 dividit.
1314 1104 1404 1135 Idem
1420 1103 1475 1135 xii.
1491 1105 1545 1136 32.
1561 1103 1616 1136 ubi

934 1155 974 1187 de
996 1162 1065 1187 ture
1090 1158 1221 1187 umsculo
1245 1155 1322 1196 agit,
1341 1154 1452 1187 addit:
1488 1159 1509 1173 “
1526 1154 1618 1187 Reli-

935 1206 1019 1248 gioni
1037 1207 1203 1242 tributum,
1221 1217 1259 1237 ne
1275 1216 1369 1237 sexus
1384 1205 1466 1237 alter
1481 1215 1617 1248 usurpa-

935 1257 1053 1288 νεῖαι-Σ*
1103 1257 1218 1287 Pinum
1236 1256 1267 1287 in
1291 1254 1533 1287 lustrationibus
1547 1264 1617 1287 esse

937 1307 1128 1343 adhibitam,
1166 1317 1262 1348 supra
1301 1307 1337 1338 ii.
1376 1307 1433 1338 ⁴25.
1464 1305 1615 1337 vidimus.

937 1357 1034 1388 Nunc
1059 1363 1197 1398 cognata
1223 1357 1314 1387 arbor
1338 1363 1542 1392 memoratur,
1567 1362 1620 1387 ια»-

938 1410 989 1443 da,
1006 1407 1098 1450 pinus
1113 1406 1276 1444 silvestris,
1294 1417 1392 1449 quam
1410 1405 1534 1438 Plinius
1555 1404 1620 1437 xvi.

943 1458 994 1488 19.
1034 1462 1055 1474 ⁴‘
1084 1456 1219 1488 flammis
1249 1467 1286 1488 ac
1318 1456 1428 1487 lumini
1459 1465 1619 1487 sacrorum

941 1507 1086 1549 gratam‘'
1121 1513 1227 1538 vocat.
1276 1507 1327 1538 De
1367 1507 1465 1538 herbis
1501 1506 1623 1537 Sabinis

941 1563 973 1588 et
999 1557 1038 1588 de
1065 1560 1233 1598 crepitante
1263 1558 1351 1588 lauro
1376 1556 1500 1588 dictum
1528 1555 1569 1587 ad
1597 1556 1621 1587 i.

943 1609 1018 1639 343.

987 1658 1063 1689 743.
1099 1657 1196 1687 Sacra
1224 1656 1304 1687 Deae
1337 1666 1399 1687 non
1429 1663 1564 1688 cruenta
1592 1661 1626 1687 et

943 1707 1050 1739 obvia.
1099 1707 1127 1738 E
1148 1708 1231 1737 milio
1247 1706 1321 1737 Itali
1345 1716 1461 1748 panem
1483 1704 1624 1749 praedul-

945 1768 1013 1789 cem
1043 1756 1215 1793 faciebant,
1232 1756 1368 1791 Plinius,
1387 1755 1475 1787 xviii.
1490 1756 1547 1787 24.
1569 1755 1626 1787 sed

946 1814 978 1839 et
1005 1808 1087 1843 iilum
1118 1807 1250 1837 Festus:
1285 1810 1304 1823 ¹·
1323 1805 1512 1836 Suffimeuta
1537 1804 1626 1836 dice-

946 1857 1036 1892 bant.
1052 1867 1123 1899 quae
1147 1855 1309 1887 faciebant
1324 1865 1363 1887 ex
1387 1854 1461 1886 faba
1475 1853 1627 1897 milioque

948 1905 1080 1942 mellito,
1103 1906 1204 1937 mulso
1230 1904 1370 1948 sparso.’'
1418 1904 1551 1936 fiscella
1573 1910 1629 1936 aut

937 1959 1065 1998 fiscina,
1081 1956 1238 1992 calathus,
1256 1966 1351 1998 quem
1374 1954 1483 1986 rustici
1503 1955 1595 1986 otiosi
1610 1965 1628 1987 e

943 2007 1052 2049 juncis
1079 2013 1111 2038 et
1132 2005 1302 2037 viminibus
1327 2005 1480 2037 texebant
1503 2004 1627 2036 varium

949 2057 980 2087 in
1008 2067 1122 2094 usum3
1144 2054 1260 2096 Virgil.
1278 2054 1399 2096 Georg.
1423 2052 1446 2085 i.
1465 2053 1550 2093 2663
1571 2053 1626 2085 Ti-

948 2106 1130 2143 bullus,‘11.
1146 2105 1191 2136 iii.
1212 2106 1262 2137 15.

992 2158 1067 2189 745.
1102 2157 1182 2187 Haec
1206 2156 1303 2187 verba
1330 2154 1493 2196 negotium
1520 2154 1622 2187 fecere

948 2207 1020 2238 intt.
1046 2207 1100 2250 qui
1126 2216 1234 2237 omnes
1259 2208 1349 2246 dapes
1374 2204 1559 2237 intellexere
1586 2205 1626 2238 de

948 2258 1045 2289 sacris
1068 2257 1148 2289 Deae
1176 2255 1302 2287 oblatis.
1348 2255 1462 2286 Heius.
1486 2255 1627 2297 conjicit,

951 2309 1037 2338 Adde
1061 2309 1132 2348 dapi
1156 2307 1386 2346 mulctramquae
1407 2315 1489 2343 ωας
1514 2315 1625 2337 verum

948 2368 966 2388 e
980 2357 1100 2388 Tibull.
1116 2356 1163 2388 II.
1180 2368 1211 2386 v.
1228 2356 1282 2388 99.
1298 2354 1461 2391 discimus,
1477 2354 1624 2391 rusticos,

949 2407 1047 2438 sacris
1076 2405 1226 2449 peractis,
1259 2405 1318 2437 sibi
1350 2407 1442 2445 dapes
1473 2415 1626 2448 parasse:

950 2460 972 2473 “
987 2456 1033 2487 At
1053 2455 1114 2487 sibi
1137 2455 1273 2498 quisque
1295 2454 1394 2496 dapes
1414 2460 1446 2486 et
1460 2454 1557 2486 festas
1571 2464 1628 2486 ex-

950 2512 1050 2538 struet
1065 2506 1129 2538 alte
1145 2505 1330 2547 Cespitibus
1345 2514 1483 2539 mensas.
1499 2503 1627 2546 cespiti-

950 2555 1075 2598 busque
1085 2554 1221 2586 torum.'’
1243 2554 1363 2587 Eadem
1373 2553 1521 2585 convivia
1531 2553 1628 2585 etiam

952 2605 1166 2648 Propert.IV.
1180 2604 1225 2635 iv.
1239 2604 1294 2635 74.
1307 2609 1471 2640 memorat,
1485 2607 1505 2621 ‘¹
1517 2603 1624 2641 Quum

952 2665 1079 2697 pagana
1105 2654 1238 2685 madent
1268 2653 1388 2685 fercula
1411 2651 1573 2689 deliciis,''
1596 2658 1629 2683 et

951 2704 1068 2735 Noster
1083 2704 1115 2734 in
1130 2703 1378 2740 Terminalibus,
1389 2703 1422 2734 ii.
1438 2702 1515 2734 657.
1559 2702 1628 2733 Ne-

951 2764 1013 2796 que
1037 2753 1190 2785 credibile
1215 2759 1276 2791 est,
1294 2753 1446 2786 Ovidium
1470 2752 1527 2784 illa
1545 2751 1624 2783 omi-
