1830 3220
559 152 912 194 FASTORUM
947 153 1067 195 LIB.
1102 154 1137 195 Ι.
1499 159 1556 200 33

138 266 311 329 Surgit
337 283 539 324 amans;
572 268 896 331 animamque
923 277 1118 324 tenens,
1145 271 1356 332 vestigia
1380 272 1547 321 furtim

202 344 463 409 Suspenso
489 345 662 408 digitis
687 345 784 393 fert
810 345 1061 393 taciturna
1086 347 1263 409 gradu.
1445 353 1544 398 426

137 421 207 469 Ut
231 423 398 486 tetigit
422 424 580 471 niveae
607 430 804 471 secreta
828 424 1016 471 cubilia
1043 423 1298 488 Nymphae
1320 443 1330 481 ;

202 498 323 563 Ipsa
347 500 425 547 sui
449 501 600 548 flatus
626 516 690 548 ne
717 507 862 547 sonet
887 516 1023 557 aura,
1052 509 1213 548 cavet.

134 576 200 624 Et
218 578 324 640 Jam
349 578 560 625 finitima
585 594 767 642 corpus
794 577 1011 625 librabat
1037 578 1085 624 in
1112 579 1269 627 herba
1291 598 1300 627 :

201 654 294 703 Illa
319 662 490 703 tamen
518 655 662 702 multi
690 655 840 718 plena
865 656 1057 718 soporis
1084 664 1208 703 erat.
1448 661 1546 705 430

133 732 364 790 Gaudet;
407 739 472 788 et,
502 749 531 780 a
555 732 772 796 pedibus
799 739 960 779 tracto
986 732 1247 790 velamine,
1277 742 1390 781 vota

198 809 277 857 Ad
306 826 398 857 sua
422 810 554 857 felici
580 817 803 874 coeperat
829 810 898 858 ire
924 809 1020 858 via.

132 887 268 936 Ecce
293 889 478 935 rudens
504 903 655 935 rauco
684 887 842 934 Sileni
870 894 1040 935 vector
1065 889 1251 936 asellus

199 965 590 1030 Intempestivos
617 965 776 1013 edidit
801 982 885 1013 ore
913 982 1080 1013 sonos.

129 1043 326 1092 Territa
344 1061 654 1107 consurgens
677 1043 723 1090 N
729 1044 920 1108 ymphe
940 1044 1278 1108 manibusque
1299 1044 1544 1108 Priapum

198 1121 402 1186 Rejicit,
431 1129 482 1170 et
504 1122 704 1185 fugiens
731 1121 953 1170 concitat
977 1139 1125 1170 omne
1152 1138 1347 1170 nemus.
1443 1125 1541 1170 436

129 1199 197 1247 At
223 1199 380 1256 DeUS‚
409 1201 647 1248 obscoena
671 1201 880 1247 nimium
911 1216 1116 1264 quoque
1146 1208 1288 1264 parte
1318 1207 1540 1264 paratus,

197 1278 449 1326 Omnibus
475 1279 539 1326 ad
564 1279 695 1325 lunae
721 1278 912 1325 lumina
937 1277 1067 1325 risus
1094 1284 1217 1325 erat.

128 1353 294 1403 Morte
320 1356 462 1403 dedit
487 1373 660 1420 poenas
687 1362 860 1403 auctor
885 1355 1148 1403 clamoris:
1191 1363 1242 1402 et
1268 1355 1383 1402 hinc
1409 1363 1487 1403 est

195 1432 609 1497 Hellespontiaco
634 1433 840 1480 victima
864 1440 1007 1495 grata
1035 1432 1162 1480 Deo,
1441 1436 1542 1480 440

129 1510 339 1559 Intactae
366 1511 573 1560 fueratis
601 1527 734 1567 aves,
764 1511 943 1558 solatia
968 1511 1111 1567 ruris,

195 1589 482 1637 Adsuetum
508 1589 662 1645 silvis,
690 1589 1067 1652 innocuumque
1093 1605 1281 1652 genus;

127 1666 254 1723 Quae
279 1667 443 1715 facitis
470 1667 632 1723 nidos,
660 1683 775 1730 quae
803 1667 987 1731 plumis
1013 1683 1106 1714 ova
1130 1666 1326 1722 fovetis,

195 1745 262 1794 Et
287 1746 418 1794 facili
445 1747 622 1794 dulces
649 1745 798 1794 editis
825 1761 910 1792 ore
937 1745 1130 1793 modos.

130 1824 234 1872 Sed
260 1824 383 1872 nihil
403 1824 501 1872 ista
519 1826 726 1889 juvant:
757 1823 878 1886 quia
901 1823 1086 1886 linguae
1109 1822 1299 1870 crimen
1324 1822 1538 1879 habetis,

196 1903 365 1967 Dique
390 1909 569 1967 putant
593 1909 791 1950 mentes
817 1918 904 1949 vos
930 1901 1124 1965 aperire
1150 1917 1284 1948 suas.
1440 1902 1538 1948 446

127 1980 237 2029 Nec
248 1989 418 2029 tamen
434 1981 485 2028 id
495 1981 674 2029 falsum
693 1998 701 2028 :
732 1996 866 2036 nam,
881 1979 972 2027 Dis
988 1987 1044 2027 ut
1058 1979 1288 2044 proxima
1302 1994 1536 2042 quaeque,

193 2058 344 2107 Nunc
371 2076 539 2124 penna
563 2075 723 2115 veraS‚
752 2073 886 2105 nunc
913 2057 1044 2104 datis
1071 2073 1155 2104 ore
1180 2063 1342 2104 notas.

168 2241 243 2272 425.
267 2240 384 2271 Confer
408 2240 447 2271 vi.
471 2241 531 2271 331
554 2250 626 2282 sqq.
651 2239 703 2270 ubi
727 2238 798 2270 Psi-
868 2238 933 2269 viii.
949 2239 1024 2270 201.
1043 2238 1082 2269 de
1108 2237 1244 2268 Daedalo
1267 2236 1335 2277 jam
1363 2235 1467 2266 volare
1488 2245 1540 2265 co-

124 2301 204 2332 apus
222 2289 365 2322 similiter
381 2291 514 2321 Vestam
537 2290 634 2321 audet
657 2300 796 2320 corrum-
869 2294 977 2319 nante.

123 2350 208 2381 pere,
223 2339 279 2371 sed
292 2345 323 2370 et
335 2339 403 2381 ipse
419 2339 509 2371 aselli
525 2350 600 2371 voce
615 2338 796 2381 impeditur.
911 2338 986 2368 436.
1013 2337 1108 2367 Omne
1134 2346 1240 2372 uenus,
1269 2345 1377 2366 omnes
1398 2335 1486 2365 Deos
1508 2334 1540 2365 in

127 2390 231 2432 Digiti
245 2389 336 2432 pedis
345 2390 479 2431 intellig.
496 2395 528 2420 et
540 2400 677 2429 suspenso
690 2390 797 2431 digitis
868 2398 994 2419 nemore
1010 2387 1177 2417 cubantes.

123 2440 226 2480 gradu
254 2438 296 2469 nil
327 2445 376 2470 est
404 2439 463 2470 nisi
491 2438 653 2481 suspensis
688 2438 796 2479 digitis
910 2438 985 2467 442.
1010 2437 1178 2467 Adsuetum
1203 2435 1296 2469 silvis,
1322 2433 1465 2474 adeoque
1490 2442 1538 2464 re-

124 2488 254 2530 pedum.
293 2488 425 2525 Secreta,
442 2488 518 2530 quia
533 2487 646 2519 ultima
656 2487 796 2529 jacebat.
866 2494 986 2517 motum
1008 2486 1048 2516 ab
1070 2483 1259 2516 hominibus.
1305 2483 1453 2513 Solantur
1472 2492 1539 2512 rus-

127 2537 327 2578 Ipsa—cavet
341 2537 373 2567 id
387 2537 483 2579 quod,
500 2537 639 2568 animam
655 2538 795 2568 tenebat.
863 2536 954 2572 ticos,
979 2535 1101 2566 faciunt
1123 2539 1159 2564 ut
1185 2533 1310 2563 labores
1338 2532 1442 2562 minus
1466 2541 1536 2561 sen-

127 2588 243 2627 Corpus
271 2588 412 2624 librabat,
433 2587 466 2618 in
487 2586 665 2629 aequilibrio
689 2592 794 2618 tenere
864 2585 958 2616 tiant.
998 2583 1162 2624 Virgilius,
1179 2582 1298 2623 Georg.
1315 2580 1336 2611 i.
1352 2581 1428 2612 293.
1446 2581 1539 2610 solari

125 2647 239 2678 corpus
266 2637 422 2673 tentabat,
449 2643 485 2667 ut
511 2637 624 2672 solent,
649 2637 704 2678 qui
727 2647 795 2667 sus·
864 2640 960 2665 cantu
983 2634 1105 2663 labores.
1152 2631 1257 2662 Facite
1277 2642 1319 2666 os,
1344 2629 1429 2671 quod
1454 2627 1539 2659 facili

127 2697 225 2728 penso
249 2686 350 2727 gradu
375 2685 540 2722 incedunt,
566 2692 730 2728 tamquam
749 2686 796 2716 fu-
867 2683 993 2725 negotio
1019 2692 1110 2713 sonos
1133 2681 1210 2717 edit,
1233 2678 1393 2716 flexibile;
1423 2676 1540 2708 dicitur

128 2735 346 2767 nambulones.
376 2736 496 2767 Eadem
513 2736 646 2767 formula
662 2736 797 2766 Metam.
867 2740 895 2762 ot
920 2744 1039 2772 sequax.
1089 2731 1175 2761 Nihil
1191 2733 1321 2768 juvant.
1347 2738 1407 2759 non
1430 2726 1540 2758 desen-

174 2780 275 2810 VOL.
300 2780 342 2810 V.
1000 2782 1023 2812 1:
