<?xml version="1.0" encoding="UTF-8"?>
<!DOCTYPE html PUBLIC "-//W3C//DTD XHTML 1.0 Transitional//EN"
    "http://www.w3.org/TR/xhtml1/DTD/xhtml1-transitional.dtd">
<html xmlns="http://www.w3.org/1999/xhtml" xml:lang="en" lang="en">
 <head>
  <title>
</title>
<meta http-equiv="Content-Type" content="text/html;charset=utf-8" />
  <meta name='ocr-system' content='tesseract 3.04.00' />
  <meta name='ocr-capabilities' content='ocr_page ocr_carea ocr_par ocr_line ocrx_word'/>
</head>
<body>
  <div class='ocr_page' id='page_1' title='image "./povidiinasonisop05oviduoft_0178.png"; bbox 0 0 1809 3220; ppageno 0'>
   <div class='ocr_carea' id='block_1_1' title="bbox 155 185 1180 232">
    <p class='ocr_par' dir='ltr' id='par_1_1' title="bbox 155 185 1180 232">
     <span class='ocr_line' id='line_1_1' title="bbox 155 185 1180 232; baseline -0.004 0"><span class='ocrx_word' id='word_1_1' title='bbox 155 190 240 232; x_wconf 87' lang='grc'>150</span> <span class='ocrx_word' id='word_1_2' title='bbox 553 187 602 228; x_wconf 93' lang='grc' dir='ltr'>Ρ.</span> <span class='ocrx_word' id='word_1_3' title='bbox 639 186 857 229; x_wconf 91' lang='lat' dir='ltr'>OVIDII</span> <span class='ocrx_word' id='word_1_4' title='bbox 894 185 1180 229; x_wconf 89' lang='lat' dir='ltr'>NASONIS</span> 
     </span>
    </p>
   </div>
   <div class='ocr_carea' id='block_1_2' title="bbox 148 303 1578 995">
    <p class='ocr_par' dir='ltr' id='par_1_2' title="bbox 153 303 1288 447">
     <span class='ocr_line' id='line_1_2' title="bbox 153 303 1288 369; baseline -0.004 -14"><span class='ocrx_word' id='word_1_5' title='bbox 153 306 221 355; x_wconf 90' lang='lat' dir='ltr'>Et</span> <span class='ocrx_word' id='word_1_6' title='bbox 245 306 441 354; x_wconf 87' lang='lat' dir='ltr'>ducunt</span> <span class='ocrx_word' id='word_1_7' title='bbox 468 304 634 369; x_wconf 88' lang='lat' dir='ltr'>posito</span> <span class='ocrx_word' id='word_1_8' title='bbox 659 305 812 352; x_wconf 85' lang='lat' dir='ltr'>duras</span> <span class='ocrx_word' id='word_1_9' title='bbox 838 310 1035 352; x_wconf 84' lang='lat' dir='ltr'>cratere</span> <span class='ocrx_word' id='word_1_10' title='bbox 1059 303 1288 359; x_wconf 83' lang='lat' dir='ltr'><strong>choreas,</strong></span> 
     </span>
     <span class='ocr_line' id='line_1_3' title="bbox 219 382 1272 447; baseline -0.001 -16"><span class='ocrx_word' id='word_1_11' title='bbox 219 384 478 447; x_wconf 86' lang='lat' dir='ltr'>Cultaque</span> <span class='ocrx_word' id='word_1_12' title='bbox 503 382 702 431; x_wconf 87' lang='lat' dir='ltr'>diffusis</span> <span class='ocrx_word' id='word_1_13' title='bbox 729 383 882 431; x_wconf 85' lang='lat' dir='ltr'>saltat</span> <span class='ocrx_word' id='word_1_14' title='bbox 908 382 1072 431; x_wconf 86' lang='lat' dir='ltr'>amica</span> <span class='ocrx_word' id='word_1_15' title='bbox 1096 382 1272 430; x_wconf 87' lang='lat' dir='ltr'>comis.</span> 
     </span>
    </p>

    <p class='ocr_par' dir='ltr' id='par_1_3' title="bbox 149 458 1578 588">
     <span class='ocr_line' id='line_1_4' title="bbox 149 458 1572 526; baseline -0.004 -15"><span class='ocrx_word' id='word_1_16' title='bbox 149 463 319 519; x_wconf 82' lang='lat' dir='ltr'>Quum</span> <span class='ocrx_word' id='word_1_17' title='bbox 335 462 566 518; x_wconf 88' lang='lat' dir='ltr'>redeunt,</span> <span class='ocrx_word' id='word_1_18' title='bbox 587 460 813 510; x_wconf 87' lang='lat' dir='ltr'>titubant</span> <span class='ocrx_word' id='word_1_19' title='bbox 829 480 840 520; x_wconf 95' lang='lat'>;</span> <span class='ocrx_word' id='word_1_20' title='bbox 871 468 925 510; x_wconf 91' lang='lat' dir='ltr'>et</span> <span class='ocrx_word' id='word_1_21' title='bbox 939 469 1060 509; x_wconf 88' lang='lat' dir='ltr'>sunt</span> <span class='ocrx_word' id='word_1_22' title='bbox 1075 459 1372 526; x_wconf 86' lang='lat' dir='ltr'>spectacula</span> <span class='ocrx_word' id='word_1_23' title='bbox 1389 458 1542 523; x_wconf 87' lang='lat' dir='ltr'>vulgo</span> <span class='ocrx_word' id='word_1_24' title='bbox 1561 476 1572 515; x_wconf 90' lang='lat'>;</span> 
     </span>
     <span class='ocr_line' id='line_1_5' title="bbox 217 538 1578 588; baseline -0.002 -1"><span class='ocrx_word' id='word_1_25' title='bbox 217 539 285 588; x_wconf 91' lang='lat' dir='ltr'>Et</span> <span class='ocrx_word' id='word_1_26' title='bbox 309 539 592 587; x_wconf 86' lang='lat' dir='ltr'>fortunatos</span> <span class='ocrx_word' id='word_1_27' title='bbox 618 538 769 587; x_wconf 88' lang='lat' dir='ltr'>obvia</span> <span class='ocrx_word' id='word_1_28' title='bbox 792 539 943 587; x_wconf 83' lang='lat' dir='ltr'>turba</span> <span class='ocrx_word' id='word_1_29' title='bbox 965 545 1167 587; x_wconf 85' lang='lat' dir='ltr'>vocant.</span> <span class='ocrx_word' id='word_1_30' title='bbox 1476 539 1578 585; x_wconf 86' lang='lat'>540</span> 
     </span>
    </p>

    <p class='ocr_par' dir='ltr' id='par_1_4' title="bbox 150 616 1438 761">
     <span class='ocr_line' id='line_1_6' title="bbox 150 616 1352 683; baseline -0.002 -16"><span class='ocrx_word' id='word_1_31' title='bbox 150 618 363 667; x_wconf 85' lang='lat' dir='ltr'>Occurri</span> <span class='ocrx_word' id='word_1_32' title='bbox 389 633 580 683; x_wconf 87' lang='lat' dir='ltr'>nuper:</span> <span class='ocrx_word' id='word_1_33' title='bbox 620 617 729 665; x_wconf 87' lang='lat' dir='ltr'>visa</span> <span class='ocrx_word' id='word_1_34' title='bbox 753 625 833 666; x_wconf 89' lang='lat' dir='ltr'>est</span> <span class='ocrx_word' id='word_1_35' title='bbox 858 617 982 665; x_wconf 89' lang='lat' dir='ltr'>mihi</span> <span class='ocrx_word' id='word_1_36' title='bbox 1007 617 1165 681; x_wconf 85' lang='lat' dir='ltr'>digna</span> <span class='ocrx_word' id='word_1_37' title='bbox 1188 616 1352 665; x_wconf 87' lang='lat' dir='ltr'>relatu</span> 
     </span>
     <span class='ocr_line' id='line_1_7' title="bbox 216 696 1438 761; baseline -0.002 -16"><span class='ocrx_word' id='word_1_38' title='bbox 216 697 440 761; x_wconf 84' lang='lat' dir='ltr'>Pompa:</span> <span class='ocrx_word' id='word_1_39' title='bbox 481 711 657 745; x_wconf 87' lang='lat' dir='ltr'>senem</span> <span class='ocrx_word' id='word_1_40' title='bbox 683 703 860 760; x_wconf 88' lang='lat' dir='ltr'>potum</span> <span class='ocrx_word' id='word_1_41' title='bbox 887 703 1010 761; x_wconf 87' lang='lat' dir='ltr'>pota</span> <span class='ocrx_word' id='word_1_42' title='bbox 1031 696 1268 744; x_wconf 84' lang='lat' dir='ltr'>trahebat</span> <span class='ocrx_word' id='word_1_43' title='bbox 1294 711 1438 743; x_wconf 88' lang='lat' dir='ltr'>anus.</span> 
     </span>
    </p>

    <p class='ocr_par' dir='ltr' id='par_1_5' title="bbox 148 774 1574 918">
     <span class='ocr_line' id='line_1_8' title="bbox 148 774 1574 839; baseline -0.001 -15"><span class='ocrx_word' id='word_1_44' title='bbox 148 776 276 832; x_wconf 79' lang='lat' dir='ltr'>Quae</span> <span class='ocrx_word' id='word_1_45' title='bbox 295 783 468 824; x_wconf 85' lang='lat' dir='ltr'>tamen</span> <span class='ocrx_word' id='word_1_46' title='bbox 487 775 595 823; x_wconf 88' lang='lat' dir='ltr'>haec</span> <span class='ocrx_word' id='word_1_47' title='bbox 617 774 728 823; x_wconf 85' lang='lat' dir='ltr'>Dea</span> <span class='ocrx_word' id='word_1_48' title='bbox 747 775 829 831; x_wconf 90' lang='lat' dir='ltr'>sit,</span> <span class='ocrx_word' id='word_1_49' title='bbox 856 775 1099 839; x_wconf 86' lang='lat' dir='ltr'>quoniam</span> <span class='ocrx_word' id='word_1_50' title='bbox 1116 774 1405 822; x_wconf 85' lang='lat' dir='ltr'>rumoribus</span> <span class='ocrx_word' id='word_1_51' title='bbox 1423 779 1574 831; x_wconf 85' lang='lat' dir='ltr'>errat,</span> 
     </span>
     <span class='ocr_line' id='line_1_9' title="bbox 217 853 1270 918; baseline 0 -17"><span class='ocrx_word' id='word_1_52' title='bbox 217 854 412 903; x_wconf 81' lang='lat' dir='ltr'>Fabula</span> <span class='ocrx_word' id='word_1_53' title='bbox 438 853 699 918; x_wconf 88' lang='lat' dir='ltr'>proposito</span> <span class='ocrx_word' id='word_1_54' title='bbox 726 853 865 901; x_wconf 83' lang='lat' dir='ltr'>nulla</span> <span class='ocrx_word' id='word_1_55' title='bbox 890 853 1115 917; x_wconf 86' lang='lat' dir='ltr'>tegenda</span> <span class='ocrx_word' id='word_1_56' title='bbox 1140 869 1270 901; x_wconf 89' lang='lat' dir='ltr'>meo.</span> 
     </span>
    </p>

    <p class='ocr_par' dir='ltr' id='par_1_6' title="bbox 148 931 1576 995">
     <span class='ocr_line' id='line_1_10' title="bbox 148 931 1576 995; baseline -0.001 -15"><span class='ocrx_word' id='word_1_57' title='bbox 148 934 357 982; x_wconf 82' lang='lat' dir='ltr'>Arserat</span> <span class='ocrx_word' id='word_1_58' title='bbox 382 932 555 981; x_wconf 88' lang='lat' dir='ltr'>AEneae</span> <span class='ocrx_word' id='word_1_59' title='bbox 584 931 719 979; x_wconf 89' lang='lat' dir='ltr'>Dido</span> <span class='ocrx_word' id='word_1_60' title='bbox 746 932 1050 980; x_wconf 86' lang='lat' dir='ltr'>miserabilis</span> <span class='ocrx_word' id='word_1_61' title='bbox 1077 931 1224 995; x_wconf 88' lang='lat' dir='ltr'>igne;</span> <span class='ocrx_word' id='word_1_62' title='bbox 1477 932 1576 979; x_wconf 83' lang='lat'>545</span> 
     </span>
    </p>
   </div>
   <div class='ocr_carea' id='block_1_3' title="bbox 213 1010 1230 1074">
    <p class='ocr_par' dir='ltr' id='par_1_7' title="bbox 213 1010 1230 1074">
     <span class='ocr_line' id='line_1_11' title="bbox 213 1010 1230 1074; baseline 0 -16"><span class='ocrx_word' id='word_1_63' title='bbox 213 1011 422 1060; x_wconf 86' lang='lat' dir='ltr'>Arserat</span> <span class='ocrx_word' id='word_1_64' title='bbox 448 1010 721 1059; x_wconf 86' lang='lat' dir='ltr'>exstructis</span> <span class='ocrx_word' id='word_1_65' title='bbox 749 1010 799 1058; x_wconf 89' lang='lat' dir='ltr'>in</span> <span class='ocrx_word' id='word_1_66' title='bbox 826 1026 918 1058; x_wconf 82' lang='lat' dir='ltr'>sua</span> <span class='ocrx_word' id='word_1_67' title='bbox 944 1010 1047 1059; x_wconf 86' lang='lat' dir='ltr'>fata</span> <span class='ocrx_word' id='word_1_68' title='bbox 1072 1010 1230 1074; x_wconf 83' lang='lat' dir='ltr'>rogis:</span> 
     </span>
    </p>
   </div>
   <div class='ocr_carea' id='block_1_4' title="bbox 1434 1010 1575 1072">
    <p class='ocr_par' dir='ltr' id='par_1_8' title="bbox 1434 1010 1575 1072">
     <span class='ocr_line' id='line_1_12' title="bbox 1434 1010 1575 1072; baseline 0 -15"><span class='ocrx_word' id='word_1_69' title='bbox 1434 1010 1575 1072; x_wconf 90' lang='lat' dir='ltr'>[men</span> 
     </span>
    </p>
   </div>
   <div class='ocr_carea' id='block_1_5' title="bbox 147 1089 1576 1390">
    <p class='ocr_par' dir='ltr' id='par_1_9' title="bbox 149 1089 1576 1233">
     <span class='ocr_line' id='line_1_13' title="bbox 149 1089 1576 1154; baseline -0.001 -17"><span class='ocrx_word' id='word_1_70' title='bbox 149 1089 586 1154; x_wconf 88' lang='lat' dir='ltr'>Compositusque</span> <span class='ocrx_word' id='word_1_71' title='bbox 617 1089 760 1145; x_wconf 84' lang='lat' dir='ltr'>ciniS‚</span> <span class='ocrx_word' id='word_1_72' title='bbox 790 1090 1078 1154; x_wconf 89' lang='lat' dir='ltr'>tumulique</span> <span class='ocrx_word' id='word_1_73' title='bbox 1109 1090 1160 1136; x_wconf 90' lang='lat' dir='ltr'>in</span> <span class='ocrx_word' id='word_1_74' title='bbox 1194 1104 1443 1138; x_wconf 85' lang='lat' dir='ltr'>marmore</span> <span class='ocrx_word' id='word_1_75' title='bbox 1469 1104 1576 1137; x_wconf 81' lang='lat' dir='ltr'>car-</span> 
     </span>
     <span class='ocr_line' id='line_1_14' title="bbox 216 1167 1491 1233; baseline 0.001 -18"><span class='ocrx_word' id='word_1_76' title='bbox 216 1167 330 1217; x_wconf 91' lang='lat' dir='ltr'>Hoc</span> <span class='ocrx_word' id='word_1_77' title='bbox 357 1169 526 1224; x_wconf 86' lang='lat' dir='ltr'>breve,</span> <span class='ocrx_word' id='word_1_78' title='bbox 554 1168 692 1232; x_wconf 87' lang='lat' dir='ltr'>quod</span> <span class='ocrx_word' id='word_1_79' title='bbox 719 1169 938 1217; x_wconf 87' lang='lat' dir='ltr'>moriens</span> <span class='ocrx_word' id='word_1_80' title='bbox 966 1169 1078 1233; x_wconf 86' lang='lat' dir='ltr'>ipsa</span> <span class='ocrx_word' id='word_1_81' title='bbox 1104 1167 1324 1233; x_wconf 85' lang='lat' dir='ltr'>reliquit,</span> <span class='ocrx_word' id='word_1_82' title='bbox 1354 1175 1491 1216; x_wconf 87' lang='lat' dir='ltr'>erat:</span> 
     </span>
    </p>

    <p class='ocr_par' dir='ltr' id='par_1_10' title="bbox 147 1246 1576 1390">
     <span class='ocr_line' id='line_1_15' title="bbox 147 1246 1434 1304; baseline 0.001 -10"><span class='ocrx_word' id='word_1_83' title='bbox 147 1246 376 1295; x_wconf 89' lang='lat' dir='ltr'>Praebuit</span> <span class='ocrx_word' id='word_1_84' title='bbox 402 1246 589 1295; x_wconf 88' lang='lat' dir='ltr'>AEneas</span> <span class='ocrx_word' id='word_1_85' title='bbox 617 1254 668 1295; x_wconf 91' lang='lat' dir='ltr'>et</span> <span class='ocrx_word' id='word_1_86' title='bbox 692 1263 901 1295; x_wconf 85' lang='lat' dir='ltr'>causam</span> <span class='ocrx_word' id='word_1_87' title='bbox 928 1248 1123 1304; x_wconf 89' lang='lat' dir='ltr'>mortis,</span> <span class='ocrx_word' id='word_1_88' title='bbox 1152 1255 1204 1296; x_wconf 91' lang='lat' dir='ltr'>et</span> <span class='ocrx_word' id='word_1_89' title='bbox 1229 1263 1434 1296; x_wconf 85' lang='lat' dir='ltr'>ensem:</span> 
     </span>
     <span class='ocr_line' id='line_1_16' title="bbox 216 1324 1576 1390; baseline 0 -17"><span class='ocrx_word' id='word_1_90' title='bbox 216 1324 338 1390; x_wconf 85' lang='lat' dir='ltr'>Ipsa</span> <span class='ocrx_word' id='word_1_91' title='bbox 364 1341 456 1373; x_wconf 84' lang='lat' dir='ltr'>sua</span> <span class='ocrx_word' id='word_1_92' title='bbox 484 1324 620 1373; x_wconf 90' lang='lat' dir='ltr'>Dido</span> <span class='ocrx_word' id='word_1_93' title='bbox 647 1326 873 1374; x_wconf 87' lang='lat' dir='ltr'>concidit</span> <span class='ocrx_word' id='word_1_94' title='bbox 900 1343 991 1374; x_wconf 87' lang='lat' dir='ltr'>usa</span> <span class='ocrx_word' id='word_1_95' title='bbox 1017 1342 1186 1374; x_wconf 85' lang='lat' dir='ltr'>manu.</span> <span class='ocrx_word' id='word_1_96' title='bbox 1475 1327 1576 1374; x_wconf 77' lang='lat'>050</span> 
     </span>
    </p>
   </div>
   <div class='ocr_carea' id='block_1_6' title="bbox 141 1482 828 2829">
    <p class='ocr_par' dir='ltr' id='par_1_11' title="bbox 141 1482 828 2266">
     <span class='ocr_line' id='line_1_17' title="bbox 141 1482 824 1520; baseline 0.001 -6"><span class='ocrx_word' id='word_1_97' title='bbox 141 1482 330 1514; x_wconf 87' lang='lat' dir='ltr'>Taubnerus</span> <span class='ocrx_word' id='word_1_98' title='bbox 346 1483 376 1514; x_wconf 93' lang='lat' dir='ltr'>in</span> <span class='ocrx_word' id='word_1_99' title='bbox 398 1493 490 1514; x_wconf 90' lang='lat' dir='ltr'>usum</span> <span class='ocrx_word' id='word_1_100' title='bbox 514 1482 721 1520; x_wconf 79' lang='lat' dir='ltr'>theatrorum,</span> <span class='ocrx_word' id='word_1_101' title='bbox 739 1491 773 1514; x_wconf 90' lang='lat' dir='ltr'>ut</span> <span class='ocrx_word' id='word_1_102' title='bbox 793 1495 824 1515; x_wconf 88' lang='lat' dir='ltr'>in</span> 
     </span>
     <span class='ocr_line' id='line_1_18' title="bbox 144 1532 824 1565; baseline 0 -1"><span class='ocrx_word' id='word_1_103' title='bbox 144 1532 276 1564; x_wconf 77' lang='lat' dir='ltr'>theatris</span> <span class='ocrx_word' id='word_1_104' title='bbox 292 1533 473 1564; x_wconf 81' lang='lat' dir='ltr'>recitentur.</span> <span class='ocrx_word' id='word_1_105' title='bbox 517 1533 645 1564; x_wconf 74' lang='lat' dir='ltr'>Jaceare</span> <span class='ocrx_word' id='word_1_106' title='bbox 661 1546 769 1564; x_wconf 79' lang='lat' dir='ltr'>manus</span> <span class='ocrx_word' id='word_1_107' title='bbox 786 1533 824 1565; x_wconf 83' lang='lat' dir='ltr'>dc</span> 
     </span>
     <span class='ocr_line' id='line_1_19' title="bbox 145 1582 825 1626; baseline 0.001 -12"><span class='ocrx_word' id='word_1_108' title='bbox 145 1582 386 1626; x_wconf 75' lang='lat' dir='ltr'>gesticulatione</span> <span class='ocrx_word' id='word_1_109' title='bbox 427 1593 579 1614; x_wconf 87' lang='lat' dir='ltr'>manuum</span> <span class='ocrx_word' id='word_1_110' title='bbox 619 1583 650 1614; x_wconf 90' lang='lat' dir='ltr'>in</span> <span class='ocrx_word' id='word_1_111' title='bbox 689 1583 825 1615; x_wconf 78' lang='lat' dir='ltr'>dicendo</span> 
     </span>
     <span class='ocr_line' id='line_1_20' title="bbox 146 1632 826 1670; baseline 0.001 -7"><span class='ocrx_word' id='word_1_112' title='bbox 146 1632 241 1664; x_wconf 88' lang='lat' dir='ltr'>etiam</span> <span class='ocrx_word' id='word_1_113' title='bbox 263 1632 400 1670; x_wconf 89' lang='lat' dir='ltr'>Quintil.</span> <span class='ocrx_word' id='word_1_114' title='bbox 418 1632 478 1663; x_wconf 71' lang='lat' dir='ltr'>VI.</span> <span class='ocrx_word' id='word_1_115' title='bbox 496 1632 541 1663; x_wconf 89' lang='lat' dir='ltr'>iii.</span> <span class='ocrx_word' id='word_1_116' title='bbox 557 1634 599 1664; x_wconf 86' lang='lat'>54</span> <span class='ocrx_word' id='word_1_117' title='bbox 615 1645 622 1669; x_wconf 72' lang='grc' dir='ltr'><strong>ς</strong></span> <span class='ocrx_word' id='word_1_118' title='bbox 655 1634 695 1664; x_wconf 72' lang='lat' dir='ltr'>X.</span> <span class='ocrx_word' id='word_1_119' title='bbox 713 1633 756 1664; x_wconf 87' lang='lat' dir='ltr'>iii.</span> <span class='ocrx_word' id='word_1_120' title='bbox 773 1635 826 1664; x_wconf 76' lang='lat'>21.</span> 
     </span>
     <span class='ocr_line' id='line_1_21' title="bbox 142 1682 828 1726; baseline 0.001 -12"><span class='ocrx_word' id='word_1_121' title='bbox 142 1690 174 1714; x_wconf 88' lang='lat' dir='ltr'>et</span> <span class='ocrx_word' id='word_1_122' title='bbox 190 1683 230 1714; x_wconf 88' lang='lat' dir='ltr'>de</span> <span class='ocrx_word' id='word_1_123' title='bbox 247 1682 397 1714; x_wconf 85' lang='lat' dir='ltr'>histrione</span> <span class='ocrx_word' id='word_1_124' title='bbox 414 1683 474 1714; x_wconf 76' lang='lat' dir='ltr'>xl.</span> <span class='ocrx_word' id='word_1_125' title='bbox 490 1682 533 1713; x_wconf 90' lang='lat' dir='ltr'>iii.</span> <span class='ocrx_word' id='word_1_126' title='bbox 554 1683 626 1715; x_wconf 87' lang='lat'>179.</span> <span class='ocrx_word' id='word_1_127' title='bbox 673 1683 828 1726; x_wconf 83' lang='lat' dir='ltr'>Neapolis</span> 
     </span>
     <span class='ocr_line' id='line_1_22' title="bbox 145 1732 826 1776; baseline 0.003 -12"><span class='ocrx_word' id='word_1_128' title='bbox 145 1733 214 1764; x_wconf 80' lang='lat' dir='ltr'>haee</span> <span class='ocrx_word' id='word_1_129' title='bbox 236 1733 275 1765; x_wconf 90' lang='lat' dir='ltr'>de</span> <span class='ocrx_word' id='word_1_130' title='bbox 296 1732 467 1764; x_wconf 85' lang='lat' dir='ltr'>saltatione</span> <span class='ocrx_word' id='word_1_131' title='bbox 489 1733 651 1776; x_wconf 83' lang='lat' dir='ltr'>capiebat.</span> <span class='ocrx_word' id='word_1_132' title='bbox 699 1734 761 1765; x_wconf 90' lang='lat' dir='ltr'>Sed</span> <span class='ocrx_word' id='word_1_133' title='bbox 787 1734 826 1766; x_wconf 89' lang='lat' dir='ltr'>de</span> 
     </span>
     <span class='ocr_line' id='line_1_23' title="bbox 145 1784 826 1827; baseline 0.003 -12"><span class='ocrx_word' id='word_1_134' title='bbox 145 1785 215 1819; x_wconf 82' lang='lat' dir='ltr'>hac,</span> <span class='ocrx_word' id='word_1_135' title='bbox 227 1784 365 1816; x_wconf 83' lang='lat' dir='ltr'>disticho</span> <span class='ocrx_word' id='word_1_136' title='bbox 381 1795 450 1826; x_wconf 90' lang='lat' dir='ltr'>seq.</span> <span class='ocrx_word' id='word_1_137' title='bbox 463 1784 581 1827; x_wconf 84' lang='lat' dir='ltr'>agitur.</span> <span class='ocrx_word' id='word_1_138' title='bbox 610 1785 741 1821; x_wconf 73' lang='lat' dir='ltr'>Faciles,</span> <span class='ocrx_word' id='word_1_139' title='bbox 755 1796 826 1827; x_wconf 85' lang='lat' dir='ltr'>quae</span> 
     </span>
     <span class='ocr_line' id='line_1_24' title="bbox 145 1834 828 1877; baseline 0.001 -12"><span class='ocrx_word' id='word_1_140' title='bbox 145 1834 239 1866; x_wconf 81' lang='lat' dir='ltr'>facile</span> <span class='ocrx_word' id='word_1_141' title='bbox 278 1835 511 1877; x_wconf 87' lang='lat' dir='ltr'>obsequuntur.</span> <span class='ocrx_word' id='word_1_142' title='bbox 564 1835 665 1866; x_wconf 71' lang='lat' dir='ltr'>Posito</span> <span class='ocrx_word' id='word_1_143' title='bbox 699 1842 828 1866; x_wconf 74' lang='lat' dir='ltr'>crater-e.</span> 
     </span>
     <span class='ocr_line' id='line_1_25' title="bbox 144 1884 826 1927; baseline 0 -11"><span class='ocrx_word' id='word_1_144' title='bbox 144 1884 350 1916; x_wconf 89' lang='lat' dir='ltr'>Schirachius</span> <span class='ocrx_word' id='word_1_145' title='bbox 371 1885 522 1927; x_wconf 81' lang='lat' dir='ltr'>explicat,</span> <span class='ocrx_word' id='word_1_146' title='bbox 546 1885 674 1917; x_wconf 82' lang='lat' dir='ltr'>remotis</span> <span class='ocrx_word' id='word_1_147' title='bbox 696 1886 826 1917; x_wconf 68' lang='lat' dir='ltr'>crateri-</span> 
     </span>
     <span class='ocr_line' id='line_1_26' title="bbox 144 1933 826 1977; baseline 0.001 -12"><span class='ocrx_word' id='word_1_148' title='bbox 144 1935 216 1972; x_wconf 90' lang='lat' dir='ltr'>bus,</span> <span class='ocrx_word' id='word_1_149' title='bbox 233 1933 330 1965; x_wconf 83' lang='lat' dir='ltr'>finitis</span> <span class='ocrx_word' id='word_1_150' title='bbox 346 1934 512 1966; x_wconf 88' lang='lat' dir='ltr'>conviviis.</span> <span class='ocrx_word' id='word_1_151' title='bbox 538 1935 695 1977; x_wconf 86' lang='lat' dir='ltr'>Equidem</span> <span class='ocrx_word' id='word_1_152' title='bbox 712 1935 774 1971; x_wconf 90' lang='lat' dir='ltr'>hic,</span> <span class='ocrx_word' id='word_1_153' title='bbox 792 1942 826 1966; x_wconf 88' lang='lat' dir='ltr'>ut</span> 
     </span>
     <span class='ocr_line' id='line_1_27' title="bbox 146 1985 827 2026; baseline 0.001 -11"><span class='ocrx_word' id='word_1_154' title='bbox 146 1994 208 2016; x_wconf 89' lang='lat' dir='ltr'>ver.</span> <span class='ocrx_word' id='word_1_155' title='bbox 225 1985 302 2015; x_wconf 79' lang='lat'>418.</span> <span class='ocrx_word' id='word_1_156' title='bbox 320 1992 444 2015; x_wconf 75' lang='lat' dir='ltr'>crotera</span> <span class='ocrx_word' id='word_1_157' title='bbox 460 1985 492 2015; x_wconf 92' lang='lat' dir='ltr'>in</span> <span class='ocrx_word' id='word_1_158' title='bbox 513 1985 593 2016; x_wconf 85' lang='lat' dir='ltr'>Deae</span> <span class='ocrx_word' id='word_1_159' title='bbox 611 1985 760 2016; x_wconf 78' lang='lat' dir='ltr'>honorem</span> <span class='ocrx_word' id='word_1_160' title='bbox 775 1998 827 2026; x_wconf 79' lang='lat' dir='ltr'>po-</span> 
     </span>
     <span class='ocr_line' id='line_1_28' title="bbox 143 2034 827 2078; baseline 0.003 -13"><span class='ocrx_word' id='word_1_161' title='bbox 143 2036 234 2065; x_wconf 78' lang='lat' dir='ltr'>situm</span> <span class='ocrx_word' id='word_1_162' title='bbox 264 2044 332 2066; x_wconf 84' lang='lat' dir='ltr'>esse</span> <span class='ocrx_word' id='word_1_163' title='bbox 367 2034 512 2070; x_wconf 82' lang='lat' dir='ltr'>arbitror,</span> <span class='ocrx_word' id='word_1_164' title='bbox 544 2035 575 2066; x_wconf 90' lang='lat' dir='ltr'>in</span> <span class='ocrx_word' id='word_1_165' title='bbox 614 2035 827 2078; x_wconf 87' lang='lat' dir='ltr'>eumdemque</span> 
     </span>
     <span class='ocr_line' id='line_1_29' title="bbox 144 2083 826 2128; baseline 0.001 -12"><span class='ocrx_word' id='word_1_166' title='bbox 144 2083 450 2116; x_wconf 82' lang='lat' dir='ltr'>choreasinstitutas.</span> <span class='ocrx_word' id='word_1_167' title='bbox 477 2085 571 2116; x_wconf 67' lang='lat' dir='ltr'>Dura</span> <span class='ocrx_word' id='word_1_168' title='bbox 587 2086 698 2117; x_wconf 75' lang='lat' dir='ltr'>choreoe</span> <span class='ocrx_word' id='word_1_169' title='bbox 709 2098 720 2124; x_wconf 87' lang='lat'>‚·</span> <span class='ocrx_word' id='word_1_170' title='bbox 738 2086 826 2128; x_wconf 81' lang='lat' dir='ltr'>Virg.</span> 
     </span>
     <span class='ocr_line' id='line_1_30' title="bbox 145 2132 826 2177; baseline 0 -11"><span class='ocrx_word' id='word_1_171' title='bbox 145 2134 262 2177; x_wconf 86' lang='lat' dir='ltr'>Georg.</span> <span class='ocrx_word' id='word_1_172' title='bbox 279 2132 301 2165; x_wconf 87' lang='lat' dir='ltr'>i.</span> <span class='ocrx_word' id='word_1_173' title='bbox 317 2134 383 2166; x_wconf 88' lang='lat'>350</span> <span class='ocrx_word' id='word_1_174' title='bbox 398 2147 404 2164; x_wconf 90' lang='lat'>:</span> <span class='ocrx_word' id='word_1_175' title='bbox 440 2138 460 2151; x_wconf 89' lang='lat'><em>“</em></span> <span class='ocrx_word' id='word_1_176' title='bbox 477 2140 579 2166; x_wconf 92' lang='lat' dir='ltr'>motus</span> <span class='ocrx_word' id='word_1_177' title='bbox 595 2134 796 2177; x_wconf 83' lang='lat' dir='ltr'>incompositi</span> <span class='ocrx_word' id='word_1_178' title='bbox 809 2137 826 2147; x_wconf 85' lang='grc'>’“</span> 
     </span>
     <span class='ocr_line' id='line_1_31' title="bbox 143 2184 827 2226; baseline 0.001 -10"><span class='ocrx_word' id='word_1_179' title='bbox 143 2184 343 2221; x_wconf 80' lang='lat' dir='ltr'>rusticorum,</span> <span class='ocrx_word' id='word_1_180' title='bbox 381 2195 482 2226; x_wconf 89' lang='lat' dir='ltr'>quum</span> <span class='ocrx_word' id='word_1_181' title='bbox 529 2186 642 2216; x_wconf 84' lang='lat' dir='ltr'>urbani</span> <span class='ocrx_word' id='word_1_182' title='bbox 683 2186 827 2217; x_wconf 84' lang='lat' dir='ltr'>“mollia</span> 
     </span>
     <span class='ocr_line' id='line_1_32' title="bbox 145 2233 481 2266; baseline 0 -1"><span class='ocrx_word' id='word_1_183' title='bbox 145 2233 279 2266; x_wconf 86' lang='lat' dir='ltr'>brachia</span> <span class='ocrx_word' id='word_1_184' title='bbox 294 2234 481 2266; x_wconf 82' lang='lat' dir='ltr'>moveant.&#39;’</span> 
     </span>
    </p>

    <p class='ocr_par' dir='ltr' id='par_1_12' title="bbox 142 2284 826 2667">
     <span class='ocr_line' id='line_1_33' title="bbox 189 2284 825 2318; baseline 0.003 -3"><span class='ocrx_word' id='word_1_185' title='bbox 189 2285 265 2316; x_wconf 77' lang='lat'>541.</span> <span class='ocrx_word' id='word_1_186' title='bbox 299 2284 408 2316; x_wconf 88' lang='lat' dir='ltr'>Facile</span> <span class='ocrx_word' id='word_1_187' title='bbox 439 2285 593 2316; x_wconf 85' lang='lat' dir='ltr'>assentior</span> <span class='ocrx_word' id='word_1_188' title='bbox 624 2285 756 2318; x_wconf 84' lang='lat' dir='ltr'>Heinsio</span> <span class='ocrx_word' id='word_1_189' title='bbox 794 2294 825 2317; x_wconf 75' lang='lat' dir='ltr'>et</span> 
     </span>
     <span class='ocr_line' id='line_1_34' title="bbox 147 2335 826 2379; baseline 0.003 -13"><span class='ocrx_word' id='word_1_190' title='bbox 147 2335 332 2366; x_wconf 89' lang='lat' dir='ltr'>Burmanno</span> <span class='ocrx_word' id='word_1_191' title='bbox 359 2335 560 2378; x_wconf 75' lang='lat' dir='ltr'>putantibus,</span> <span class='ocrx_word' id='word_1_192' title='bbox 592 2341 662 2379; x_wconf 86' lang='lat' dir='ltr'>post</span> <span class='ocrx_word' id='word_1_193' title='bbox 690 2337 748 2368; x_wconf 85' lang='lat' dir='ltr'>lioc</span> <span class='ocrx_word' id='word_1_194' title='bbox 779 2337 826 2368; x_wconf 88' lang='lat' dir='ltr'>di-</span> 
     </span>
     <span class='ocr_line' id='line_1_35' title="bbox 144 2384 824 2429; baseline 0.003 -13"><span class='ocrx_word' id='word_1_195' title='bbox 144 2384 269 2416; x_wconf 87' lang='lat' dir='ltr'>stichon</span> <span class='ocrx_word' id='word_1_196' title='bbox 293 2385 385 2427; x_wconf 84' lang='lat' dir='ltr'>plura</span> <span class='ocrx_word' id='word_1_197' title='bbox 411 2385 580 2421; x_wconf 80' lang='lat' dir='ltr'>excidisse,</span> <span class='ocrx_word' id='word_1_198' title='bbox 611 2386 701 2423; x_wconf 84' lang='lat' dir='ltr'>forte,</span> <span class='ocrx_word' id='word_1_199' title='bbox 726 2397 824 2429; x_wconf 87' lang='lat' dir='ltr'>quum</span> 
     </span>
     <span class='ocr_line' id='line_1_36' title="bbox 142 2433 823 2479; baseline 0.003 -13"><span class='ocrx_word' id='word_1_200' title='bbox 142 2433 312 2467; x_wconf 87' lang='lat' dir='ltr'>lasciviora</span> <span class='ocrx_word' id='word_1_201' title='bbox 327 2442 442 2471; x_wconf 87' lang='lat' dir='ltr'>essent,</span> <span class='ocrx_word' id='word_1_202' title='bbox 466 2435 553 2477; x_wconf 84' lang='lat' dir='ltr'>puris</span> <span class='ocrx_word' id='word_1_203' title='bbox 577 2436 737 2479; x_wconf 84' lang='lat' dir='ltr'>castisque</span> <span class='ocrx_word' id='word_1_204' title='bbox 758 2448 823 2468; x_wconf 88' lang='lat' dir='ltr'>mo-</span> 
     </span>
     <span class='ocr_line' id='line_1_37' title="bbox 145 2484 823 2519; baseline 0.003 -3"><span class='ocrx_word' id='word_1_205' title='bbox 145 2484 318 2516; x_wconf 87' lang='lat' dir='ltr'>nachorum</span> <span class='ocrx_word' id='word_1_206' title='bbox 355 2485 502 2516; x_wconf 86' lang='lat' dir='ltr'>manibus</span> <span class='ocrx_word' id='word_1_207' title='bbox 532 2484 650 2517; x_wconf 79' lang='lat' dir='ltr'>deleta.</span> <span class='ocrx_word' id='word_1_208' title='bbox 697 2487 823 2519; x_wconf 83' lang='lat' dir='ltr'>Etenim</span> 
     </span>
     <span class='ocr_line' id='line_1_38' title="bbox 146 2536 823 2578; baseline 0.003 -12"><span class='ocrx_word' id='word_1_209' title='bbox 146 2545 214 2566; x_wconf 82' lang='lat' dir='ltr'>voc.</span> <span class='ocrx_word' id='word_1_210' title='bbox 230 2537 292 2566; x_wconf 80' lang='lat' dir='ltr'>visa</span> <span class='ocrx_word' id='word_1_211' title='bbox 311 2542 353 2566; x_wconf 82' lang='lat' dir='ltr'>est</span> <span class='ocrx_word' id='word_1_212' title='bbox 372 2536 444 2567; x_wconf 79' lang='lat' dir='ltr'>mihi</span> <span class='ocrx_word' id='word_1_213' title='bbox 464 2536 562 2577; x_wconf 80' lang='lat' dir='ltr'>digna</span> <span class='ocrx_word' id='word_1_214' title='bbox 588 2537 687 2567; x_wconf 76' lang='lat' dir='ltr'>relatu</span> <span class='ocrx_word' id='word_1_215' title='bbox 710 2537 823 2578; x_wconf 76' lang='lat' dir='ltr'>Pompa</span> 
     </span>
     <span class='ocr_line' id='line_1_39' title="bbox 142 2584 823 2629; baseline 0.004 -13"><span class='ocrx_word' id='word_1_216' title='bbox 142 2584 316 2627; x_wconf 87' lang='lat' dir='ltr'>longiorem</span> <span class='ocrx_word' id='word_1_217' title='bbox 337 2585 546 2617; x_wconf 83' lang='lat' dir='ltr'>narrationem</span> <span class='ocrx_word' id='word_1_218' title='bbox 567 2593 759 2628; x_wconf 81' lang='lat' dir='ltr'>exspectare</span> <span class='ocrx_word' id='word_1_219' title='bbox 771 2587 823 2629; x_wconf 83' lang='lat' dir='ltr'>ju-</span> 
     </span>
     <span class='ocr_line' id='line_1_40' title="bbox 146 2636 235 2667; baseline -0.011 0"><span class='ocrx_word' id='word_1_220' title='bbox 146 2636 235 2667; x_wconf 89' lang='lat' dir='ltr'>bent.</span> 
     </span>
    </p>

    <p class='ocr_par' dir='ltr' id='par_1_13' title="bbox 147 2685 826 2829">
     <span class='ocr_line' id='line_1_41' title="bbox 189 2685 824 2729; baseline 0.002 -12"><span class='ocrx_word' id='word_1_221' title='bbox 189 2686 267 2718; x_wconf 88' lang='grc'><strong>543.</strong></span> <span class='ocrx_word' id='word_1_222' title='bbox 288 2685 343 2717; x_wconf 83' lang='lat' dir='ltr'>Ad</span> <span class='ocrx_word' id='word_1_223' title='bbox 359 2687 482 2717; x_wconf 79' lang='lat' dir='ltr'>Annam</span> <span class='ocrx_word' id='word_1_224' title='bbox 499 2686 601 2729; x_wconf 86' lang='lat' dir='ltr'>ipsam</span> <span class='ocrx_word' id='word_1_225' title='bbox 620 2687 824 2723; x_wconf 84' lang='lat' dir='ltr'>convertitur,</span> 
     </span>
     <span class='ocr_line' id='line_1_42' title="bbox 147 2735 826 2770; baseline 0.003 -3"><span class='ocrx_word' id='word_1_226' title='bbox 147 2742 180 2767; x_wconf 82' lang='lat' dir='ltr'>et</span> <span class='ocrx_word' id='word_1_227' title='bbox 204 2735 309 2768; x_wconf 87' lang='lat' dir='ltr'>varias</span> <span class='ocrx_word' id='word_1_228' title='bbox 329 2736 370 2768; x_wconf 92' lang='lat' dir='ltr'>de</span> <span class='ocrx_word' id='word_1_229' title='bbox 392 2746 431 2768; x_wconf 86' lang='lat' dir='ltr'>ea</span> <span class='ocrx_word' id='word_1_230' title='bbox 458 2736 647 2768; x_wconf 86' lang='lat' dir='ltr'>traditiones</span> <span class='ocrx_word' id='word_1_231' title='bbox 673 2743 826 2770; x_wconf 86' lang='lat' dir='ltr'>recenset.</span> 
     </span>
     <span class='ocr_line' id='line_1_43' title="bbox 150 2785 825 2829; baseline 0.004 -13"><span class='ocrx_word' id='word_1_232' title='bbox 150 2785 177 2816; x_wconf 90' lang='lat' dir='ltr'><strong>E</strong></span> <span class='ocrx_word' id='word_1_233' title='bbox 194 2786 305 2828; x_wconf 84' lang='lat' dir='ltr'>prima,</span> <span class='ocrx_word' id='word_1_234' title='bbox 321 2796 418 2828; x_wconf 90' lang='lat' dir='ltr'>quam</span> <span class='ocrx_word' id='word_1_235' title='bbox 437 2786 652 2829; x_wconf 88' lang='lat' dir='ltr'>copiosissime</span> <span class='ocrx_word' id='word_1_236' title='bbox 670 2793 702 2818; x_wconf 87' lang='lat' dir='ltr'>et</span> <span class='ocrx_word' id='word_1_237' title='bbox 717 2798 825 2829; x_wconf 86' lang='lat' dir='ltr'>opero-</span> 
     </span>
    </p>
   </div>
   <div class='ocr_carea' id='block_1_7' title="bbox 1479 1328 1503 1350">
    <p class='ocr_par' dir='ltr' id='par_1_14' title="bbox 1479 1328 1503 1350">
     <span class='ocr_line' id='line_1_44' title="bbox 1479 1328 1503 1350; baseline 0 -13"><span class='ocrx_word' id='word_1_238' title='bbox 1479 1328 1503 1350; x_wconf 54' lang='lat' dir='ltr'>f.</span> 
     </span>
    </p>
   </div>
   <div class='ocr_carea' id='block_1_8' title="bbox 895 1483 1579 2318">
    <p class='ocr_par' dir='ltr' id='par_1_15' title="bbox 895 1483 1579 2017">
     <span class='ocr_line' id='line_1_45' title="bbox 895 1483 1576 1526; baseline 0 -12"><span class='ocrx_word' id='word_1_239' title='bbox 895 1483 1017 1515; x_wconf 81' lang='lat' dir='ltr'>sissime</span> <span class='ocrx_word' id='word_1_240' title='bbox 1045 1494 1144 1526; x_wconf 87' lang='lat' dir='ltr'>usque</span> <span class='ocrx_word' id='word_1_241' title='bbox 1167 1483 1207 1515; x_wconf 84' lang='lat' dir='ltr'>ad</span> <span class='ocrx_word' id='word_1_242' title='bbox 1228 1494 1294 1514; x_wconf 85' lang='lat' dir='ltr'>ver.</span> <span class='ocrx_word' id='word_1_243' title='bbox 1315 1483 1393 1514; x_wconf 87' lang='grc'><strong>656.</strong></span> <span class='ocrx_word' id='word_1_244' title='bbox 1414 1483 1576 1519; x_wconf 76' lang='lat' dir='ltr'>tractavit.</span> 
     </span>
     <span class='ocr_line' id='line_1_46' title="bbox 896 1533 1575 1575; baseline 0 -11"><span class='ocrx_word' id='word_1_245' title='bbox 896 1533 951 1564; x_wconf 84' lang='lat' dir='ltr'>illa</span> <span class='ocrx_word' id='word_1_246' title='bbox 976 1534 1035 1564; x_wconf 81' lang='lat' dir='ltr'>suit</span> <span class='ocrx_word' id='word_1_247' title='bbox 1053 1533 1158 1565; x_wconf 84' lang='lat' dir='ltr'>Didus</span> <span class='ocrx_word' id='word_1_248' title='bbox 1173 1533 1242 1564; x_wconf 88' lang='lat' dir='ltr'>scil.</span> <span class='ocrx_word' id='word_1_249' title='bbox 1271 1533 1371 1564; x_wconf 64' lang='lat' dir='ltr'>Elissa</span> <span class='ocrx_word' id='word_1_250' title='bbox 1391 1543 1487 1571; x_wconf 85' lang='lat' dir='ltr'>soror,</span> <span class='ocrx_word' id='word_1_251' title='bbox 1503 1543 1575 1575; x_wconf 78' lang='lat' dir='ltr'>quae</span> 
     </span>
     <span class='ocr_line' id='line_1_47' title="bbox 897 1582 1578 1626; baseline 0 -12"><span class='ocrx_word' id='word_1_252' title='bbox 897 1583 936 1614; x_wconf 82' lang='lat' dir='ltr'>ad</span> <span class='ocrx_word' id='word_1_253' title='bbox 950 1584 1086 1615; x_wconf 74' lang='lat' dir='ltr'>AEneam</span> <span class='ocrx_word' id='word_1_254' title='bbox 1098 1584 1128 1614; x_wconf 91' lang='lat' dir='ltr'>in</span> <span class='ocrx_word' id='word_1_255' title='bbox 1142 1583 1232 1614; x_wconf 86' lang='lat' dir='ltr'>Latio</span> <span class='ocrx_word' id='word_1_256' title='bbox 1241 1583 1409 1625; x_wconf 85' lang='lat' dir='ltr'>degentem</span> <span class='ocrx_word' id='word_1_257' title='bbox 1421 1582 1578 1626; x_wconf 80' lang='lat' dir='ltr'>pervenit,</span> 
     </span>
     <span class='ocr_line' id='line_1_48' title="bbox 897 1633 1577 1678; baseline 0 -12"><span class='ocrx_word' id='word_1_258' title='bbox 897 1645 915 1665; x_wconf 90' lang='lat' dir='ltr'>a</span> <span class='ocrx_word' id='word_1_259' title='bbox 937 1646 999 1677; x_wconf 90' lang='lat' dir='ltr'>quo</span> <span class='ocrx_word' id='word_1_260' title='bbox 1020 1635 1156 1677; x_wconf 87' lang='lat' dir='ltr'>benigne</span> <span class='ocrx_word' id='word_1_261' title='bbox 1185 1642 1234 1666; x_wconf 89' lang='lat' dir='ltr'>est</span> <span class='ocrx_word' id='word_1_262' title='bbox 1255 1641 1408 1678; x_wconf 84' lang='lat' dir='ltr'>accepta;</span> <span class='ocrx_word' id='word_1_263' title='bbox 1432 1633 1488 1666; x_wconf 85' lang='lat' dir='ltr'>sed</span> <span class='ocrx_word' id='word_1_264' title='bbox 1511 1644 1577 1666; x_wconf 88' lang='lat' dir='ltr'>me-</span> 
     </span>
     <span class='ocr_line' id='line_1_49' title="bbox 898 1684 1578 1727; baseline 0.001 -12"><span class='ocrx_word' id='word_1_265' title='bbox 898 1692 990 1717; x_wconf 86' lang='lat' dir='ltr'>tuens</span> <span class='ocrx_word' id='word_1_266' title='bbox 1020 1685 1161 1717; x_wconf 85' lang='lat' dir='ltr'>Laviniae</span> <span class='ocrx_word' id='word_1_267' title='bbox 1192 1684 1326 1716; x_wconf 70' lang='lat' dir='ltr'>insidias</span> <span class='ocrx_word' id='word_1_268' title='bbox 1361 1691 1457 1717; x_wconf 91' lang='lat' dir='ltr'>noctu</span> <span class='ocrx_word' id='word_1_269' title='bbox 1485 1684 1578 1727; x_wconf 83' lang='lat' dir='ltr'>fugit,</span> 
     </span>
     <span class='ocr_line' id='line_1_50' title="bbox 897 1734 1578 1777; baseline 0.001 -12"><span class='ocrx_word' id='word_1_270' title='bbox 897 1735 1118 1777; x_wconf 78' lang='lat' dir='ltr'>excipiturque</span> <span class='ocrx_word' id='word_1_271' title='bbox 1134 1746 1152 1766; x_wconf 88' lang='lat' dir='ltr'>a</span> <span class='ocrx_word' id='word_1_272' title='bbox 1167 1734 1320 1767; x_wconf 80' lang='lat' dir='ltr'>Numicio</span> <span class='ocrx_word' id='word_1_273' title='bbox 1332 1745 1440 1767; x_wconf 88' lang='lat' dir='ltr'>amne.</span> <span class='ocrx_word' id='word_1_274' title='bbox 1467 1734 1578 1772; x_wconf 66' lang='lat' dir='ltr'>Errat,</span> 
     </span>
     <span class='ocr_line' id='line_1_51' title="bbox 897 1785 1579 1824; baseline 0.001 -8"><span class='ocrx_word' id='word_1_275' title='bbox 897 1785 1007 1822; x_wconf 80' lang='lat' dir='ltr'>dubia,</span> <span class='ocrx_word' id='word_1_276' title='bbox 1038 1785 1159 1817; x_wconf 86' lang='lat' dir='ltr'>incerta</span> <span class='ocrx_word' id='word_1_277' title='bbox 1191 1794 1260 1824; x_wconf 77' lang='lat' dir='ltr'>est;</span> <span class='ocrx_word' id='word_1_278' title='bbox 1291 1785 1313 1817; x_wconf 88' lang='lat' dir='ltr'>i.</span> <span class='ocrx_word' id='word_1_279' title='bbox 1340 1785 1416 1817; x_wconf 80' lang='lat'>468.</span> <span class='ocrx_word' id='word_1_280' title='bbox 1441 1796 1480 1817; x_wconf 83' lang='lat' dir='ltr'>ne</span> <span class='ocrx_word' id='word_1_281' title='bbox 1505 1792 1579 1818; x_wconf 80' lang='lat' dir='ltr'>tum</span> 
     </span>
     <span class='ocr_line' id='line_1_52' title="bbox 897 1835 1577 1867; baseline 0.003 -2"><span class='ocrx_word' id='word_1_282' title='bbox 897 1844 974 1866; x_wconf 71' lang='lat' dir='ltr'>erret</span> <span class='ocrx_word' id='word_1_283' title='bbox 993 1837 1094 1867; x_wconf 78' lang='lat' dir='ltr'>honos.</span> <span class='ocrx_word' id='word_1_284' title='bbox 1143 1835 1295 1867; x_wconf 84' lang='lat' dir='ltr'>Heinsius</span> <span class='ocrx_word' id='word_1_285' title='bbox 1310 1846 1327 1867; x_wconf 88' lang='lat' dir='ltr'>e</span> <span class='ocrx_word' id='word_1_286' title='bbox 1344 1845 1399 1867; x_wconf 87' lang='lat' dir='ltr'>sex</span> <span class='ocrx_word' id='word_1_287' title='bbox 1416 1835 1512 1867; x_wconf 88' lang='lat' dir='ltr'>MSS.</span> <span class='ocrx_word' id='word_1_288' title='bbox 1528 1846 1577 1867; x_wconf 80' lang='lat' dir='ltr'>er-</span> 
     </span>
     <span class='ocr_line' id='line_1_53' title="bbox 899 1884 1578 1928; baseline 0.006 -14"><span class='ocrx_word' id='word_1_289' title='bbox 899 1893 969 1916; x_wconf 76' lang='lat' dir='ltr'>rant</span> <span class='ocrx_word' id='word_1_290' title='bbox 989 1886 1122 1921; x_wconf 80' lang='lat' dir='ltr'>invexit,</span> <span class='ocrx_word' id='word_1_291' title='bbox 1144 1892 1179 1917; x_wconf 93' lang='lat' dir='ltr'>ut</span> <span class='ocrx_word' id='word_1_292' title='bbox 1202 1885 1356 1917; x_wconf 83' lang='lat' dir='ltr'>referatur</span> <span class='ocrx_word' id='word_1_293' title='bbox 1381 1884 1423 1916; x_wconf 86' lang='lat' dir='ltr'>ad</span> <span class='ocrx_word' id='word_1_294' title='bbox 1434 1885 1578 1928; x_wconf 74' lang='lat' dir='ltr'>fabulas.</span> 
     </span>
     <span class='ocr_line' id='line_1_54' title="bbox 899 1935 1577 1973; baseline 0.004 -8"><span class='ocrx_word' id='word_1_295' title='bbox 899 1936 1016 1967; x_wconf 71' lang='lat' dir='ltr'>Fabula</span> <span class='ocrx_word' id='word_1_296' title='bbox 1050 1938 1149 1973; x_wconf 79' lang='lat' dir='ltr'>nulla,</span> <span class='ocrx_word' id='word_1_297' title='bbox 1181 1935 1389 1968; x_wconf 84' lang='lat' dir='ltr'>traditionum</span> <span class='ocrx_word' id='word_1_298' title='bbox 1417 1935 1577 1968; x_wconf 84' lang='lat' dir='ltr'>variarum</span> 
     </span>
     <span class='ocr_line' id='line_1_55' title="bbox 898 1986 997 2017; baseline 0.01 -1"><span class='ocrx_word' id='word_1_299' title='bbox 898 1986 997 2017; x_wconf 87' lang='lat' dir='ltr'>nulla.</span> 
     </span>
    </p>

    <p class='ocr_par' dir='ltr' id='par_1_16' title="bbox 898 2035 1579 2318">
     <span class='ocr_line' id='line_1_56' title="bbox 941 2035 1577 2069; baseline 0 -1"><span class='ocrx_word' id='word_1_300' title='bbox 941 2038 1019 2069; x_wconf 74' lang='lat'>545.</span> <span class='ocrx_word' id='word_1_301' title='bbox 1046 2036 1097 2067; x_wconf 87' lang='lat' dir='ltr'>De</span> <span class='ocrx_word' id='word_1_302' title='bbox 1117 2036 1247 2067; x_wconf 82' lang='lat' dir='ltr'>Didonis</span> <span class='ocrx_word' id='word_1_303' title='bbox 1267 2045 1372 2067; x_wconf 85' lang='lat' dir='ltr'>amore</span> <span class='ocrx_word' id='word_1_304' title='bbox 1388 2035 1421 2067; x_wconf 86' lang='lat' dir='ltr'>in</span> <span class='ocrx_word' id='word_1_305' title='bbox 1439 2036 1577 2068; x_wconf 83' lang='lat' dir='ltr'>AEneam</span> 
     </span>
     <span class='ocr_line' id='line_1_57' title="bbox 898 2084 1578 2128; baseline 0.001 -11"><span class='ocrx_word' id='word_1_306' title='bbox 898 2092 930 2117; x_wconf 87' lang='lat' dir='ltr'>ct</span> <span class='ocrx_word' id='word_1_307' title='bbox 955 2086 994 2117; x_wconf 84' lang='lat' dir='ltr'>de</span> <span class='ocrx_word' id='word_1_308' title='bbox 1020 2087 1112 2117; x_wconf 81' lang='lat' dir='ltr'>Anna</span> <span class='ocrx_word' id='word_1_309' title='bbox 1137 2096 1241 2117; x_wconf 84' lang='lat' dir='ltr'>sorore</span> <span class='ocrx_word' id='word_1_310' title='bbox 1267 2085 1340 2116; x_wconf 88' lang='lat' dir='ltr'>vide</span> <span class='ocrx_word' id='word_1_311' title='bbox 1362 2084 1477 2128; x_wconf 78' lang='lat' dir='ltr'>Virgil.</span> <span class='ocrx_word' id='word_1_312' title='bbox 1498 2086 1578 2118; x_wconf 83' lang='lat' dir='ltr'>AEn.</span> 
     </span>
     <span class='ocr_line' id='line_1_58' title="bbox 899 2135 1578 2178; baseline 0.003 -12"><span class='ocrx_word' id='word_1_313' title='bbox 899 2136 940 2166; x_wconf 88' lang='lat' dir='ltr'>iv.</span> <span class='ocrx_word' id='word_1_314' title='bbox 963 2142 994 2167; x_wconf 84' lang='lat' dir='ltr'>ct</span> <span class='ocrx_word' id='word_1_315' title='bbox 1017 2137 1056 2167; x_wconf 84' lang='lat' dir='ltr'>de</span> <span class='ocrx_word' id='word_1_316' title='bbox 1081 2142 1193 2173; x_wconf 88' lang='lat' dir='ltr'>morte,</span> <span class='ocrx_word' id='word_1_317' title='bbox 1215 2146 1311 2178; x_wconf 88' lang='lat' dir='ltr'>quam</span> <span class='ocrx_word' id='word_1_318' title='bbox 1336 2135 1393 2166; x_wconf 89' lang='lat' dir='ltr'>illa</span> <span class='ocrx_word' id='word_1_319' title='bbox 1416 2135 1476 2168; x_wconf 85' lang='lat' dir='ltr'>sibi</span> <span class='ocrx_word' id='word_1_320' title='bbox 1499 2146 1578 2168; x_wconf 89' lang='lat' dir='ltr'>con-</span> 
     </span>
     <span class='ocr_line' id='line_1_59' title="bbox 898 2185 1579 2229; baseline 0.003 -13"><span class='ocrx_word' id='word_1_321' title='bbox 898 2186 1001 2222; x_wconf 85' lang='lat' dir='ltr'>scivit,</span> <span class='ocrx_word' id='word_1_322' title='bbox 1014 2185 1088 2217; x_wconf 85' lang='lat' dir='ltr'>inde</span> <span class='ocrx_word' id='word_1_323' title='bbox 1105 2196 1123 2217; x_wconf 77' lang='lat' dir='ltr'>a</span> <span class='ocrx_word' id='word_1_324' title='bbox 1140 2196 1202 2217; x_wconf 89' lang='lat' dir='ltr'>ver.</span> <span class='ocrx_word' id='word_1_325' title='bbox 1217 2186 1295 2217; x_wconf 89' lang='grc'><strong>630.</strong></span> <span class='ocrx_word' id='word_1_326' title='bbox 1321 2185 1373 2217; x_wconf 91' lang='lat' dir='ltr'>De</span> <span class='ocrx_word' id='word_1_327' title='bbox 1385 2185 1489 2218; x_wconf 82' lang='lat' dir='ltr'>Annae</span> <span class='ocrx_word' id='word_1_328' title='bbox 1501 2185 1579 2229; x_wconf 84' lang='lat' dir='ltr'>fuga</span> 
     </span>
     <span class='ocr_line' id='line_1_60' title="bbox 898 2235 1577 2278; baseline 0.003 -11"><span class='ocrx_word' id='word_1_329' title='bbox 898 2243 929 2267; x_wconf 89' lang='lat' dir='ltr'>et</span> <span class='ocrx_word' id='word_1_330' title='bbox 946 2235 1030 2271; x_wconf 80' lang='lat' dir='ltr'>fatis,</span> <span class='ocrx_word' id='word_1_331' title='bbox 1047 2236 1154 2273; x_wconf 87' lang='lat' dir='ltr'>Silius,</span> <span class='ocrx_word' id='word_1_332' title='bbox 1172 2235 1240 2267; x_wconf 87' lang='lat' dir='ltr'>viii.</span> <span class='ocrx_word' id='word_1_333' title='bbox 1253 2237 1296 2268; x_wconf 89' lang='lat'>50</span> <span class='ocrx_word' id='word_1_334' title='bbox 1310 2246 1383 2278; x_wconf 85' lang='lat' dir='ltr'>sqq.</span> <span class='ocrx_word' id='word_1_335' title='bbox 1398 2235 1454 2278; x_wconf 90' lang='lat' dir='ltr'>qui</span> <span class='ocrx_word' id='word_1_336' title='bbox 1470 2242 1577 2269; x_wconf 82' lang='lat' dir='ltr'>tamen</span> 
     </span>
     <span class='ocr_line' id='line_1_61' title="bbox 898 2284 1578 2318; baseline 0.003 -2"><span class='ocrx_word' id='word_1_337' title='bbox 898 2287 929 2316; x_wconf 92' lang='lat' dir='ltr'>in</span> <span class='ocrx_word' id='word_1_338' title='bbox 947 2286 1108 2318; x_wconf 89' lang='lat' dir='ltr'>nonnullis</span> <span class='ocrx_word' id='word_1_339' title='bbox 1124 2297 1141 2317; x_wconf 93' lang='lat' dir='ltr'>a</span> <span class='ocrx_word' id='word_1_340' title='bbox 1159 2286 1275 2318; x_wconf 83' lang='lat' dir='ltr'>Nostro</span> <span class='ocrx_word' id='word_1_341' title='bbox 1291 2284 1452 2317; x_wconf 87' lang='lat' dir='ltr'>dissentit.</span> <span class='ocrx_word' id='word_1_342' title='bbox 1489 2286 1578 2318; x_wconf 80' lang='lat' dir='ltr'>Nota</span> 
     </span>
    </p>
   </div>
   <div class='ocr_carea' id='block_1_9' title="bbox 896 2335 1580 2379">
    <p class='ocr_par' dir='ltr' id='par_1_17' title="bbox 896 2335 1580 2379">
     <span class='ocr_line' id='line_1_62' title="bbox 896 2335 1580 2379; baseline 0.004 -13"><span class='ocrx_word' id='word_1_343' title='bbox 896 2336 947 2367; x_wconf 87' lang='lat' dir='ltr'>bic</span> <span class='ocrx_word' id='word_1_344' title='bbox 978 2336 1140 2379; x_wconf 83' lang='lat' dir='ltr'>duplicem</span> <span class='ocrx_word' id='word_1_345' title='bbox 1177 2346 1305 2367; x_wconf 90' lang='lat' dir='ltr'>sensum</span> <span class='ocrx_word' id='word_1_346' title='bbox 1332 2335 1420 2368; x_wconf 80' lang='lat' dir='ltr'>verbi</span> <span class='ocrx_word' id='word_1_347' title='bbox 1456 2338 1580 2369; x_wconf 77' lang='lat' dir='ltr'>ardere.</span> 
     </span>
    </p>
   </div>
   <div class='ocr_carea' id='block_1_10' title="bbox 895 2386 1577 2818">
    <p class='ocr_par' dir='ltr' id='par_1_18' title="bbox 895 2386 1577 2818">
     <span class='ocr_line' id='line_1_63' title="bbox 898 2386 1577 2418; baseline 0.001 -1"><span class='ocrx_word' id='word_1_348' title='bbox 898 2387 1082 2418; x_wconf 55' lang='lat' dir='ltr'>Eun-uctis.</span> <span class='ocrx_word' id='word_1_349' title='bbox 1122 2386 1274 2418; x_wconf 83' lang='lat' dir='ltr'>Heinsius</span> <span class='ocrx_word' id='word_1_350' title='bbox 1289 2386 1379 2417; x_wconf 87' lang='lat' dir='ltr'>malit</span> <span class='ocrx_word' id='word_1_351' title='bbox 1394 2392 1424 2417; x_wconf 78' lang='lat' dir='ltr'>ee</span> <span class='ocrx_word' id='word_1_352' title='bbox 1438 2389 1577 2418; x_wconf 72' lang='lat' dir='ltr'>structis.</span> 
     </span>
     <span class='ocr_line' id='line_1_64' title="bbox 898 2435 1576 2479; baseline 0.001 -12"><span class='ocrx_word' id='word_1_353' title='bbox 898 2437 1053 2475; x_wconf 70' lang='lat' dir='ltr'>Campani,</span> <span class='ocrx_word' id='word_1_354' title='bbox 1079 2436 1165 2479; x_wconf 87' lang='lat' dir='ltr'>quod</span> <span class='ocrx_word' id='word_1_355' title='bbox 1191 2436 1232 2468; x_wconf 90' lang='lat' dir='ltr'>de</span> <span class='ocrx_word' id='word_1_356' title='bbox 1255 2436 1342 2467; x_wconf 87' lang='lat' dir='ltr'>omni</span> <span class='ocrx_word' id='word_1_357' title='bbox 1361 2447 1438 2468; x_wconf 83' lang='lat' dir='ltr'>cura</span> <span class='ocrx_word' id='word_1_358' title='bbox 1459 2435 1576 2469; x_wconf 86' lang='lat' dir='ltr'>dicitur</span> 
     </span>
     <span class='ocr_line' id='line_1_65' title="bbox 896 2485 1575 2530; baseline 0 -12"><span class='ocrx_word' id='word_1_359' title='bbox 896 2498 966 2530; x_wconf 83' lang='lat' dir='ltr'>quae</span> <span class='ocrx_word' id='word_1_360' title='bbox 999 2487 1147 2518; x_wconf 85' lang='lat' dir='ltr'>cadaveri</span> <span class='ocrx_word' id='word_1_361' title='bbox 1177 2486 1338 2518; x_wconf 86' lang='lat' dir='ltr'>efferendo</span> <span class='ocrx_word' id='word_1_362' title='bbox 1367 2485 1575 2530; x_wconf 83' lang='lat' dir='ltr'>impenditur.</span> 
     </span>
     <span class='ocr_line' id='line_1_66' title="bbox 897 2536 1575 2568; baseline -0.001 0"><span class='ocrx_word' id='word_1_363' title='bbox 897 2547 980 2568; x_wconf 91' lang='lat' dir='ltr'>nunc</span> <span class='ocrx_word' id='word_1_364' title='bbox 997 2543 1045 2568; x_wconf 88' lang='lat' dir='ltr'>est</span> <span class='ocrx_word' id='word_1_365' title='bbox 1065 2536 1170 2568; x_wconf 83' lang='lat' dir='ltr'>condi.</span> <span class='ocrx_word' id='word_1_366' title='bbox 1220 2536 1327 2568; x_wconf 80' lang='lat' dir='ltr'>Ensem</span> <span class='ocrx_word' id='word_1_367' title='bbox 1344 2536 1435 2567; x_wconf 87' lang='lat' dir='ltr'>illum</span> <span class='ocrx_word' id='word_1_368' title='bbox 1452 2536 1575 2568; x_wconf 83' lang='lat' dir='ltr'>Didoni</span> 
     </span>
     <span class='ocr_line' id='line_1_67' title="bbox 896 2586 1574 2618; baseline 0 0"><span class='ocrx_word' id='word_1_369' title='bbox 896 2586 978 2618; x_wconf 89' lang='lat' dir='ltr'>dono</span> <span class='ocrx_word' id='word_1_370' title='bbox 1016 2586 1150 2618; x_wconf 85' lang='lat' dir='ltr'>dederat</span> <span class='ocrx_word' id='word_1_371' title='bbox 1187 2587 1319 2618; x_wconf 84' lang='lat' dir='ltr'>AEneas.</span> <span class='ocrx_word' id='word_1_372' title='bbox 1372 2586 1456 2618; x_wconf 79' lang='lat' dir='ltr'>Vide</span> <span class='ocrx_word' id='word_1_373' title='bbox 1490 2586 1574 2618; x_wconf 88' lang='lat' dir='ltr'>Bur-</span> 
     </span>
     <span class='ocr_line' id='line_1_68' title="bbox 895 2636 1574 2679; baseline 0.003 -12"><span class='ocrx_word' id='word_1_374' title='bbox 895 2647 1047 2669; x_wconf 87' lang='lat' dir='ltr'>mannum</span> <span class='ocrx_word' id='word_1_375' title='bbox 1068 2637 1108 2668; x_wconf 91' lang='lat' dir='ltr'>ad</span> <span class='ocrx_word' id='word_1_376' title='bbox 1126 2637 1217 2679; x_wconf 87' lang='lat' dir='ltr'>Virg.</span> <span class='ocrx_word' id='word_1_377' title='bbox 1239 2637 1318 2668; x_wconf 83' lang='lat' dir='ltr'>AEn.</span> <span class='ocrx_word' id='word_1_378' title='bbox 1337 2636 1380 2667; x_wconf 88' lang='lat' dir='ltr'>iv.</span> <span class='ocrx_word' id='word_1_379' title='bbox 1400 2637 1478 2668; x_wconf 84' lang='lat'>495.</span> <span class='ocrx_word' id='word_1_380' title='bbox 1497 2636 1574 2669; x_wconf 77' lang='lat'>647.</span> 
     </span>
     <span class='ocr_line' id='line_1_69' title="bbox 896 2687 1574 2730; baseline 0 -12"><span class='ocrx_word' id='word_1_381' title='bbox 896 2687 950 2718; x_wconf 90' lang='lat' dir='ltr'>ubi</span> <span class='ocrx_word' id='word_1_382' title='bbox 979 2687 1088 2730; x_wconf 84' lang='lat' dir='ltr'>arripit</span> <span class='ocrx_word' id='word_1_383' title='bbox 1127 2687 1327 2718; x_wconf 81' lang='lat' dir='ltr'>Dardanium</span> <span class='ocrx_word' id='word_1_384' title='bbox 1356 2697 1465 2719; x_wconf 83' lang='lat' dir='ltr'>ensem.</span> <span class='ocrx_word' id='word_1_385' title='bbox 1524 2687 1574 2718; x_wconf 85' lang='lat' dir='ltr'>Si-</span> 
     </span>
     <span class='ocr_line' id='line_1_70' title="bbox 895 2735 1574 2780; baseline 0.003 -12"><span class='ocrx_word' id='word_1_386' title='bbox 895 2737 967 2774; x_wconf 86' lang='lat' dir='ltr'>lius,</span> <span class='ocrx_word' id='word_1_387' title='bbox 996 2739 1057 2769; x_wconf 82' lang='lat'>50:</span> <span class='ocrx_word' id='word_1_388' title='bbox 1104 2738 1265 2780; x_wconf 80' lang='lat' dir='ltr'>“profugi</span> <span class='ocrx_word' id='word_1_389' title='bbox 1301 2735 1423 2770; x_wconf 75' lang='lat' dir='ltr'>donum</span> <span class='ocrx_word' id='word_1_390' title='bbox 1445 2736 1574 2770; x_wconf 85' lang='lat' dir='ltr'>exitiale</span> 
     </span>
     <span class='ocr_line' id='line_1_71' title="bbox 897 2786 1038 2818; baseline 0 -1"><span class='ocrx_word' id='word_1_391' title='bbox 897 2786 1038 2818; x_wconf 87' lang='lat' dir='ltr'>mariti.&#39;’</span> 
     </span>
    </p>
   </div>
   <div class='ocr_carea' id='block_1_11' title="bbox 1768 2183 1791 2245">
    <p class='ocr_par' dir='ltr' id='par_1_19' title="bbox 1768 2183 1791 2245">
     <span class='ocr_line' id='line_1_72' title="bbox 1768 2183 1791 2245; textangle 90"><span class='ocrx_word' id='word_1_392' title='bbox 1768 2183 1791 2245; x_wconf 61' lang='lat'>⁴0„</span> 
     </span>
    </p>
   </div>
   <div class='ocr_carea' id='block_1_12' title="bbox 1764 2269 1799 2734">
    <p class='ocr_par' dir='ltr' id='par_1_20' title="bbox 1764 2269 1809 2734">
     <span class='ocr_line' id='line_1_73' title="bbox 1764 2269 1799 2734; textangle 90"><span class='ocrx_word' id='word_1_393' title='bbox 1764 2454 1798 2734; x_wconf 39' lang='lat' dir='ltr'>‘nawa-am</span> <span class='ocrx_word' id='word_1_394' title='bbox 1788 2432 1789 2435; x_wconf 59' lang='lat'><em>„</em></span> <span class='ocrx_word' id='word_1_395' title='bbox 1779 2363 1783 2371; x_wconf 97' lang='lat'>-</span> <span class='ocrx_word' id='word_1_396' title='bbox 1792 2318 1793 2321; x_wconf 58' lang='lat'><em>„</em></span> <span class='ocrx_word' id='word_1_397' title='bbox 1787 2269 1799 2292; x_wconf 81' lang='grc'>.,</span> 
     </span>
    </p>
   </div>
  </div>
 </body>
</html>
