1830 3220
245 205 303 246 31⁴
640 205 689 244 P.
724 201 939 244 OVIDII
974 201 1255 243 NASONIS

254 319 385 367 Tuta
408 320 493 366 diu
520 320 773 366 volucrum
798 318 981 381 proles,
1008 323 1116 363 tum
1140 315 1360 379 denique
1391 331 1524 363 caesa
1542 321 1651 363 est:

320 395 350 442 J
357 403 667 459 uveruntque
695 396 832 442 Deos
858 393 1036 440 indicis
1063 401 1182 440 exta
1205 393 1299 440 sui.

1555 395 1655 439 450

257 473 390 536 Ergo
417 490 550 537 saepe
576 490 666 520 suo
691 474 876 536 conjux
901 471 1120 518 abducta
1145 471 1319 518 marito

326 550 498 598 Uritur
523 551 569 597 in
598 550 774 598 calidis
801 550 914 596 alba
938 549 1175 595 columba
1198 548 1350 596 focis:

259 626 367 674 Nec
393 628 600 675 defensa
618 630 795 691 juvant
817 625 1087 689 Capitolia,
1115 641 1215 688 quo
1241 625 1404 672 minus
1431 640 1577 672 anser

325 704 426 752 Det
444 706 588 767 Jecur
611 706 662 752 in
686 705 873 760 lances,
902 702 1078 749 Inachi
1104 702 1260 759 lauta,
1289 710 1417 749 tuas.

259 779 424 829 Nocte
452 781 573 829 Deae
601 781 752 829 Nocti
776 781 1011 828 cristatus
1036 780 1248 827 caeditur
1273 780 1394 835 ales,

1557 781 1655 826 455

326 856 475 911 Quod
499 859 727 922 tepidum
751 856 886 919 vigili
912 865 1150 920 provocat
1171 873 1256 904 ore
1282 856 1432 904 diem.

258 932 460 981 Interea
485 934 705 998 Delphin
730 934 919 981 clarum
946 948 1097 995 super
1123 949 1326 996 aequora
1351 933 1490 980 sidus

326 1010 553 1066 Tollitur,
581 1019 631 1059 et
656 1012 828 1075 patriis
854 1010 1042 1057 exserit
1065 1026 1151 1058 ora
1173 1011 1330 1058 vadis.

260 1085 517 1133 PosTERA
546 1088 634 1135 lux
660 1089 877 1135 hiemem
903 1085 1068 1133 medio
1094 1087 1381 1134 discrimine
1408 1087 1590 1149 signat,

329 1164 595 1229 AEquaque
620 1166 904 1230 praeteritae,
932 1179 1045 1226 quae
1071 1164 1346 1228 superabit,
1373 1164 1483 1212 erit.
1563 1166 1663 1211 460

260 1278 339 1309 dunt
355 1289 409 1309 vos
425 1289 443 1310 a
458 1279 656 1316 mactatione,
672 1286 707 1310 ut
723 1285 754 1310 et
770 1290 833 1310 ver.
851 1279 925 1311 453.

264 1328 392 1369 Lingucr
417 1330 541 1362 crimen.
566 1329 764 1370 loquacitas3
790 1329 926 1359 Metam.

260 1377 294 1407 ii.
309 1379 383 1408 540.
411 1379 467 1409 Dis
475 1381 619 1418 pro-rima.
636 1379 786 1409 altissime
801 1379 924 1409 volans.

265 1426 371 1462 Notas,
383 1427 525 1468 auguria,
533 1428 632 1469 signa,
642 1439 691 1458 ore
698 1427 776 1458 dant
787 1427 908 1458 oscines
919 1439 926 1464 3

261 1487 371 1516 penna,
384 1475 506 1507 scilicet
521 1477 639 1513 volatu,
652 1476 754 1507 alites.

308 1526 380 1556 450.
404 1526 454 1556 De
473 1526 604 1567 singulis
624 1525 727 1556 avium
750 1524 928 1566 generibus.

265 1575 416 1611 Abducta,
439 1580 557 1616 erepta.
607 1574 736 1617 Proprie
752 1576 861 1605 abdam·
881 1574 927 1604 di-

265 1629 379 1653 cuntur
416 1624 563 1664 pecudes.
614 1624 737 1659 Uritur,
776 1623 928 1654 adoletur.

268 1672 399 1709 Inachis,
420 1672 479 1703 Isis
502 1672 612 1704 Inachi
632 1673 706 1704 filia.
754 1674 888 1703 Metam.
908 1673 927 1703 i.

264 1722 328 1752 sab.
359 1724 389 1753 8.
434 1722 473 1752 Ei
500 1729 532 1753 et
562 1722 679 1753 Osiridi
708 1732 798 1753 anser
824 1732 926 1758 sacer,

264 1777 359 1811 atque
376 1771 506 1801 mactari
522 1771 652 1809 solitus3
676 1771 794 1802 Juven.
810 1772 876 1802 Sat.
889 1772 930 1803 vi.

264 1821 341 1850 538.
388 1820 503 1856 Lauta,
521 1820 596 1861 quia
618 1820 719 1862 poscit
733 1820 822 1862 jecur
839 1831 929 1851 anse-

264 1869 378 1906 rinum,
407 1869 490 1911 quod
509 1876 575 1900 erat
601 1869 633 1900 in
658 1869 737 1901 cibis
760 1869 929 1901 lautiorum

264 1918 438 1950 hominum.
484 1919 617 1956 Plinius,
645 1918 765 1950 Histor.
792 1920 870 1950 Nat.
898 1932 930 1952 x.

265 1969 318 2004 26,
353 1967 459 2009 ibique
486 1968 679 1999 Harduinus.
736 1969 808 1999 Non
835 1969 930 2010 igitur

266 2015 427 2053 audiendi,
455 2017 509 2058 qui
540 2018 649 2048 Inachi
679 2029 770 2048 vacca
798 2017 928 2049 habent.

268 2065 370 2096 Lance
394 2071 426 2096 et
447 2072 518 2097 tura
541 2067 753 2098 offerebantur
776 2073 807 2097 et
831 2073 928 2106 exta3

266 2114 341 2144 AEn.
351 2114 416 2145 viii.
429 2116 504 2145 284.
527 2115 678 2157 Ejusdem
689 2126 762 2147 usus
775 2115 849 2146 etin
865 2127 929 2148 coe-

266 2162 314 2193 nis
331 2162 505 2194 hominurn.
553 2165 613 2195 Det
630 2167 660 2195 in
678 2166 777 2196 lances
792 2171 869 2202 tuas,
886 2166 930 2196 sic

266 2212 343 2242 scite
360 2212 493 2243 variavit
508 2213 728 2244 immolationis
744 2214 915 2245 notionem.

311 2261 385 2292 455.
425 2262 496 2292 Deae
527 2262 618 2293 Nocti
648 2273 686 2293 ex
723 2263 794 2294 MS.
824 2263 930 2294 Ursini

267 2309 417 2339 Heinsius
436 2309 534 2341 dedit.
579 2311 676 2352 Vulg.
694 2311 764 2342 Dece
779 2314 883 2347 noctis,
898 2311 930 2342 id

266 2364 326 2393 est,
341 2359 483 2395 Hecatae,
495 2360 545 2390 cui
560 2371 631 2390 vero
645 2361 749 2402 gallus
765 2372 827 2392 non
842 2371 928 2392 mac-

268 2412 364 2438 tatus,
401 2409 481 2443 Ales,
498 2414 532 2439 ut
551 2409 655 2440 Graec.
669 2409 791 2451 Ὀρνὶς,
807 2421 862 2452 per
877 2421 930 2441 ex-

268 2455 446 2485 cellentiam
468 2457 580 2497 gallus.
626 2458 657 2487 Is
676 2466 816 2497 provocat
840 2461 930 2495 diem,

268 2503 343 2544 quia
354 2510 480 2535 cantum
491 2506 557 2546 ejus
566 2506 630 2537 dies
639 2507 780 2548 sequitur
792 2519 800 2546 3
821 2508 931 2548 Virgil.

269 2553 386 2594 Georg.
413 2553 433 2584 i.
455 2555 530 2584 388.
552 2555 658 2586 cornix
681 2564 763 2587 vocat
784 2558 931 2597 pluviam.

272 2602 415 2641 Tepidum
431 2604 507 2633 diem
527 2604 627 2642 dixit;
649 2611 730 2644 tepor
750 2606 832 2637 enim
852 2612 930 2637 tem-

270 2650 336 2692 pori
362 2656 396 2681 ut
417 2652 603 2693 vespertino,
631 2653 675 2683 ita
697 2654 851 2685 matutino
879 2656 930 2686 tri-

268 2699 397 2738 buitur;
424 2700 555 2732 Heroid.
577 2702 621 2732 iv.
650 2703 722 2732 160.
770 2704 931 2742 Delphinis

269 2754 354 2779 ortus
378 2749 531 2781 cosmicus
551 2749 615 2780 sive
639 2751 828 2789 matutinus3
864 2752 927 2783 Pli-

994 1276 1077 1314 nius,
1087 1279 1206 1309 Histor.
1221 1279 1335 1310 Natur.
1347 1278 1434 1310 xviii.
1445 1279 1487 1309 64
1501 1292 1507 1309 ;
1526 1277 1662 1309 “Pridie

994 1327 1105 1358 Nonas
1120 1328 1253 1359 Januar.
1266 1328 1384 1359 Caesari
1399 1328 1579 1371 Delphinus
1595 1338 1661 1358 ma-

994 1376 1096 1408 tutino
1112 1377 1284 1408 exoritur.''
1311 1378 1348 1408 [n
1366 1377 1417 1408 die
1433 1377 1527 1418 igitur
1542 1376 1662 1408 dissen-

995 1427 1059 1463 tit;
1098 1436 1171 1456 nam
1201 1427 1318 1457 Nostro
1345 1426 1532 1465 intelligitur
1555 1438 1585 1458 v.
1609 1426 1661 1457 Id.

995 1475 1060 1506 sive
1077 1475 1145 1506 dies
1159 1486 1259 1506 nonus
1275 1475 1401 1507 mensis.
1450 1477 1578 1508 Patriis.
1611 1476 1662 1507 De

996 1523 1146 1565 delphino
1162 1524 1262 1555 sidere
1283 1524 1434 1566 loquitur,
1451 1531 1485 1556 ut
1504 1525 1544 1556 de
1561 1524 1663 1555 sidere

996 1573 1095 1615 pisce,
1111 1573 1163 1604 cui
1179 1584 1286 1615 aequor
1300 1575 1404 1613 patria
1418 1579 1477 1605 est.
1513 1573 1664 1605 Similiter

996 1623 1162 1659 Manilius,
1180 1634 1211 1653 ν.
1229 1624 1293 1654 389
1309 1636 1316 1653 :
1343 1628 1366 1640 “
1379 1623 1425 1654 At
1441 1634 1538 1666 quum
1558 1634 1592 1655 se
1607 1634 1663 1666 pa-

998 1672 1055 1702 trio
1070 1671 1216 1713 produxit
1232 1673 1271 1702 ab
1288 1683 1413 1714 aequore
1429 1672 1557 1714 piscis.”

1041 1723 1117 1753 459.
1144 1722 1267 1753 Postera
1292 1723 1353 1758 lur,
1374 1722 1417 1753 iv.
1438 1722 1488 1753 Id.
1513 1722 1578 1754 sive
1595 1722 1665 1754 dies

996 1771 1141 1801 Januarii
1163 1770 1316 1802 decimus.
1363 1772 1511 1802 Hiemem
1528 1772 1664 1804 mediam

997 1819 1268 1861 circumloquitur.
1315 1820 1498 1856 Discrimen,
1513 1820 1604 1852 limes
1617 1822 1665 1852 di-

997 1868 1112 1900 rimens
1142 1879 1207 1899 rem
1237 1868 1269 1899 in
1304 1875 1420 1910 partes.
1480 1870 1666 1902 Discrimine

998 1919 1092 1948 medio
1116 1920 1217 1960 signat
1243 1918 1375 1954 hiemem,
1403 1918 1436 1949 in
1456 1918 1561 1950 medio
1590 1919 1667 1951 facit

998 1966 1177 2003 discrimen,
1211 1967 1323 1998 dividit
1351 1967 1488 1999 hiemem
1516 1967 1548 1999 in
1585 1969 1667 2000 duas

998 2022 1101 2058 partes
1113 2016 1263 2058 aequales.
1287 2016 1326 2047 In
1341 2019 1440 2049 media
1452 2023 1557 2049 autem
1573 2019 1666 2050 hieme

999 2065 1218 2097 constituenda
1233 2077 1294 2097 non
1310 2067 1509 2099 consentiunt
1520 2068 1666 2101 Veteres.

999 2115 1178 2147 Columella
1190 2121 1221 2147 et
1235 2116 1428 2148 Ptolemaeus
1438 2127 1509 2148 eam
1519 2116 1560 2148 ad
1570 2117 1666 2155 diem,

999 2164 1052 2206 qui
1082 2166 1193 2196 Nonas
1222 2166 1362 2207 proxime
1393 2167 1561 2204 antecedit,
1585 2168 1664 2199 refe-

998 2220 1080 2245 runt.
1104 2215 1166 2245 Sed
1182 2214 1317 2252 Plinius,
1334 2215 1420 2246 xviii.
1432 2218 1485 2247 25.
1496 2216 1666 2248 Eudoxum

1000 2269 1031 2294 et
1059 2265 1221 2295 Metonem
1248 2270 1386 2301 secutus,
1417 2265 1458 2296 ad
1482 2265 1565 2297 diem
1595 2266 1664 2297 viii.

998 2313 1075 2344 Kal.
1095 2314 1116 2345 J
1119 2324 1171 2344 an.
1188 2314 1253 2344 sive
1274 2313 1358 2344 diem
1375 2315 1417 2345 25
1439 2314 1595 2345 Decemb.
1609 2315 1664 2346 ubi

999 2361 1183 2403 Capricorni
1199 2367 1317 2404 partem
1334 2368 1478 2394 octavam
1497 2363 1542 2394 sol
1559 2374 1665 2396 emen-

999 2420 1051 2440 sus
1078 2417 1139 2446 est,
1171 2411 1314 2441 brumam
1340 2421 1408 2442 esse
1433 2411 1557 2443 statuit.
1612 2413 1665 2444 De

999 2469 1061 2499 quo
1076 2459 1217 2490 dissensu
1233 2459 1323 2501 plura
1337 2460 1510 2502 disputare,
1527 2471 1590 2493 non
1607 2461 1664 2492 hu-

994 2508 1046 2549 jus
1061 2508 1122 2539 loci
1143 2515 1201 2540 est.
1244 2509 1429 2541 Taubnerus
1447 2517 1564 2546 monet,
1591 2521 1665 2542 cum

999 2556 1154 2588 Columel.
1180 2563 1212 2588 et
1241 2558 1377 2589 Ptolem.
1407 2558 1558 2590 Ovidium
1587 2570 1664 2591 con-

999 2606 1099 2637 ciliari
1123 2617 1222 2648 posse,
1247 2607 1273 2638 si
1300 2613 1369 2650 post
1393 2618 1457 2639 ver.
1484 2609 1561 2640 314.
1583 2609 1664 2640 duos

999 2655 1054 2686 hos
1079 2655 1118 2686 de
1145 2656 1249 2688 media
1269 2657 1371 2688 hieme
1395 2667 1504 2698 ponas,
1532 2663 1564 2688 et
1591 2669 1662 2700 quae

998 2703 1037 2734 de
1054 2704 1204 2746 Delphini
1218 2711 1287 2737 ortu
1303 2705 1460 2738 dicuntur.
1488 2706 1663 2746 Superabit,

997 2754 1160 2794 supererit.
