1830 3220
497 191 848 234 FASTORUM
882 192 1005 234 LIB.
1040 193 1105 235 II.
1459 194 1519 234 77

111 308 351 371 Fregerat
376 309 595 356 armillas
621 325 722 355 non
747 309 832 356 illa
857 310 920 356 ad
946 309 1154 357 brachia
1178 309 1368 357 factas:

176 385 506 448 Stringebant
531 402 740 448 magnos
765 386 965 434 vincula
989 402 1143 450 parva
1167 387 1324 451 pedes
1345 404 1354 434 :

113 463 233 527 Ipsa
257 463 395 527 capit
420 464 717 526 clavamque
747 479 967 526 gravem,
996 463 1318 527 spoliumque
1344 464 1522 521 leonis,

178 541 501 605 Conditaque
527 542 576 588 in
602 541 838 605 pharetra
862 541 965 589 tela
989 541 1182 588 minora
1206 557 1315 588 sua.

1427 545 1523 590 326

112 617 196 665 Sic
223 619 385 683 epulis
410 618 587 675 functi,
616 619 688 665 sic
714 619 837 665 dant
862 634 953 665 sua
978 634 1189 682 corpora
1214 635 1406 676 somno,

179 695 246 743 Et
270 696 447 760 positis
469 698 620 760 juxta
645 697 924 744 secubuere
949 697 1089 744 toriS.

110 775 306 822 Causa:
347 775 589 838 repertori
614 774 729 821 vitis
755 774 839 838 pia
865 791 1006 822 sacra
1032 775 1298 838 parabant,

179 851 305 906 Quae
330 851 555 900 facerent
581 869 721 916 pure,
751 869 909 916 quum
934 853 1063 901 foret
1088 861 1198 901 orta
1223 854 1348 901 dies.
1384 853 1526 915 [det?

111 929 290 981 Noctis
317 937 424 977 erat
442 929 665 977 medium
685 947 694 977 :
725 931 848 994 quid
872 948 972 979 non
994 948 1132 979 amor
1154 932 1413 995 improbus
1435 948 1521 979 au-

180 1006 403 1054 Roscida
426 1023 516 1071 per
542 1008 776 1055 tenebras
805 1008 1008 1056 Faunus
1036 1009 1099 1056 ad
1126 1016 1269 1056 antra
1294 1008 1454 1065 venit;

115 1083 287 1147 thue
312 1084 450 1132 videt
476 1101 650 1131 somno
677 1084 887 1133 comites
914 1086 1132 1148 vinoque
1154 1086 1363 1142 solutos,

181 1161 337 1226 Spem
363 1162 500 1226 capit
524 1163 575 1209 in
601 1163 817 1210 dominis
845 1180 957 1211 esse
985 1163 1177 1227 soporis
1204 1163 1354 1210 idem.

113 1238 290 1296 Intrat,
319 1247 370 1287 et
394 1240 493 1287 huc
519 1240 637 1287 illuc
664 1242 960 1288 temerarius
987 1247 1118 1288 errat
1142 1241 1354 1298 adulter,
1428 1244 1526 1289 335

180 1316 246 1363 Et
270 1317 472 1381 praefert
497 1324 672 1365 cautas
700 1318 1133 1381 subsequiturque
1160 1334 1356 1366 manus.

110 1393 334 1442 Venerat
358 1395 420 1443 ad
447 1395 590 1442 strati
615 1402 821 1459 captata
845 1395 1034 1443 cubilia
1058 1396 1194 1451 lecti,

180 1472 247 1519 Et
270 1472 432 1536 prima
456 1472 577 1520 felix
605 1481 738 1520 sorte
763 1473 958 1521 futurus
985 1481 1108 1521 erat.

113 1550 185 1598 Ut
209 1551 375 1613 tetigit
396 1550 517 1598 fulvi
544 1551 665 1599 setis
692 1551 886 1599 hirsuta
910 1551 1071 1599 leonis

179 1628 394 1686 Vellera,
423 1629 698 1693 pertimuit,
728 1629 1072 1693 sustinuitque
1099 1645 1331 1684 manum3

153 1825 228 1855 326.
251 1824 434 1855 Molestiam
451 1829 560 1855 creant
577 1826 637 1855 tela
652 1825 783 1855 minora.

111 1874 228 1905 Ulitius
253 1879 405 1910 suaserat,
421 1877 548 1910 minore,
565 1873 651 1915 quod
674 1874 700 1904 T
703 1873 781 1904 aub-

108 1935 182 1955 nero
205 1924 363 1966 placebat,
379 1929 415 1954 ut
440 1923 608 1965 Omphalae
634 1922 782 1965 pharetra

109 1972 209 2004 minor
224 1973 319 2004 fuisse
335 1972 458 2004 dicatur
470 1983 525 2015 pro
541 1972 633 2003 modo
649 1977 681 2002 et
694 1982 780 2002 men-

108 2033 181 2054 sura
209 2023 341 2054 telorum
369 2023 612 2053 Herculeorum.
662 2023 782 2053 Verum

108 2071 180 2114 quis
209 2071 327 2108 credat,
356 2071 453 2103 etiam
482 2071 674 2113 Omphalen,
702 2076 781 2101 tam-

109 2131 206 2163 quam
234 2121 389 2157 Dianam,
418 2127 558 2163 gestasse
588 2120 780 2162 pharetram,

108 2177 174 2207 aut,
189 2171 214 2202 si
230 2177 396 2211 gestasset,
413 2171 478 2201 sola
496 2170 558 2201 tela
579 2170 645 2201 sine
666 2169 780 2211 phare-

108 2227 156 2251 tra
170 2222 388 2262 permutasse!
417 2219 569 2250 Heinsius
585 2227 702 2254 monet,
721 2219 780 2248 tela

109 2271 225 2301 minora
247 2268 361 2312 opponi
383 2270 485 2304 clavae,
502 2279 573 2310 quae
594 2267 690 2299 telum
711 2278 778 2308 gra-

108 2319 188 2351 vius.
233 2320 320 2350 Num
345 2318 403 2350 hoc
429 2318 496 2349 vult
519 2323 633 2360 poeta:
661 2318 779 2348 Hercu-

109 2369 174 2400 lem
193 2379 230 2399 eo
252 2368 304 2399 die
325 2368 365 2399 de
387 2367 458 2398 telis
479 2367 542 2398 suis
561 2366 708 2398 sumsisse
724 2368 779 2396 mi-

110 2430 195 2455 nora,
226 2428 328 2460 eaque
364 2417 540 2448 condidisse
569 2416 602 2447 in
631 2416 781 2458 pharetra

108 2478 175 2504 sua,
205 2466 268 2498 illis
304 2467 376 2498 telis
409 2466 582 2497 minoribus
619 2467 781 2506 congrua?

110 2517 314 2558 Quamquam
349 2526 406 2546 nee
444 2515 502 2546 hoc
537 2515 654 2557 placet.
702 2514 782 2545 Vult

108 2567 193 2597 enim
215 2573 310 2607 poeta
330 2564 452 2595 cultum
474 2564 513 2594 ab
532 2563 699 2605 Omphalae
724 2574 778 2595 na-

108 2622 178 2646 tura
201 2625 297 2657 quam
321 2614 458 2646 maxime
483 2613 703 2645 abhorrentem
724 2613 779 2644 de-

110 2663 258 2695 scribere.

154 2714 228 2744 327.
262 2714 323 2748 Sic,
354 2718 473 2744 mutato
504 2712 602 2744 cultu.
652 2711 782 2753 Repetit

113 2762 184 2798 hoc,
209 2763 284 2804 quia
309 2762 381 2793 inde
407 2761 567 2804 pendebat
591 2762 685 2798 fraus,
710 2771 780 2802 quae

846 1824 913 1866 jam
943 1829 1098 1855 narratur.

1425 1632 1524 1676 340

1159 1824 1307 1855 Secubare
1334 1823 1423 1854 verb.
1454 1834 1525 1865 pro-

849 1873 952 1915 prium
968 1873 1009 1904 de
1025 1873 1074 1909 iis,
1087 1872 1142 1914 qui
1158 1883 1249 1903 sacra
1265 1871 1379 1903 facturi
1395 1872 1523 1903 seorsim

851 1923 969 1954 cubant
991 1928 1024 1953 et
1048 1933 1067 1953 a
1081 1923 1207 1954 Venere
1230 1921 1402 1953 abstinent.
1449 1922 1524 1953 Non

851 1977 958 2002 autem
981 1982 1105 2013 semper
1128 1971 1285 2002 Hercules
1308 1975 1340 2001 et
1364 1970 1524 2012 Omphale

851 2027 915 2051 tam
940 2026 1026 2051 caste
1050 2020 1234 2051 secubuisse
1261 2019 1426 2058 videntur3
1456 2020 1525 2051 haec

851 2070 934 2101 enim
956 2081 995 2101 ex
1020 2070 1076 2100 illo
1099 2069 1200 2100 filium
1222 2069 1355 2111 peperit.
1372 2069 1525 2111 Apollod-

851 2121 897 2150 ΙΙ.
915 2119 967 2150 vii.
983 2121 1021 2157 83
1047 2118 1179 2150 Diodor.
1196 2119 1259 2150 Sic.
1274 2118 1317 2149 iv.
1332 2119 1385 2149 31.

895 2170 970 2200 333.
998 2170 1125 2200 Comites
1147 2179 1202 2199 seu
1222 2166 1344 2203 famuli,
1361 2167 1523 2198 cubabant

851 2225 924 2249 ante
940 2224 1078 2249 antrum.
1104 2217 1188 2248 Vide
1202 2228 1266 2248 ver.
1279 2217 1354 2248 351.
1379 2217 1524 2253 Adulter,

850 2274 982 2304 amator,
998 2273 1033 2298 ut
1049 2277 1112 2298 ver.
1128 2267 1206 2297 356.
1224 2272 1366 2296 vocatur.

894 2318 969 2348 337.
1001 2316 1160 2357 Captum]
1193 2316 1265 2347 MS.
1290 2316 1413 2346 Mazar.
1444 2322 1525 2347 trac-

850 2374 927 2402 tata,
958 2366 1043 2408 quod
1078 2366 1246 2396 Taubnero
1278 2365 1371 2396 valde
1409 2365 1525 2407 placet.

849 2417 906 2447 Est
921 2415 1050 2458 quidem
1068 2421 1201 2446 tractare
1217 2425 1263 2456 pr.
1280 2413 1427 2445 manibus
1448 2425 1522 2446 con-

849 2464 991 2506 tingere3
1021 2464 1076 2496 sed
1103 2464 1134 2495 b.
1158 2464 1179 2496 l.
1203 2470 1338 2504 captata,
1363 2463 1524 2505 palpando

849 2521 983 2556 reperta,
998 2513 1111 2544 melius
1128 2513 1296 2551 convenit3
1314 2512 1443 2543 Heroid.
1455 2513 1520 2543 xxi.

849 2565 925 2594 200.
938 2568 1053 2594 “tecto
1065 2563 1232 2594 simulatur
1244 2562 1364 2593 lumine
1378 2572 1522 2599 somnus;

850 2613 1040 2656 Captantem
1056 2618 1162 2644 tactus
1179 2611 1349 2654 rejicioque
1370 2621 1497 2641 manum
1511 2622 1521 2648 3

852 2663 958 2694 Prima
977 2674 1049 2699 sors,
1065 2663 1111 2698 id,
1130 2662 1162 2693 in
1185 2661 1269 2704 quod
1291 2660 1426 2703 primum
1441 2659 1519 2691 inci-

850 2713 908 2744 dit.
957 2713 1055 2748 Ἐρῶ,
1081 2722 1209 2754 compos
1235 2711 1308 2742 voti.
1355 2711 1521 2744 Sustinuit,

852 2763 991 2799 retinuit,
1009 2761 1150 2793 retraxit.
