1830 3220
569 175 640 217 IN
677 175 894 218 OVIDII
930 177 1181 219 FASTOS.
1502 180 1588 221 399

165 289 298 332 Schn.
326 290 366 332 h.
396 306 434 332 v.
465 292 520 333 de
553 292 691 334 herois
723 295 912 336 notione.
975 294 1040 337 Ut
1070 310 1197 350 porro
1228 298 1325 348 ἥρωες
1349 299 1517 349 ἐπιχώριοι
1545 297 1585 338 in

165 359 354 409 Graecia,
374 361 415 402 id
435 367 515 411 est,
535 363 615 404 viri
638 364 851 405 demortui
873 371 919 406 et
940 366 994 406 de
1019 365 1192 407 civitate
1217 380 1293 407 sua
1314 366 1424 406 bene
1446 366 1588 407 meriti

163 444 251 471 una
282 444 454 486 semper
487 447 585 474 cum
620 433 700 474 diis
733 434 978 476 domesticis
1014 434 1096 476 coli
1135 434 1343 483 solebant,
1377 434 1436 476 ita
1470 436 1586 490 apud

166 498 386 542 Romanos
424 515 611 557 quaeque
650 502 814 551 civitas,
850 518 957 558 gens
996 511 1041 545 et
1078 505 1239 546 familia
1275 505 1467 559 proprios
1504 505 1586 546 sibi

163 568 350 610 habebat
382 570 530 619 Lares,
561 572 613 613 ad
646 587 753 626 quos
786 578 876 614 tum
911 574 987 613 viri
1020 574 1205 615 civitatis
1238 575 1467 629 principes,
1495 581 1586 616 tum

162 639 426 694 singularum
460 642 654 695 gentium
686 647 845 696 patres,
880 643 1034 697 quibus
1067 644 1129 684 vis
1162 644 1307 698 aliqua
1337 643 1379 684 in
1412 643 1584 686 familiae

161 709 344 752 salutem
369 711 652 761 tribuebatur,
675 712 964 766 pertinebant.
1029 713 1234 754 Plautus:
1268 714 1360 769 qu
1381 729 1471 755 sum
1490 715 1585 755 Lar

148 779 392 835 familiaris
419 796 469 822 ex
494 781 572 823 Ῐιαο
585 782 765 838 familia
785 815 793 822 .
815 814 823 823 .
842 782 1131 839 .f(1mili(eqne
1157 784 1251 825 Lar
1268 789 1416 838 pater.
1478 784 1583 824 Am-

160 848 266 904 phit.
287 850 449 906 prolog.
474 852 527 899 2;
561 851 702 892 Mero.
728 851 782 892 V.
806 851 833 892 i.
856 854 898 894 5.
965 853 1069 893 Post
1091 852 1343 907 apotheosin
1362 852 1522 900 Caesar,
1541 860 1586 895 et

162 917 429 961 Octavianus
465 935 522 962 ex
559 921 726 962 urbium
770 921 1015 962 adulatione
1052 921 1142 976 jam
1181 922 1282 963 718.
1323 928 1419 976 post
1457 922 1583 964 Sext.

164 986 318 1043 Pomp.
335 989 494 1030 victum
518 990 567 1030 iis
591 989 725 1031 additi
749 996 862 1040 sunt,
883 991 997 1045 quod
1021 991 1131 1033 Hor.
1154 990 1238 1032 IV.
1258 1006 1294 1032 v.
1314 991 1384 1032 33.
1405 991 1582 1033 heroum

162 1056 298 1099 cultui
318 1059 361 1100 in
385 1058 559 1101 Graecia
580 1068 813 1116 comparat.

223 1127 294 1169 De
312 1129 579 1184 publicorum
604 1130 778 1172 Larium
800 1137 936 1172 matre
953 1132 1078 1179 Lara,
1100 1132 1317 1180 Larunda,
1339 1132 1421 1172 dea
1442 1131 1581 1180 Muta,

164 1196 310 1246 Mana,
338 1198 469 1240 Maua
493 1199 681 1247 Geneta,
700 1207 783 1241 etc.
801 1201 990 1256 denique
1015 1201 1068 1242 de
1095 1200 1310 1248 Manibus,
1331 1200 1580 1250 Summano,

161 1266 420 1309 Lemuribus
453 1275 498 1309 et
529 1269 695 1318 Larvis,
727 1271 975 1325 exponendi
1008 1270 1277 1311 occasionem
1307 1270 1456 1311 Ovidii
1488 1271 1582 1312 loca

161 1337 432 1391 praebebunt.

221 1406 436 1459 Quaedam
455 1409 615 1450 addere
637 1410 766 1452 liceat
783 1410 837 1451 de
856 1410 1032 1451 aliarum
1051 1410 1209 1451 veteris
1230 1409 1369 1451 Italiae
1386 1411 1581 1465 gentium

160 1476 241 1518 diis
273 1483 317 1518 et
348 1477 625 1533 religionibus
662 1480 923 1528 domesticis,
953 1494 1050 1534 quae
1080 1479 1174 1534 plus
1203 1480 1398 1520 minusve
1431 1485 1582 1534 postea

161 1544 347 1588 Romam
369 1547 498 1589 etiam
522 1548 773 1603 migrarunt.
825 1549 895 1590 Ita
917 1548 1182 1604 potissimum
1206 1548 1377 1597 Satrici,
1401 1549 1580 1591 Volsco-

159 1630 253 1657 rum
289 1617 406 1665 urbe,
437 1626 627 1659 sanctam
656 1620 850 1661 Matutoe
882 1619 1027 1659 matris
1059 1619 1192 1660 fuisse
1225 1618 1477 1673 religionem
1510 1619 1580 1660 Li·

160 1685 255 1726 vius
283 1686 358 1739 (vi.
386 1686 468 1736 333
503 1688 571 1728 vii.
601 1688 683 1736 27;
718 1688 967 1729 XXVIII.
991 1689 1054 1737 ii.)
1081 1688 1224 1729 tradit.
1288 1687 1402 1729 Satis
1430 1695 1580 1731 notum

160 1760 240 1803 est,
267 1755 346 1797 hoc
370 1771 529 1798 numen
551 1772 627 1812 pro
649 1758 890 1800 Leucothea
913 1756 1166 1799 Graecorum
1193 1772 1364 1812 semper
1389 1758 1580 1800 habitum

160 1838 271 1867 esse.
333 1825 495 1867 Veram
524 1835 668 1868 autem
696 1827 821 1882 hujus
851 1827 961 1875 deae,
985 1841 1082 1881 quae
1113 1827 1167 1868 ad
1197 1826 1379 1881 priscam
1408 1826 1580 1869 Italiam

160 1899 341 1948 spectat,
377 1896 595 1937 notionem
633 1902 857 1937 assecutus
894 1910 989 1937 esse
1023 1896 1187 1945 videor,
1223 1896 1258 1937 si
1286 1896 1338 1936 ab
1376 1896 1580 1939 Lucretio

161 1964 359 2006 eamdem
389 1965 529 2020 prisco
558 1965 629 2007 illo
660 1981 790 2007 sensu
819 1967 872 2007 ab
901 1965 1230 2020 interpolatione
1258 1965 1417 2007 Graeca
1446 1966 1580 2008 libero

160 2033 394 2076 abhibitam
418 2035 570 2084 video;
603 2036 657 2077 de
677 2035 844 2077 Rerum
871 2035 1053 2085 Natura,
1072 2035 1179 2077 libro
1202 2050 1242 2077 v.
1260 2050 1370 2077 vers.
1389 2036 1490 2078 655.
1507 2037 1580 2078 ubi

160 2104 221 2145 ita
244 2104 360 2146 canit
382 2104 451 2146 ille
476 2111 619 2147 vates:

376 2214 568 2267 Tempore
587 2216 682 2253 item
703 2223 807 2254 certo
826 2229 972 2253 roseam
994 2215 1154 2253 Matuta
1175 2229 1244 2267 per
1263 2230 1345 2253 oras

373 2279 546 2318 AEtheris
565 2279 758 2318 Auroram
778 2280 917 2326 defert,
938 2287 978 2320 et
997 2279 1146 2318 lumina
1164 2279 1300 2331 pandit
1315 2295 1326 2325 ;

163 2381 337 2423 Matuta
361 2387 410 2422 ut
434 2386 496 2432 ἠὼς
523 2381 779 2424 Graecorum
808 2382 895 2423 diei
921 2383 1100 2438 primam
1130 2382 1272 2424 lucem
1300 2382 1513 2439 designat,
1537 2390 1581 2427 et

162 2450 271 2492 hanc
298 2465 442 2492 veram
469 2451 590 2493 verbi
622 2452 839 2493 notionem
866 2466 961 2493 esse
991 2457 1186 2507 cognatae
1213 2466 1341 2493 voces
1368 2457 1414 2493 et
1441 2468 1580 2509 gram-

162 2520 416 2562 maticorum
438 2520 682 2563 testimonia
705 2521 878 2563 docent.
926 2520 1098 2563 Nonius
1120 2520 1378 2563 Marcellus:
1410 2536 1579 2565 manum

164 2590 316 2632 dixere
343 2590 518 2640 clarum,
542 2592 658 2634 unde
685 2591 816 2633 etiam
842 2605 967 2633 mane
995 2597 1091 2646 post
1110 2591 1311 2632 tenebras
1333 2591 1419 2632 diei
1445 2592 1582 2646 prima

163 2674 289 2714 pars;
319 2659 420 2701 inde
450 2660 636 2710 Matuta,
659 2675 757 2716 quae
785 2660 956 2702 Graecis
987 2659 1264 2709 Leucothea;
1296 2665 1341 2700 et
1370 2659 1579 2702 Priscian.

163 2728 204 2769 ii.
223 2743 265 2784 p.
287 2729 389 2771 591.
407 2729 585 2771 Putsch.
623 2730 794 2772 Matuta
811 2730 1024 2786 significat
1041 2730 1270 2771 Auroram.
1310 2729 1579 2771 Matutinum
