1809 3220
208 189 295 231 242

604 187 655 228 P.
690 184 906 228 OVIDII
940 183 1224 227 NASONIS

211 306 280 353 At
304 312 358 353 tu
386 320 447 351 ne
472 303 601 350 viola
628 302 895 357 Cererem;
938 314 1239 362 semperque
1265 298 1474 346 colonus

278 381 492 429 Absenti
518 381 677 444 possit
701 379 891 426 solvere
916 385 1031 425 vota
1055 377 1163 424 tibi.

215 460 458 507 Dixerat:
499 475 529 505 a
552 458 733 505 dextra
756 456 886 503 villis
913 455 1129 502 mantele
1156 454 1349 509 solutis,

285 536 520 598 Cumque
547 534 668 582 meri
693 541 867 604 patera
891 531 1016 579 turis
1042 547 1214 579 acerra
1236 531 1345 578 fuit.

215 613 349 660 Tura
370 612 494 660 focis
519 613 794 674 vinumque
820 610 977 665 dedit,
998 610 1253 672 fibrasque
1282 609 1513 665 bidentis,

284 691 575 755 Turpiaque
601 690 867 743 obscaenae‚
895 688 1126 742 vidimus,
1153 695 1271 734 exta
1295 687 1451 735 canis.

1523 689 1620 734 936

215 768 345 815 Turn
363 768 499 823 mihi,
521 766 625 814 Cur
640 766 787 814 detur
805 765 959 812 sacris
981 781 1108 812 nova
1121 764 1340 820 victima,
1359 764 1577 829 quaeris?

285 845 623 900 Quaesieram:
665 859 869 891 causam
896 842 1118 906 percipe,
1149 842 1354 889 Flamen
1380 843 1465 890 ait.

222 922 316 970 Est
341 923 499 979 canis,
529 921 747 969 Icarium
773 921 965 976 dicunt,
994 936 1094 984 quo
1123 920 1285 968 sidere
1310 927 1446 968 moto

288 1000 443 1048 Tosta
469 1000 574 1047 sitit
598 999 766 1055 tellus,
794 999 1186 1062 praecipiturque
1212 1015 1376 1061 seges.

1531 1000 1629 1045 940

220 1078 321 1125 Pro
347 1094 473 1125 cane
500 1077 696 1125 sidereo
722 1077 860 1124 canis
887 1077 967 1124 hic
993 1076 1265 1140 imponitur
1291 1092 1414 1132 arae;

289 1154 371 1211 Et,
400 1171 555 1218 quare
581 1163 772 1218 pereat,
802 1155 869 1201 nil
894 1154 988 1201 nisi
1015 1170 1197 1201 nomen
1224 1155 1394 1201 habet.

223 1232 395 1287 QUUM
424 1232 643 1296 Phrygis
673 1231 902 1280 Assaraci
926 1231 1125 1279 Titania
1148 1230 1299 1278 fratre
1324 1231 1514 1286 relict0‚

294 1310 511 1357 Sustulit
536 1311 782 1357 immenso
807 1316 882 1358 ter
901 1310 1051 1372 jubar
1076 1309 1195 1356 orbe
1222 1325 1366 1356 suum
1391 1326 1401 1356 ε

222 1425 297 1455 377.
345 1424 444 1454 Fibroe
469 1422 596 1454 omnino
618 1430 702 1454 exta.
752 1424 893 1455 Obscowa

222 1473 311 1503 canis
340 1484 424 1504 nunc
455 1484 516 1504 non
546 1473 663 1504 dicitur
693 1474 732 1504 ab
758 1473 894 1508 ululatu,

226 1523 281 1564 qui
305 1522 380 1552 mali
402 1523 434 1553 in
455 1523 602 1564 auspiciis
623 1523 747 1558 ominis,
766 1526 895 1563 (quam-

227 1583 323 1613 quam
342 1572 454 1613 virgil.
478 1573 594 1614 Georg.
616 1572 639 1603 i.
661 1573 736 1603 470.
761 1572 805 1603 sic
827 1572 896 1614 capi

227 1623 348 1663 potest)
365 1622 418 1652 sed
436 1621 511 1663 quia
536 1621 623 1652 canis
640 1621 799 1652 veteribus
814 1632 897 1663 sym-

225 1671 333 1701 bolum
370 1671 587 1713 impudentiae.
636 1670 720 1702 Hinc
757 1678 789 1702 et
826 1677 899 1702 exta

225 1720 293 1761 ejus
317 1723 431 1760 turpia.
478 1720 582 1751 Etiam
609 1720 691 1750 Plin.
707 1719 742 1750 ii.
761 1722 792 1751 5.
840 1721 898 1750 Ob-

226 1781 322 1801 scoena
339 1771 499 1801 animalia.
546 1770 647 1806 Nova,
666 1769 828 1800 inusitata.

271 1821 348 1850 936.
384 1819 506 1855 Icarus,
539 1819 604 1850 sive
635 1819 767 1856 Icarius,
799 1819 899 1850 Athe-

228 1867 359 1904 niensis,
388 1868 536 1910 Erigone,
557 1868 625 1910 ejus
648 1868 724 1904 filia,
746 1874 778 1899 et
801 1869 902 1899 Maera

228 1917 318 1949 canis
343 1917 424 1948 inter
449 1917 552 1948 sidera
576 1918 668 1948 relati
696 1924 779 1954 sunt,
800 1917 845 1948 ita
868 1924 903 1949 ut

228 1966 339 1998 Icarus
354 1967 482 2002 Bootes,
498 1967 633 2008 Erigone
643 1967 742 2008 Virgo
755 1973 786 1998 et
798 1967 899 1997 Maera

231 2017 388 2048 Canicula
414 2016 479 2047 sive
503 2017 646 2058 Procyon
672 2024 774 2055 esset3
799 2017 899 2059 Hygi-

232 2076 302 2101 nus,
328 2065 392 2095 fab.
416 2066 508 2104 130.;
535 2066 625 2097 Poet.
644 2065 771 2096 Astron.
795 2066 828 2096 ii.
850 2068 901 2105 4.;

231 2114 380 2156 Apollod.
402 2114 466 2144 ΙΙΙ.
487 2115 551 2144 xiv.
575 2115 604 2145 7.
639 2116 714 2146 Jam
740 2121 821 2145 terra
845 2126 900 2146 au-

230 2164 346 2200 stralis,
369 2163 448 2194 Sirio
471 2164 623 2205 inprimis,
646 2165 737 2195 stella
759 2164 792 2195 in
813 2164 901 2196 Cane

234 2213 361 2255 majore,
378 2220 465 2249 moto,
486 2212 517 2243 id
539 2220 597 2249 est,
618 2219 696 2250 orto,
718 2219 796 2244 aestu
821 2214 901 2244 into-

233 2262 354 2293 lerabili
379 2263 552 2304 premitur;
576 2263 692 2304 Virgil.
719 2264 838 2305 Georg.
861 2264 903 2294 iv.

233 2313 311 2342 425.
327 2325 332 2342 :
360 2316 380 2329 “
395 2313 468 2343 Jam
486 2312 613 2353 rapidus
630 2319 749 2344 torrens
765 2313 904 2345 sitientes

234 2361 332 2392 Sirius
350 2362 445 2392 Indos
460 2362 634 2393 Ardebat.”
680 2363 721 2393 Et
736 2363 774 2393 ad
790 2363 902 2394 Sirium

236 2411 430 2452 placandum
452 2411 556 2452 plures
577 2412 684 2453 populi
706 2423 796 2443 sacra
812 2413 904 2444 facie-

235 2461 338 2498 bant;
365 2460 554 2502 Apollonius
582 2460 738 2497 Rhodius,
769 2461 801 2492 ii.
831 2463 906 2492 500.

238 2508 323 2541 Vide
345 2509 465 2551 Interp.
490 2510 530 2540 ad
551 2510 665 2551 Virgil.
681 2511 797 2553 Georg.
813 2511 834 2541 i.
852 2513 904 2543 14.

238 2558 302 2589 Sed
328 2557 416 2589 illam
439 2557 501 2588 vim
524 2558 659 2590 torrendi
685 2559 779 2590 etiam
810 2560 905 2591 Cani-

239 2606 333 2643 culae,
354 2607 419 2638 sive
442 2607 596 2649 Procyoni
619 2613 718 2650 poetae
741 2609 906 2648 tribuunt;

240 2655 403 2691 Horatius,
436 2656 499 2686 III.
529 2657 594 2688 Od.
624 2656 691 2688 xiii.
717 2658 771 2688 9.:
798 2663 818 2675 ‘¹
836 2658 907 2690 Fla-

238 2705 358 2745 gramis
381 2711 470 2737 atrox
496 2706 571 2737 hora
592 2705 798 2745 Caniculae;”
821 2709 907 2739 xxix.

244 2755 301 2785 18:
328 2759 347 2772 ‘¹
363 2756 437 2787 Jam
459 2757 601 2798 Procyon
624 2756 731 2787 furit.''
777 2758 906 2797 Praecipi

963 1422 1078 1453 dicitur
1102 1432 1191 1464 seges,
1214 1420 1342 1462 quando
1367 1426 1439 1452 ante
1470 1421 1634 1452 maturita—

964 1477 1027 1502 tem
1053 1471 1185 1501 arescit:
1212 1480 1308 1511 quam
1333 1470 1498 1501 formulam
1519 1470 1632 1502 Heius.

965 1520 1152 1552 Columellae
1178 1520 1330 1561 exemplis
1350 1520 1535 1559 confirma23
1559 1520 1634 1552 Cal-

964 1570 1107 1612 purnius,
1122 1569 1233 1610 Eclog.
1251 1569 1293 1600 iv.
1312 1570 1386 1600 115.
1409 1570 1453 1600 sic
1475 1570 1637 1611 proefocuri

966 1619 1065 1650 dixit:
1106 1623 1126 1636 ‘¹
1154 1629 1210 1649 nec
1252 1619 1424 1659 praefocata
1461 1619 1634 1660 malignum

967 1668 1085 1698 Messis
1112 1667 1206 1698 habet
1228 1667 1372 1698 lolium.‘'
1408 1667 1492 1699 Vide
1507 1669 1635 1699 Werns-

968 1717 1099 1748 dorfium
1131 1717 1170 1748 ad
1201 1717 1302 1748 Gratii
1327 1717 1449 1759 Cyneg.
1471 1728 1537 1750 ver.
1561 1719 1637 1749 388.

968 1768 1086 1809 Fruges
1107 1778 1124 1798 a
1147 1767 1303 1799 Canicula
1327 1767 1449 1798 affectae
1471 1769 1557 1810 φυτὰ
1579 1767 1637 1799 ἀσ-

969 1817 1158 1859 τροβόλητα
1184 1817 1383 1853 dicebantur,
1415 1817 1540 1849 affeetio
1569 1819 1638 1861 ipsa

970 1866 1174 1909 ἀστροβολία
1190 1874 1222 1898 et
1236 1869 1390 1899 sideratio.

1013 1918 1199 1948 943-954.
1223 1917 1284 1948 IV.
1302 1917 1436 1948 Kalend.
1452 1917 1554 1949 Maias
1573 1917 1638 1950 sive

968 1967 1017 1997 die
1041 1966 1150 1998 xxviii.
1167 1967 1295 2006 Aprilis,
1313 1967 1451 1997 Floralia
1471 1969 1639 2007 incipiunt,

969 2023 997 2046 et
1020 2016 1103 2047 Vesta
1117 2018 1150 2046 in
1162 2017 1316 2056 palatium
1333 2017 1483 2047 translata
1503 2023 1555 2048 est.
1585 2018 1637 2049 De

972 2066 1156 2101 Floralibus,
1182 2066 1266 2096 Plin.
1285 2065 1371 2096 xviii.
1387 2067 1441 2097 29.
1456 2079 1461 2096 :
1487 2071 1507 2084 “
1524 2067 1638 2109 Itaque

969 2114 1066 2144 iidem
1097 2115 1232 2145 Floralia
1259 2115 1301 2145 iv.
1330 2115 1468 2146 Kalend.
1497 2116 1639 2158 ejusdem

971 2162 1052 2194 Maii
1075 2163 1291 2200 instituerunt,
1306 2164 1392 2195 urbis
1412 2175 1493 2195 anno
1515 2167 1590 2197 516.
1601 2177 1639 2198 ex

971 2214 1107 2244 oraculis
1131 2214 1271 2255 Sibyllae,
1296 2220 1332 2245 ut
1355 2214 1461 2245 omnia
1484 2215 1565 2247 bene
1586 2216 1641 2248 de-

971 2264 1168 2296 florescent.''
1214 2265 1372 2296 Numeros
1391 2264 1464 2295 anni
1480 2272 1641 2308 corruptos

972 2323 1051 2349 esse,
1086 2313 1221 2355 Neapol.
1251 2319 1284 2344 et
1321 2314 1504 2345 Harduinus
1540 2315 1640 2347 docu-

972 2370 1083 2401 erunt3
1108 2362 1252 2393 Velleius
1273 2363 1371 2399 enirn,
1395 2364 1424 2394 Ι.
1446 2364 1508 2395 xiv.
1530 2366 1561 2395 8.
1586 2366 1641 2397 ubi

974 2411 1123 2447 narravit,
1133 2412 1294 2454 Torquato
1306 2413 1552 2455 Sempronioque
1563 2424 1643 2447 coss.

973 2462 1100 2492 colonos
1110 2463 1219 2492 missos
1230 2472 1297 2493 esse
1307 2463 1521 2498 Brundisium,
1530 2470 1561 2494 et
1571 2470 1643 2506 post

974 2511 1144 2541 triennium
1174 2512 1362 2553 Spoletium,
1392 2512 1504 2544 addit:
1537 2518 1560 2531 ‘⁸
1579 2524 1642 2556 quo

975 2570 1056 2591 anno
1082 2560 1251 2591 Floralium
1282 2560 1428 2592 ludorum
1452 2561 1570 2593 factum
1594 2568 1643 2594 est

973 2608 1131 2640 initium.’'

976 2659 1052 2689 513.

1177 2609 1215 2640 Id
1235 2620 1309 2652 ergo
1332 2610 1444 2641 incidit
1466 2610 1498 2641 in
1523 2621 1642 2642 annum

1024 2708 1304 2749 Quum—relicta]
1342 2708 1492 2740 Similiter
1529 2708 1593 2740 fere
1621 2709 1643 2741 i.

976 2757 1060 2788 461:
1093 2763 1113 2775 ‘¹
1131 2758 1279 2788 Proxima
1307 2758 1474 2800 prospiciet
1503 2758 1642 2790 Tithono
