1809 3220
216 185 302 227 398
753 184 1102 228 EXCURSUS

277 302 506 344 Pertinent
527 317 652 357 porro
674 303 726 344 ad
751 302 829 345 hoc
852 318 990 359 genus
1018 303 1201 350 Canens,
1224 302 1402 359 Eyeria,
1425 301 1637 349 Camenae,

221 372 471 420 Carmenta,
488 372 699 413 Porrima
720 379 761 413 et
778 373 1018 414 Postverta
1036 371 1187 426 (Ovid.
1211 371 1238 412 i.
1260 371 1382 421 635.)
1406 370 1460 412 de
1483 369 1639 425 quibus

215 442 268 483 ad
293 441 497 483 Ovidium
520 442 678 496 passim
700 442 916 497 agendum
940 448 1019 484 est.
1065 441 1208 484 Etiam
1229 441 1396 483 Martis
1417 439 1636 482 oraculum

214 511 329 566 apud
355 510 618 566 Aborigines
649 511 778 552 habet
803 511 983 567 Dionys.
1010 511 1036 552 i.
1061 511 1146 559 14;
1180 510 1252 551 ubi
1278 510 1400 565 picus
1427 509 1637 551 columnae

212 580 371 635 ligneae
393 580 583 622 insidens
605 581 783 622 deorum
801 581 1068 621 voluntatem
1091 580 1286 634 exponit.
1329 580 1445 622 Juno
1466 578 1640 620 oracula.

214 650 349 691 edens
382 650 476 705 plus
504 650 638 692 semel
665 650 851 692 occurrit
874 666 913 692 v,
939 666 975 692 c.
1001 650 1040 691 in
1074 650 1171 691 luco
1195 649 1431 705 Exquilino
1457 649 1536 690 sub
1563 663 1638 690 no-

213 720 328 761 mine
359 720 537 762 Lucinae
566 720 707 774 (Fast.
735 721 777 762 ii.
806 720 928 769 440.)
993 720 1065 761 Ab
1095 720 1247 760 eadem
1280 719 1426 760 futura
1456 732 1636 774 praemo-

213 790 346 832 nendi
363 790 587 839 facultate,
606 797 650 832 et
672 790 843 832 monitis
866 790 959 845 ejus
982 790 1023 830 in
1049 788 1298 844 reipublicae
1321 787 1637 830 calamitatibus

215 859 354 901 audiri
384 860 573 907 creditis,
599 865 750 915 postea
778 860 974 902 Monetae
1003 873 1158 900 nomen
1188 858 1370 913 accepit.
1432 857 1637 913 Inprimis

212 928 253 969 in
283 928 457 970 historia
479 929 734 970 Sabinarum
762 935 980 984 raptarum
1010 928 1170 969 mentio
1195 927 1243 969 fit
1263 928 1408 976 Consi,
1431 926 1636 968 daemonis

214 1005 419 1040 caeterum
443 999 594 1054 ignoti,
614 1001 688 1055 qui
711 999 899 1042 Romulo
921 999 1143 1040 consilium
1166 999 1220 1040 de
1243 999 1375 1053 raptis
1398 997 1636 1053 virginibus

213 1067 526 1122 suppeditavit,
555 1075 721 1122 (Κῶνσος,
748 1072 907 1117 βουλαῒος
939 1068 1178 1117 Plutarch.)
1205 1068 1247 1109 in
1278 1068 1401 1123 cujus
1429 1066 1635 1108 honorem

215 1136 448 1179 Consualia
491 1138 710 1180 celebrata
756 1145 869 1187 sunt,
912 1140 1074 1194 quique
1121 1139 1233 1180 baud
1288 1138 1418 1180 dubie
1471 1136 1638 1179 consilii

212 1221 373 1262 praeses
409 1208 504 1257 fuit,
539 1215 587 1250 ut
621 1224 775 1251 nomen
813 1209 951 1265 ipsum
988 1210 1155 1265 prodit;
1197 1209 1311 1251 conf.
1349 1209 1467 1250 Plut.
1503 1207 1633 1249 Rom.

211 1276 304 1317 xiii.
335 1277 389 1327 3;
429 1278 611 1334 Dionys.
644 1279 687 1320 ii.
717 1279 789 1320 32.
855 1280 902 1321 Si
938 1281 1142 1336 deniqne,
1176 1280 1291 1336 quod
1326 1280 1399 1321 vix
1431 1278 1556 1320 aliter
1587 1291 1634 1319 se

212 1344 371 1388 habere
403 1355 558 1402 potest,
583 1349 786 1390 Illinerva
815 1350 867 1390 ad
892 1357 1049 1391 terram
1076 1349 1275 1391 Latinam
1304 1349 1508 1404 pertinet,
1531 1362 1634 1389 mox

214 1430 309 1456 cum
344 1417 523 1458 Pallade
555 1417 714 1459 Graeca
747 1425 1022 1468 commutata,
1054 1419 1147 1460 haec
1183 1419 1312 1460 etiam
1346 1419 1401 1460 ad
1436 1432 1502 1466 ea,
1534 1432 1633 1473 quae

214 1485 390 1527 consilio
420 1492 465 1527 et
491 1487 701 1542 sapientia
727 1502 804 1529 sua
830 1487 1023 1529 homines
1049 1503 1225 1530 monere
1247 1494 1292 1529 et
1314 1487 1521 1543 adjuvare
1544 1501 1634 1529 cre-

213 1555 429 1597 debantur
454 1557 643 1605 numina,
666 1557 883 1611 pertinere
907 1557 1052 1598 debet.
1107 1557 1366 1599 Menervare
1388 1558 1500 1599 enim
1524 1556 1633 1598 anti-

213 1625 287 1679 qui
312 1625 513 1666 dicebant
538 1640 614 1680 pro
641 1640 815 1667 monere
843 1627 1340 1682 (Festpro‘menervat)
1363 1633 1408 1668 et
1430 1626 1634 1668 Minerva

212 1693 344 1748 igitur
386 1695 583 1736 eamdem
625 1696 857 1744 notionem,
897 1710 1023 1750 quam
1061 1712 1100 1737 v.
1139 1711 1176 1737 c.
1212 1696 1405 1745 Moneta,
1444 1696 1633 1738 offerret.

213 1762 356 1805 Recte
388 1763 519 1818 igitur
549 1765 591 1805 in
625 1764 732 1806 hanc
766 1767 1022 1807 sententiam
1056 1767 1238 1808 Festus:
1272 1767 1488 1814 Illinerva‚
1518 1765 1634 1823 quod

210 1833 308 1875 bene
342 1841 536 1882 moneam
567 1835 676 1877 lcanc
711 1836 819 1878 enim
840 1837 1009 1893 payani
1034 1851 1122 1892 pro
1153 1837 1370 1892 sapientia
1393 1836 1630 1892 ponebant.

212 1902 402 1945 Unicum
435 1904 513 1946 hoc
545 1906 656 1946 forte
691 1906 918 1961 vestigium
952 1906 1006 1947 de
1040 1920 1106 1955 eo,
1137 1907 1252 1960 quod
1287 1906 1486 1947 Minerva
1517 1906 1632 1961 apud

211 1973 374 2028 priscos
397 1973 532 2015 Italos
559 1975 639 2016 sibi
663 1975 871 2024 voluerit;
905 1975 984 2016 nisi
1009 1975 1104 2030 quis
1136 1975 1214 2017 hoc
1243 1990 1400 2016 nomen
1429 1975 1631 2017 Latinum

211 2043 385 2084 demum
428 2044 483 2085 ad
524 2045 851 2100 exprimendam
890 2045 1070 2087 Pallada
1107 2045 1362 2087 Graecorum
1401 2046 1630 2087 formatum

213 2126 309 2153 esse
331 2113 465 2154 malit.

273 2181 496 2231 Romanis,
521 2183 589 2224 vel
611 2183 753 2238 potius
779 2183 1011 2226 Hetruscis
1038 2185 1167 2226 etiam
1193 2184 1430 2226 domestica
1456 2190 1523 2225 est
1547 2183 1630 2226 La-

211 2251 336 2300 rium,
364 2251 433 2293 vel
462 2252 745 2307 publicorum,
774 2254 842 2295 vel
872 2255 1133 2310 privatorum
1162 2254 1326 2310 religio.
1390 2255 1485 2297 Lar
1514 2255 1629 2310 apud

216 2319 459 2363 Hetruscos
506 2323 530 2363 i.
568 2338 609 2378 q.
644 2323 849 2374 dominus,
884 2326 1104 2381 princeps,
1144 2330 1233 2365 tum
1276 2324 1376 2366 viris
1417 2323 1631 2366 nobilibus

213 2389 383 2432 honoris
405 2405 533 2432 causa
555 2393 819 2447 praeponitur
840 2393 946 2445 (Lar
965 2394 1233 2441 Herminius,
1256 2394 1341 2435 Lar
1361 2393 1629 2441 Tolumnius,

213 2459 299 2502 Lar
331 2460 568 2511 Porsenna,
607 2462 700 2504 Liv.
734 2464 793 2505 iii.
825 2465 908 2513 65;
941 2465 998 2506 iv.
1027 2465 1109 2514 17;
1142 2464 1183 2505 ii.
1216 2464 1306 2515 19.)
1337 2469 1424 2505 tum
1457 2463 1537 2504 diis
1569 2463 1632 2504 in-

210 2529 440 2571 ferioribus
477 2537 522 2572 et
554 2532 800 2574 domesticis
835 2534 1049 2583 tribuitur,
1082 2540 1126 2575 et
1160 2548 1333 2589 prorsus
1366 2533 1630 2588 respondere

211 2600 383 2641 videtur
411 2606 459 2649 τῷ
481 2602 559 2651 ἥρως
587 2602 823 2655 priscorum
857 2602 1127 2652 Graecorum,
1157 2603 1271 2659 quod
1303 2608 1432 2644 aetate
1462 2601 1628 2644 Home-

210 2670 313 2719 rica,
336 2675 538 2724 tanquam
566 2670 787 2726 epitheton
816 2671 1108 2722 honorificum,
1133 2673 1231 2714 viris
1257 2672 1381 2714 claris
1410 2671 1627 2720 veniebat,

213 2745 362 2793 postea
387 2739 440 2780 de
468 2739 707 2781 hominibus
735 2741 879 2783 divino
907 2741 1065 2783 honore
1089 2742 1225 2783 auctis
1247 2742 1495 2783 dicebatur:
1530 2741 1627 2782 vide
