1809 3220
172 198 259 240 100

562 198 612 240 Ρ.
646 197 866 240 OVIDII
901 197 1188 240 NASONIS

179 314 233 363 Si
259 321 314 362 tu
341 314 598 379 signasses
623 315 742 363 olim
769 314 1082 380 Thyreatida
1106 323 1308 373 terram,

246 393 475 458 Corpora
499 410 599 441 non
625 395 728 442 leto
754 394 909 442 missa
934 402 1161 443 trecenta
1186 395 1380 450 forent;

178 470 289 520 Nec
310 471 437 520 foret
455 471 748 537 Othryades
765 472 1022 536 congestis
1042 473 1206 520 lectus
1228 473 1279 519 in
1302 472 1470 520 armis,
1496 475 1598 521 665

247 548 292 596 Ο
322 557 569 613 quantum
597 550 771 614 patriae
799 551 1059 614 sanguinis
1086 551 1170 598 ille
1196 550 1365 598 dedit!

176 625 328 684 Quid,
347 644 477 676 nova
493 644 651 692 quum
667 628 848 676 fierent
861 629 1146 693 Capitolia?
1168 645 1352 693 nempe
1371 628 1599 678 Deorum

246 705 448 755 Cuncta
469 706 499 754 J
504 708 583 755 ovi
609 707 764 755 cessit
788 708 954 764 turba,
983 709 1257 771 locumque
1282 707 1442 755 dedit.

175 782 460 842 Terminus,
479 793 536 833 ut
551 793 747 834 veteres
774 793 1073 842 memorant,
1102 793 1384 834 conventus
1411 785 1462 833 in
1489 786 1598 834 aede

244 861 485 919 Restitit;
516 872 567 911 et
592 880 777 927 magno
804 880 920 911 cum
947 863 1072 912 Jove
1099 864 1291 929 templa
1316 871 1475 912 tenet.
1497 866 1597 912 670

175 938 326 988 Nunc
348 958 570 1006 quoque,
596 959 650 990 se
676 959 829 1007 supra
854 959 916 991 ne
939 943 1063 1007 quid
1090 943 1186 990 nisi
1214 942 1380 990 sidera
1404 949 1594 999 cernat,

245 1017 505 1082 Exiguum
531 1021 708 1084 templi
738 1028 874 1068 tecta
899 1020 1123 1068 foramen
1150 1021 1356 1068 habent.

173 1097 426 1154 Termine,
454 1106 570 1162 post
596 1098 720 1146 illud
748 1099 925 1147 levitas
953 1099 1043 1145 tibi
1071 1097 1229 1146 libera
1255 1115 1354 1146 non
1381 1105 1491 1147 est:

241 1174 356 1230 Qua
382 1175 579 1239 positus
605 1175 759 1224 fueris
786 1177 836 1224 in
864 1177 1099 1233 statione,
1128 1193 1294 1225 mane.

214 1344 290 1375 663.
316 1344 420 1375 Docte
451 1355 516 1375 reni
544 1346 690 1387 exemplo
716 1345 847 1388 antiquo

171 1393 321 1424 illustrat.
371 1394 572 1435 Thyreaticus
591 1405 666 1437 ager
689 1395 768 1426 inter
786 1397 847 1427 Ar·

168 1443 276 1485 givum
301 1450 332 1475 et
357 1443 548 1476 Laconicum
573 1444 613 1476 ad
639 1455 724 1476 mare
750 1446 846 1488 perti·

169 1502 260 1524 nens.
297 1492 477 1535 'shucydid.
497 1495 529 1525 ii.
552 1495 605 1525 27.
652 1494 754 1525 Vicus
778 1494 848 1525 aliis

173 1542 305 1584 Thyrea,
323 1543 394 1574 aliis
421 1544 547 1585 Thyraea
573 1543 729 1575 scribitur.
763 1544 847 1575 Vide

169 1592 250 1624 Intt.
277 1593 318 1624 ad
344 1593 528 1635 Thucydid.
555 1595 598 1624 iv.
625 1594 678 1625 56.
726 1594 845 1625 lncolae

171 1643 342 1685 Thyreatoe,
359 1650 506 1675 monente
522 1643 686 1686 Stephano
710 1644 750 1675 de
767 1645 846 1676 L'rb.

168 1704 187 1725 a
202 1704 266 1736 quo
284 1700 316 1725 et
339 1693 446 1725 semin.
467 1695 627 1736 Thyreatis
643 1702 846 1726 memoratur.

166 1744 373 1786 Thucydides
398 1744 493 1776 modo
517 1745 704 1786 Thyreatida
730 1751 844 1776 terram

166 1799 271 1830 vocat,
290 1793 384 1825 modo
407 1794 595 1835 Cynuriam,
618 1794 695 1836 quia
718 1794 845 1836 Thyrea

164 1855 238 1887 pars
253 1844 415 1887 Cynuriae.
453 1845 666 1877 Contentione
688 1845 728 1876 de
750 1845 845 1887 liujus

164 1893 233 1935 agri
256 1894 372 1925 finibus
397 1894 572 1937 aliquando
601 1895 682 1926 inter
707 1894 843 1936 Argivos

163 1951 195 1976 et
211 1944 472 1976 Lacedaemonios
487 1952 567 1981 orta,
582 1956 621 1976 ex
638 1952 772 1987 utroque
789 1956 843 1988 po·

165 1993 242 2036 pulo
269 1996 383 2025 treceni
403 1995 541 2036 juvenes
568 1995 644 2026 lecti
673 2002 759 2031 sunt,
787 1996 842 2037 qui

165 2043 260 2075 armis
283 2043 323 2074 de
347 2054 387 2075 ea
409 2055 442 2075 re
468 2044 690 2076 decernerent.
736 2046 784 2076 Ex
805 2055 843 2077 eo

165 2093 274 2137 praelio
304 2093 368 2125 duo
391 2093 504 2136 Argivi
530 2095 716 2137 superstites
739 2095 840 2131 fuere,

163 2142 306 2174 Alcenor
320 2148 354 2174 et
369 2142 549 2180 Chromius,
567 2150 662 2186 atque
683 2155 764 2176 unus
780 2145 841 2176 La-

165 2192 392 2229 cedaemonius,
432 2192 614 2235 Othryades.
660 2194 713 2225 Illi
740 2194 842 2236 Argos

165 2241 344 2279 avolarunt,
373 2242 535 2274 victoriam
566 2242 767 2282 nuntiaturi3
790 2244 841 2276 hic

164 2292 292 2328 mansit,
321 2291 534 2335 spoliavitque
564 2293 695 2325 occisos.
742 2294 840 2331 Hinc,

163 2352 263 2384 quum
278 2341 411 2373 victoria
433 2343 583 2385 ambigua
603 2350 698 2381 esset,
722 2355 838 2375 novum

161 2390 306 2433 praelium
322 2392 524 2424 commissum
549 2399 609 2429 est,
625 2394 658 2424 in
673 2404 736 2436 quo
753 2394 838 2426 vice-

161 2446 236 2472 runt
257 2441 505 2473 Lacedaemonii.
554 2443 726 2484 Othryades
749 2449 837 2475 ante-

161 2501 260 2533 quam
281 2490 420 2522 animam
442 2491 619 2529 exhalaret,
636 2499 753 2534 tropaeo
769 2494 836 2534 cly-

159 2539 211 2583 pei
242 2540 366 2571 hostilis
394 2540 565 2584 inscripsit,
591 2541 698 2583 digitis
727 2552 836 2573 cruore

160 2589 288 2621 oblitis:
331 2591 428 2622 Κατὰ
461 2589 623 2634 Ἀργείων
652 2590 836 2634 Ὀθρυάδης

160 2640 216 2671 καὶ
241 2639 502 2682 Λακεδαιμόνιοι.
537 2641 691 2672 Herodot.
721 2641 745 2672 i.
771 2643 833 2681 823

156 2689 260 2722 Thuc.
280 2701 311 2721 v.
334 2690 398 2729 41;
421 2691 601 2722 Pausanias
629 2690 774 2723 Corinth.
799 2703 832 2734 p.

158 2740 234 2772 201.
271 2740 402 2784 Signare
417 2741 565 2773 similiter
580 2742 644 2774 fere
661 2742 796 2773 Metam.
812 2742 833 2773 i.

922 1347 994 1377 136.
1018 1351 1038 1364 ‘⁴
1058 1346 1180 1377 Cautus
1196 1346 1326 1378 humum
1343 1346 1437 1388 longo
1456 1345 1596 1387 signavit

917 1395 1017 1428 limite
1034 1397 1191 1428 mensor.’'

962 1447 1039 1477 667.
1057 1448 1094 1477 L.
1104 1446 1298 1488 Tarquinius
1313 1445 1456 1482 Priscus,
1471 1451 1506 1477 ut
1521 1451 1596 1478 vota

917 1497 1062 1533 solveret,
1075 1507 1146 1538 quae
1165 1497 1196 1527 in
1213 1502 1370 1539 postremo
1383 1507 1454 1528 cum
1469 1495 1596 1528 Sabinis

918 1547 1025 1588 praelio
1049 1552 1301 1589 nuncupaverat,
1330 1546 1482 1588 templum
1508 1545 1595 1583 Jovi,

917 1596 1038 1628 Junoni
1062 1603 1095 1627 et
1118 1596 1275 1627 Minervae
1302 1601 1462 1627 exstruere
1483 1595 1594 1634 voluit,

915 1646 1012 1689 idque
1037 1647 1069 1678 in
1091 1652 1197 1677 monte
1216 1645 1363 1688 Tarpeio,
1380 1645 1490 1676 multis
1505 1645 1593 1677 Deo-

915 1707 984 1728 rum
1014 1696 1076 1726 aris
1101 1701 1133 1727 et
1163 1695 1290 1727 sacellis
1317 1701 1487 1737 occupato.
1548 1695 1594 1727 Ut

914 1746 1014 1777 libera
1039 1757 1057 1776 a
1081 1745 1205 1777 caeteris
1226 1744 1433 1787 religionibus
1453 1755 1529 1776 area
1543 1755 1592 1777 es-

913 1803 973 1832 set,
1000 1795 1227 1837 exauguranda
1265 1795 1340 1826 fana
1374 1800 1476 1827 erant.
1530 1795 1593 1827 Sed

915 1857 1012 1888 quum
1036 1845 1177 1877 omnium
1194 1844 1459 1887 exaugurationes
1475 1844 1592 1876 admit-

910 1902 1014 1928 terent
1039 1906 1124 1932 aves,
1140 1895 1172 1926 in
1198 1895 1335 1926 Termini
1358 1901 1390 1926 et
1405 1895 1594 1927 Juventutis

912 1946 993 1977 sanis
1010 1956 1071 1977 non
1094 1945 1298 1977 addixerunt.
1346 1944 1389 1976 Hi
1409 1945 1469 1976 soli
1491 1945 1589 1978 nullis

911 2006 1067 2038 augurum
1083 1995 1230 2037 precibus
1245 1994 1331 2026 flecti
1351 2001 1532 2037 potuerunt,
1554 2001 1591 2027 ut

910 2045 980 2077 loco
1014 2045 1178 2077 cederent.
1234 2044 1351 2087 Itaque
1389 2055 1497 2076 eorum
1526 2055 1588 2076 arae

911 2095 1022 2138 templi
1039 2094 1162 2126 ambitu
1177 2094 1413 2137 comprehensae
1436 2101 1531 2134 sunt;
1554 2101 1591 2127 ut

912 2146 1012 2177 altera
1028 2146 1090 2176 sita
1102 2152 1185 2177 esset
1199 2145 1232 2176 in
1248 2145 1405 2176 Minervae
1418 2145 1588 2183 vestibulo,

910 2195 1012 2227 altera
1038 2194 1069 2227 in
1093 2195 1161 2238 ipso
1182 2195 1312 2238 templo.
1349 2195 1435 2227 Vide
1463 2195 1589 2239 Diony-

909 2245 1003 2280 sium.
1019 2245 1139 2284 iii.69;
1163 2245 1233 2277 Liv.
1247 2245 1268 2276 i.
1279 2247 1342 2284 55;
1366 2245 1586 2284 Lactantium,

910 2295 949 2327 de
974 2295 1060 2327 Fals.
1083 2296 1158 2327 Rel.
1180 2296 1210 2327 Ι.
1226 2307 1280 2327 xx.
1297 2296 1352 2326 38.
1402 2295 1587 2333 Conventus,

910 2356 1009 2386 quum
1033 2345 1073 2376 ad
1097 2356 1171 2376 eum
1195 2344 1418 2376 convenissent
1441 2354 1589 2387 augures.

908 2394 959 2426 De
989 2395 1095 2437 lapide
1125 2395 1194 2438 ejus
1229 2394 1261 2425 in
1289 2393 1379 2426 Jovis
1411 2394 1586 2437 Capitolini

908 2445 1039 2487 templo,
1077 2445 1205 2476 Servius
1243 2443 1283 2475 ad
1319 2445 1397 2475 AEn.
1423 2443 1467 2476 ix.
1495 2446 1582 2477 448:

907 2498 927 2511 ‘⁴
946 2494 1040 2526 Unde
1078 2495 1111 2526 in
1142 2494 1302 2537 Capitolio
1337 2505 1476 2537 superna
1511 2505 1585 2537 pars

906 2545 982 2577 tecti
1006 2551 1106 2588 patet,
1122 2555 1193 2587 quae
1218 2544 1358 2587 lapidem
1381 2545 1485 2587 ipsum
1507 2545 1584 2576 Ter-

906 2594 983 2626 mini
1009 2600 1151 2636 spectat:
1178 2605 1250 2625 nam
1264 2593 1414 2625 Termino
1435 2604 1497 2625 non
1521 2593 1582 2626 nisi

904 2644 963 2675 sub
979 2643 1053 2675 divo
1068 2643 1344 2675 sacrificabatur.”
1371 2642 1489 2674 Confer
1498 2643 1581 2676 Lac-

903 2693 1052 2731 tantium,
1068 2694 1096 2726 I.
1112 2705 1165 2725 xx.
1181 2695 1234 2726 40.

947 2744 1022 2776 673.
1040 2744 1112 2775 Post
1127 2744 1222 2780 illud,
1239 2749 1310 2786 post
1324 2742 1412 2775 illam
1429 2747 1580 2774 constan·
