1809 3220
206 172 294 215 430

542 173 634 215 ΑΙ)
667 172 905 215 LIVIAM
939 172 1302 217 AUGUSTAM

209 291 287 340 Tu
315 292 475 340 letum
500 291 705 355 optasti,
735 290 827 338 Dis
855 291 1204 339 aversantibus
1229 308 1396 350 omen,

278 370 379 417 Par
404 369 525 426 tibi;
568 368 609 416 si
637 369 861 417 sinerent
885 376 936 417 te
961 377 1050 417 tua
1074 369 1178 418 fata
1203 371 1347 418 mori.

212 449 316 497 Sed
343 449 431 496 tibi
459 449 674 497 debetur
699 448 914 496 coelum:

956 456 1024 504 te,
1052 447 1263 497 fulmine
1290 449 1505 514 pollens,

278 527 515 592 Accipiet
540 526 712 592 cupidi
739 527 878 591 regia
903 544 1090 591 magna
1114 527 1273 576 Jovis.

211 606 361 664 Quod
387 606 549 671 petiit,
569 606 688 654 tulit
711 606 795 654 ille
814 624 824 663 ;
866 605 957 653 tibi
979 614 1040 653 ut
1065 622 1158 654 sua
1181 605 1317 655 facta
1340 607 1632 672 placerent:

280 685 578 749 Magnaque
604 685 840 732 laudatus
868 686 1075 749 praemia
1100 686 1274 734 mortis
1300 686 1471 734 habet.
1534 688 1634 733 216

210 764 541 828 Armataeque
569 781 746 827 rogum
772 764 1035 813 celebrant
1060 765 1124 813 de
1151 782 1288 813 more
1313 765 1565 822 cohortes,

280 843 349 891 Et
374 843 532 908 pedes
559 843 833 907 exsequias
859 843 1029 891 reddit
1052 860 1318 908 equesque
1343 843 1478 892 duci.

210 922 284 970 Te
302 923 524 971 clamore
543 930 727 970 vocant
747 921 1035 987 iterumque
1060 922 1347 987 iterumque
1367 939 1630 988 supremo;

279 1001 348 1048 At
372 1017 470 1048 vox
497 1000 721 1048 adversis
747 1000 961 1048 collibus
988 1001 1091 1048 icta
1115 1002 1262 1050 redit.

1535 1005 1636 1049 220

213 1080 333 1145 Ipse
360 1088 504 1144 pater
529 1079 671 1127 flavis
698 1079 967 1127 Tiberinus
994 1080 1240 1129 inhorruit
1266 1079 1442 1129 undis:

282 1159 500 1207 Sustulit
525 1166 576 1207 et
601 1159 769 1207 medio
794 1159 998 1207 nubilus
1025 1176 1173 1208 amne
1199 1166 1371 1224 caput.

210 1238 340 1286 Tum
367 1238 523 1287 salice
549 1239 848 1303 implexum,
871 1256 1154 1304 muscoque
1182 1246 1234 1287 et
1258 1238 1522 1297 arundine,
1541 1238 1635 1287 cri-

280 1318 514 1366 Caeruleo
539 1334 724 1381 magna
749 1318 875 1382 legit
900 1320 962 1367 ab
989 1336 1074 1368 ore
1100 1335 1281 1377 manu3

1495 1319 1636 1381 [nem

211 1396 571 1461 Uberibusque
591 1396 752 1444 oculis
773 1397 1092 1445 lacrimarum
1111 1397 1323 1444 flumina
1341 1396 1509 1445 misit:
1535 1400 1634 1445 225

279 1476 379 1524 Vix
405 1477 544 1541 capit
569 1477 796 1540 adjectas
823 1477 995 1525 alveus
1022 1478 1154 1525 altus
1182 1493 1371 1541 aquas3

210 1555 431 1620 Jamque
458 1556 564 1620 rogi
591 1556 821 1604 flammas
848 1558 1148 1620 extinguere
1174 1555 1398 1603 fluminis
1424 1556 1544 1613 ictu,

280 1635 480 1700 Corpus
507 1642 558 1683 et
581 1635 828 1683 intactum
854 1636 1048 1691 tollere,
1077 1642 1248 1682 certus
1273 1641 1397 1682 erat.

212 1713 547 1763 sustentabat
568 1731 744 1779 aquas,
770 1731 1055 1779 cursusque
1080 1713 1346 1761 inhibebat
1365 1729 1631 1778 equorum,

281 1793 353 1841 Ut
379 1801 553 1859 posset
579 1802 684 1842 toto
711 1794 943 1859 proluere
970 1810 1117 1842 amne
1143 1809 1338 1856 rogum.

209 2008 282 2029 suos
311 1997 455 2028 Caesares
483 1996 635 2032 facerent,
665 1994 789 2037 sibique
818 2002 883 2027 tam

209 2047 375 2079 honestum
400 2046 594 2088 quandoque
617 2045 739 2077 exitum
760 2045 884 2082 darent,

210 2108 307 2140 quam
324 2096 383 2138 ipsi
400 2095 596 2127 dedissent.'’
625 2095 885 2127 Sueton.Claud.

208 2159 237 2179 e.
259 2149 285 2178 1.
321 2148 436 2188 Neque
453 2152 621 2177 contentus
636 2145 886 2188 (additscriptor

210 2199 306 2234 idem,
324 2198 392 2228 loco
408 2197 481 2235 cit.)
501 2196 639 2237 elogium
659 2196 728 2238 ejus
748 2196 883 2232 tumulo,

211 2249 353 2280 versibus
373 2258 391 2278 a
410 2258 442 2279 se
465 2246 647 2289 compositis
669 2246 884 2288 insculpsisse,

209 2300 305 2331 etiam
327 2299 399 2329 vitae
422 2297 603 2329 memoriam
625 2308 718 2340 prosa
743 2297 884 2328 oratione

211 2349 423 2393 composuit.'’

256 2402 335 2432 215.
363 2400 451 2434 Quod
472 2400 571 2438 petiit,
589 2399 662 2429 tulit
685 2398 765 2439 illa]
796 2397 886 2428 Nihil

212 2451 299 2483 aliud
311 2450 371 2482 sibi
387 2451 509 2481 Drusus
523 2450 554 2480 in
570 2449 694 2491 agendo
712 2448 885 2491 proposuit,

212 2512 307 2545 quam
332 2507 365 2531 ut
388 2511 445 2531 sua
467 2499 522 2529 tibi
548 2500 632 2530 sacta
656 2500 884 2541 probarentur;

211 2563 286 2594 ergo
310 2552 381 2583 vitae
409 2558 440 2581 et
465 2550 571 2580 mortis
597 2549 696 2591 ipsius
719 2547 885 2591 praemium

211 2603 319 2639 habet,
336 2612 354 2633 a
374 2609 404 2632 te
423 2606 494 2642 post
517 2606 648 2631 mortem
668 2599 795 2642 publice
818 2599 884 2629 lau-

211 2652 317 2683 datus.

256 2704 333 2733 221.
366 2701 466 2732 Flavis
483 2700 604 2741 median]
631 2700 780 2731 Solemne
797 2699 883 2730 fluvii

213 2753 308 2795 hujus
331 2751 516 2794 epitheton3
547 2761 650 2792 neque
677 2749 769 2780 aliter
794 2749 883 2780 illum

215 2812 355 2845 unquam
375 2800 542 2843 designant
558 2799 714 2842 Virgilius
733 2806 765 2831 et
787 2800 886 2830 Hora-

1532 1795 1633 1839 230

953 1995 1027 2027 tius.
1074 1996 1125 2026 De
1146 1995 1267 2037 origine
1288 2001 1320 2026 et
1337 2005 1413 2026 vero
1428 2005 1524 2026 sensu
1540 2004 1634 2026 voca—

953 2046 1033 2082 buli,
1050 2045 1114 2077 vid.
1129 2046 1273 2077 Turneb.
1288 2045 1375 2077 Adv.
1388 2044 1465 2076 xxii.
1481 2045 1516 2076 7.

998 2098 1073 2128 222.
1100 2096 1263 2137 Nubilus-,J
1304 2095 1417 2126 Tristis
1427 2107 1436 2135 3
1465 2101 1498 2126 et
1529 2094 1631 2126 fronte

955 2146 1045 2189 quasi
1063 2146 1201 2177 nubibus
1215 2145 1367 2177 obducta.

999 2198 1074 2228 226.
1100 2197 1153 2227 Vix
1169 2199 1251 2237 capit
1267 2197 1412 2237 adjectus,
1424 2195 1505 2236 etc.]
1533 2194 1635 2226 Nulla

956 2254 1030 2278 tunc
1059 2246 1183 2278 Tiberis
1220 2246 1414 2285 exundatio;
1449 2246 1505 2277 sed
1538 2245 1635 2276 refert

955 2304 1050 2339 poeta
1073 2297 1113 2328 ad
1133 2297 1229 2328 funus
1251 2296 1361 2333 Drusi,
1383 2296 1467 2338 quod
1490 2295 1634 2327 evenisse

956 2353 1062 2378 narrat
1093 2346 1168 2383 Dio,
1197 2346 1257 2377 liii.
1289 2357 1352 2388 quo
1383 2353 1523 2388 tempore
1552 2345 1633 2377 obiit

955 2396 1133 2428 Marcellus
1146 2409 1154 2436 3
1170 2397 1306 2433 scilicet,
1319 2396 1493 2428 adauctum
1502 2402 1632 2439 repente

955 2447 1093 2478 Tiberim
1119 2453 1247 2489 pontem
1277 2447 1447 2478 sublicium
1470 2445 1634 2484 evertisse,

955 2497 1144 2539 fecisseque,
1163 2503 1198 2528 ut
1218 2497 1292 2528 urbs
1310 2507 1364 2539 per
1388 2496 1527 2528 triduum
1548 2502 1633 2528 esset

956 2547 1091 2578 navibus
1107 2547 1224 2589 pervia.

998 2598 1075 2629 227.
1101 2598 1255 2628 Fluminis
1275 2598 1369 2639 icem]
1399 2596 1550 2628 Immisso
1572 2607 1630 2628 un-

955 2648 1067 2678 (larum
1084 2647 1216 2690 impetu.
1263 2648 1314 2679 Sic
1334 2647 1425 2679 illum
1442 2645 1534 2688 fingit
1548 2646 1630 2678 Hor.

953 2702 972 2715 “
988 2697 1129 2729 Retortis
1141 2721 1148 2728 .
1163 2721 1170 2728 .
1182 2721 1190 2729 .
1203 2698 1356 2730 violenter
1380 2697 1484 2733 undis,
1505 2696 1556 2727 Ire
1573 2695 1630 2727 de-

951 2748 1073 2789 jectum
1096 2754 1302 2779 monumenta
1319 2747 1415 2789 regis.
1429 2746 1630 2788 Templaque

957 2799 1102 2830 Vestae.'’
1127 2799 1173 2840 (1.
1191 2798 1255 2830 Od.
1271 2800 1325 2839 2.)
