1830 3220
686 165 1084 208 PROOEMIUM.
1535 172 1592 213 vii

174 282 300 324 etiam
324 281 574 322 Astronomi
593 281 818 336 cujusdam
842 281 988 322 Graeci
1010 280 1144 331 libr0;
1167 283 1376 337 originem
1397 284 1587 327 siderum

171 351 317 392 hausit
348 365 403 392 ex
433 349 709 405 mythologis,
740 364 848 404 quos
880 350 924 390 in
957 349 1385 405 Metamorphosesin
1413 361 1586 396 secutus

173 426 292 470 erat;
325 418 491 474 reliqua
519 419 645 473 petiit
672 432 759 459 non
787 432 842 459 ex
863 411 1110 458 Annalibus
1137 425 1318 468 tantum,
1341 435 1587 476 quanquam

174 502 249 528 eos
286 486 398 528 solos
427 487 493 528 bis
527 487 732 536 nominat,
771 485 849 527 sed
889 500 912 526 e
950 484 1145 540 plurimis
1180 485 1261 528 illis
1300 491 1586 532 monumentis

173 554 396 611 librisque,
433 555 592 610 quibus
628 569 697 596 res
729 554 1028 596 Romanorum
1062 561 1274 596 enarratae
1305 563 1435 611 atque
1470 557 1587 600 illus-

174 630 299 665 tratae
318 631 455 665 erant.
501 622 634 664 Multi
654 622 784 672 enim,
802 623 846 663 in
867 622 1024 677 quibus
1037 621 1182 664 Varro
1203 638 1294 678 prae
1315 626 1481 667 caeteris
1502 642 1589 669 me-

174 691 406 741 morabilis,
441 693 485 732 in
520 692 681 732 rituum
717 690 1014 735 Romanorum
1049 692 1236 746 origines
1267 691 1498 748 diligenter
1527 696 1591 738 in-

174 759 462 814 quisiverant3
495 759 612 801 unde
643 766 688 801 et
724 759 859 800 serius
891 757 1155 801 Plutarchus
1194 759 1461 807 Quaestz'ones
1489 778 1588 806 suas

173 828 409 878 Romanas,
445 836 520 869 aut
561 830 771 879 Κεφαλαίων
807 829 1039 878 καταγραφὴν
1077 829 1310 884 excerpsit,
1344 830 1502 884 quibus
1543 838 1587 873 et

173 896 276 951 ipsis
297 897 342 938 in
364 896 540 938 Romuli
562 896 667 939 Vita
694 911 850 939 nomen
882 899 1003 934 Αἰτίων
1021 901 1218 946 Ῥωμαϊκῶν
1239 897 1403 939 tribuit.
1468 899 1589 946 Quin

176 964 314 1006 Butas
334 965 508 1020 quidam
536 966 722 1007 carmine
750 964 943 1021 elegiaco
971 973 1015 1008 et
1047 966 1140 1022 ipse
1173 965 1257 1008 hoc
1288 974 1589 1021 argumentum

177 1033 391 1084 tractavit,
409 1034 654 1090 cecinitque
674 1037 796 1078 Αἰτίοις
812 1037 972 1084 μυθώδεις
990 1037 1063 1085 περὶ
1082 1040 1148 1072 τῶν
1165 1039 1376 1085 Ῥωμαϊκῶν,
1395 1050 1419 1077 e
1435 1036 1593 1091 quibus

178 1099 455 1152 Plutarchus,
477 1102 521 1143 in
543 1102 672 1145 Rom.
697 1104 767 1145 20.
792 1104 1009 1146 distichon
1036 1104 1201 1146 laudat.
1265 1104 1354 1146 Sed
1382 1119 1469 1148 non
1493 1119 1593 1147 con-

178 1176 278 1220 stat,
301 1184 387 1225 quo
409 1177 603 1226 tempore
625 1171 764 1214 Butas
786 1171 856 1214 ille
877 1173 1046 1214 vixerit.

237 1237 404 1280 Rerum
430 1254 562 1294 porro
585 1240 764 1282 istarum
787 1255 987 1283 acervum
1010 1241 1070 1282 ita
1100 1241 1299 1282 tractavit
1321 1239 1522 1291 Ovidius,
1545 1247 1594 1282 ut

177 1307 388 1363 insignem
407 1307 522 1350 illam
548 1309 709 1364 ingenii
730 1310 829 1360 vim,
852 1310 1077 1366 egregium
1100 1308 1204 1351 illud
1232 1309 1395 1364 ingenii
1415 1308 1592 1360 flumen,

178 1376 296 1431 quod
317 1391 396 1431 per
417 1383 555 1419 totum
577 1377 991 1433 Metamorphoseon
1013 1393 1123 1433 opus
1148 1376 1434 1432 spectandum
1455 1383 1498 1418 et
1519 1377 1595 1418 ad-

178 1444 421 1486 mirandum
446 1445 689 1501 proposuit,
722 1445 916 1500 plurimis
947 1445 1052 1488 locis
1080 1445 1315 1487 desideres.
1378 1443 1594 1487 Mirificus

178 1513 239 1554 ibi
271 1520 337 1555 est
366 1514 411 1554 in
443 1515 590 1565 rebus,
623 1530 731 1570 quas
764 1515 944 1556 traditas
972 1521 1216 1569 acceperat,
1249 1512 1519 1568 explicandis
1552 1520 1596 1555 et

180 1583 468 1625 exornandis:
501 1584 545 1624 in
580 1583 810 1625 Fastorum
842 1590 985 1625 autem
1016 1582 1203 1624 carmine
1237 1581 1372 1623 multa
1406 1581 1594 1624 tenuiter

179 1658 378 1702 tractata,
401 1651 534 1693 multa
561 1653 751 1695 breviter
771 1652 922 1703 relata,
943 1651 1079 1693 multa
1101 1666 1157 1693 ex
1187 1649 1278 1692 aliis
1309 1649 1595 1705 scriptoribus

179 1720 364 1774 repetita
379 1720 588 1763 videmus.
636 1721 796 1776 Neque
813 1720 939 1763 aliter
954 1735 1034 1776 per
1050 1734 1194 1761 rerum
1209 1718 1377 1760 illarum
1397 1725 1595 1759 naturam

180 1787 276 1829 fieri
305 1796 492 1844 poterat,
510 1805 643 1846 quum
678 1805 793 1846 saepe
823 1788 1106 1831 Grammatici
1141 1794 1288 1843 partes
1321 1786 1503 1842 agendae
1530 1801 1597 1828 es-

181 1865 291 1908 sent,
309 1873 416 1914 quas
441 1858 512 1901 ille
540 1861 710 1902 minime
743 1859 973 1908 fastidivit3
1005 1858 1132 1899 immo
1161 1857 1320 1898 diserte
1348 1856 1394 1897 id
1421 1855 1525 1911 egit,
1547 1861 1595 1897 ut

182 1926 380 1968 docendo
419 1935 464 1969 et
499 1927 759 1984 explicando
796 1927 1024 1983 prodesset
1059 1933 1146 1967 tam
1181 1923 1435 1980 aequalibus,
1467 1938 1597 1979 quam

180 1996 365 2050 posteris
405 1998 630 2038 vetustatis
671 1995 986 2052 cognoscendae
1026 1993 1208 2049 cupidis.
1290 1991 1397 2033 Non
1435 1999 1595 2042 tamen,

181 2079 314 2118 quum
344 2063 438 2106 haec
466 2065 579 2116 dico,
602 2080 679 2107 sua
708 2064 837 2106 laude
870 2062 1042 2119 poetica
1072 2061 1156 2103 hoc
1188 2074 1360 2102 carmen
1392 2059 1596 2102 fraudare

181 2131 292 2173 volo.
346 2131 481 2180 Quod
508 2140 658 2174 contra
682 2133 742 2174 ita
769 2131 975 2181 decurrit,
998 2136 1046 2171 ut
1070 2136 1258 2171 mentem
1285 2135 1403 2170 tuam
1424 2127 1597 2178 alliciat,

182 2199 380 2242 allectam
400 2201 587 2242 suaviter
608 2208 769 2242 teneat.
823 2199 875 2241 In
896 2197 1127 2248 illecebris,
1144 2212 1252 2252 quas
1280 2212 1379 2238 eum
1402 2197 1445 2238 in
1472 2210 1598 2238 usum

182 2268 397 2319 adhibuit,
420 2269 605 2324 primum
632 2268 852 2324 posuerim
883 2267 1159 2308 interventum
1179 2265 1387 2306 Deorum.
1451 2263 1524 2306 Sic
1553 2264 1597 2305 in

182 2337 396 2392 principio
429 2338 574 2379 statim
605 2337 748 2392 operis
776 2335 918 2377 Janus
941 2334 1082 2384 adest,
1104 2347 1359 2387 omnemque
1387 2330 1600 2386 mytholo—

183 2405 297 2460 giam
325 2421 460 2456 suam,
489 2406 741 2461 implicitam
771 2404 884 2446 illam
914 2417 1031 2453 sane,
1053 2401 1250 2457 longiore
1277 2399 1350 2442 illo
1383 2414 1481 2441 cum
1501 2406 1599 2442 vate

184 2489 395 2526 sermone,
425 2475 639 2518 89—286.
675 2475 867 2530 expedit.
922 2471 1195 2514 Procedente
1233 2469 1345 2511 libro
1383 2467 1471 2518 illo,
1508 2483 1596 2510 ver.

184 2543 283 2584 695.
307 2543 442 2585 Illusa
473 2544 704 2586 intervenit
732 2550 862 2598 atque
895 2540 1154 2582 Sementivae
1186 2538 1394 2592 originem
1420 2536 1596 2578 indicat.

187 2611 286 2653 Lib.
318 2612 374 2654 iii.
409 2612 503 2654 170.
538 2613 667 2654 Mars
698 2611 930 2666 eloquitur,
952 2623 1050 2664 quae
1080 2608 1163 2649 sint
1191 2604 1476 2654 Matronalia;
1510 2618 1596 2645 ver.

186 2682 283 2723 260.
309 2681 480 2738 Egeria
502 2680 725 2736 Nympha,
749 2695 825 2722 cur
848 2677 953 2720 Salii
976 2677 1131 2719 Martis
1154 2690 1269 2717 arma
1299 2673 1454 2722 ferant,
1477 2687 1599 2714 enar-
