1809 3220
201 183 289 225 308

583 180 635 221 P.
670 179 887 221 OVIDII
922 178 1207 220 NASONIS

207 299 451 364 Nympha
469 297 618 359 jubet
642 294 800 358 quaeri
826 295 890 342 de
917 310 1053 341 inore
1079 293 1320 341 remotius
1347 300 1574 350 antru1n;

276 375 452 438 thue
477 388 648 421 comes
675 371 918 434 sequitur,
947 371 1285 434 destituitque
1311 370 1511 417 ducem.

210 453 395 508 Stulta,
415 451 554 498 videt
577 449 608 496 J
614 466 739 497 anus
766 465 880 512 quae
907 456 1024 512 post
1048 465 1140 496 sua
1165 455 1306 510 terga
1331 454 1587 510 gerantur,

276 529 363 576 Nil
389 529 514 591 agis,
547 544 611 575 en
636 527 855 574 latebras
881 526 1089 590 respicit
1113 526 1194 573 ille
1220 533 1334 573 tuas
1356 543 1367 582 ;

212 607 297 654 Nil
325 606 450 668 agis,
479 621 545 652 en
570 604 707 651 dixi!
748 620 865 651 nam
890 612 940 650 te
967 604 1061 651 sub
1089 619 1212 666 rupe
1238 603 1480 650 latentem
1531 604 1624 649 125

279 683 515 746 Occupat
541 681 812 744 amplexu;
855 689 1009 744 teque
1036 680 1244 744 potitus,
1273 680 1371 727 ait:

204 759 234 807 J
240 777 298 807 us
325 776 414 823 pro
440 758 713 806 concubitu
740 766 910 805 nostro
936 758 1027 805 tibi
1052 758 1270 805 cardinis
1298 764 1438 810 esto:

279 836 390 885 Hoc
417 837 635 901 pretium
661 836 839 899 positae
865 835 1164 897 virginitatis
1190 835 1338 883 habe.

213 914 297 961 Sic
321 914 470 970 fatus,
498 914 688 976 virgam
716 930 816 977 qua
841 915 1009 961 tristes
1036 914 1224 978 pellere
1251 922 1424 977 posset

280 991 324 1037 A
349 991 538 1038 foribus
565 1008 740 1047 noxas,
768 992 876 1038 haec
903 998 1010 1039 erat
1035 992 1166 1048 alba,
1195 992 1353 1039 dedit.

1534 994 1628 1038 130

214 1068 347 1115 Sunt
371 1068 527 1116 avidae
549 1069 795 1124 volucres,
823 1085 922 1116 non
948 1085 1062 1132 quae
1091 1068 1308 1116 Phineia
1332 1068 1521 1117 mensis

283 1146 504 1194 Guttura
528 1146 846 1203 fraudabant,
875 1148 963 1194 sed
990 1164 1150 1210 genus
1177 1146 1294 1195 inde
1321 1146 1555 1203 trahunt;

216 1223 423 1271 Grande
450 1232 619 1288 caput,
649 1233 840 1272 stantes
866 1225 1015 1280 oculi,
1045 1232 1206 1272 rostra
1230 1232 1350 1288 apta
1374 1224 1591 1288 rapinae:

284 1301 510 1349 Canities
538 1302 735 1365 pennis,
765 1302 1020 1365 unguibus
1046 1302 1226 1349 hamus
1252 1302 1400 1349 inest.

263 1517 334 1546 123.
372 1516 523 1547 Similiter
565 1517 697 1547 Metam.
734 1516 776 1546 iii.
810 1517 889 1546 432.

217 1565 402 1596 Narcissum
425 1565 618 1607 adloquitur,
641 1571 672 1596 et
696 1565 775 1595 :ilios
799 1565 888 1596 alibi.

218 1614 355 1653 Occupat
382 1616 522 1654 ampfleiu
553 1614 596 1644 nil
627 1614 696 1650 nisi,
722 1614 889 1656 amplecti—

216 1669 287 1701 tur3
312 1663 350 1693 ad
372 1663 454 1694 hunc
475 1663 657 1705 amplexum
681 1669 786 1693 autem
804 1663 890 1694 Nea-

216 1712 296 1754 polis
313 1713 432 1743 notavit
450 1713 534 1743 haec:
561 1717 580 1729 “
598 1713 672 1749 Hui,
691 1712 758 1747 hui,
777 1719 811 1743 tu
835 1713 890 1744 ille

216 1761 328 1798 Janus,
345 1762 384 1793 de
409 1773 471 1804 quo
498 1762 706 1803 Augustinus,
723 1762 775 1792 vii.
793 1761 890 1793 Civit.

218 1811 301 1842 Dei:
329 1812 379 1843 De
401 1813 485 1843 Jano
506 1822 568 1842 non
590 1811 666 1842 milii
682 1811 777 1842 facile
794 1812 889 1853 quid-

219 1871 314 1902 quam
330 1861 478 1897 occurrit,
496 1860 581 1903 quod
599 1861 638 1891 ad
657 1861 802 1902 probrum
820 1872 889 1902 per-

219 1910 336 1948 tineat3
359 1917 391 1941 et
412 1910 490 1941 sorte
515 1910 586 1941 talis
603 1910 672 1945 fuit,
690 1917 724 1941 ut
740 1910 890 1940 innocen-

219 1959 281 1990 tius
292 1959 416 1995 vixerit,
429 1966 461 1990 et
478 1970 496 1990 a
512 1958 704 1990 facinoribus
718 1966 750 1990 et
763 1959 892 2000 flagitiis

220 2009 403 2040 remotius.’‘
448 2009 507 2039 Jns
537 2010 674 2040 cardinis
703 2009 801 2039 etiarn
828 2008 891 2038 vini

219 2057 441 2099 complectitur
457 2057 542 2088 mala.
558 2068 694 2099 quaeque
708 2057 891 2099 depellendi

221 2116 240 2137 a
256 2107 384 2142 foribus,
403 2113 437 2138 ut
453 2117 470 2138 e
485 2119 556 2149 sqq.
573 2113 672 2148 patet.

268 2157 340 2187 129.
364 2157 487 2199 Virgam
504 2156 660 2192 revocavi,
676 2156 752 2197 quia
766 2155 810 2187 sic
827 2167 891 2187 om-

221 2215 276 2236 nes
309 2205 406 2237 ferme
436 2206 530 2237 MSS.
588 2206 693 2236 Etiam
723 2217 788 2237 ver.
821 2207 893 2238 165.

219 2256 308 2296 virga
321 2257 357 2286 de
372 2258 460 2295 spina
475 2257 543 2286 alba
556 2267 565 2293 ,·
583 2255 639 2286 sed
656 2254 767 2286 Heins.
778 2258 894 2296 spinam

222 2303 261 2334 de
279 2315 334 2335 suo
355 2304 455 2336 dedit.
504 2305 645 2346 Intellig.
661 2312 765 2336 autem
789 2305 895 2336 rham-

223 2364 293 2390 nus,
310 2352 446 2396 ῥάμνος,
462 2355 554 2397 spina
573 2365 697 2396 semper
714 2354 894 2390 frondifera,

222 2403 313 2444 cujus
332 2403 465 2434 alterum
487 2414 588 2444 genus
608 2403 731 2444 nigrum
761 2403 895 2434 alterum

224 2453 349 2489 album3
384 2452 590 2494 Theophrast.
621 2453 704 2483 Hist.
733 2453 840 2484 Plant.
871 2454 893 2484 i.

226 2501 285 2540 153
318 2500 364 2532 iii.
396 2503 448 2532 17.
494 2502 568 2533 Tria
597 2512 713 2542 genera
741 2509 895 2534 memorat

222 2551 438 2587 Dioscorides,
455 2551 476 2582 i.
492 2553 551 2582 119
565 2564 572 2590 ;
585 2552 639 2593 qui
655 2551 755 2588 addit,
770 2552 895 2583 frondes

221 2600 319 2642 spinae
336 2600 417 2632 albae
438 2601 556 2632 foribus
574 2601 735 2643 adpositas
754 2608 894 2633 avertere

224 2649 398 2681 maleficia:
432 2651 566 2687 κλῶνας
593 2650 700 2689 αὐτῆς
728 2650 843 2692 θύραις
872 2653 893 2690 ἤ

224 2698 331 2740 Θυρίσι
355 2699 599 2741 προσ-τεθέντας
614 2699 815 2741 ἁποκροὺειν
835 2701 893 2738 τὰς

221 2750 287 2779 τῶν
302 2747 484 2790 φαρμάκων
497 2748 712 2790 κακουργίας.

1006 1516 1078 1546 131.
1102 1516 1218 1557 striges
1233 1514 1388 1546 deformes
1405 1520 1437 1544 et
1452 1513 1573 1549 noxias,
1589 1513 1630 1544 ad

958 1575 1037 1606 quas
1053 1564 1277 1595 describendas
1288 1563 1356 1605 jain
1368 1562 1560 1606 progeditur,
1570 1572 1632 1593 non

958 1614 1041 1645 male
1054 1625 1127 1644 cum
1140 1613 1287 1656 Harpyiis
1303 1618 1477 1654 comparat,
1489 1618 1522 1642 et
1533 1622 1634 1653 genus

959 1674 1066 1694 earum
1084 1663 1157 1693 inde
1177 1662 1279 1693 ducit.
1330 1661 1480 1704 Harpyiae
1495 1661 1633 1691 Homero

961 1712 1046 1753 (Od.
1064 1716 1106 1744 A.
1117 1714 1192 1743 242.
1209 1712 1252 1746 Ξ.
1266 1711 1359 1750 371.)
1375 1711 1444 1742 deae
1460 1715 1546 1744 sunt.
1562 1708 1632 1752 qui-

958 1762 1018 1792 bus
1033 1762 1079 1792 vis
1103 1761 1246 1803 rapiendi
1271 1760 1426 1792 homines.
1473 1760 1550 1790 Post
1573 1757 1634 1789 alae

959 1811 997 1842 iis
1013 1818 1086 1842 sunt
1102 1811 1220 1842 additae
1236 1823 1243 1849 ;
1268 1821 1340 1841 mox
1356 1810 1432 1841 inde
1447 1809 1540 1841 factae
1559 1818 1635 1840 aves

960 1861 1164 1900 foedissimae5
1182 1860 1329 1902 Hyginus
1345 1860 1408 1891 sab.
1426 1860 1465 1890 14
1479 1871 1488 1898 3
1505 1859 1636 1890 Tzetzes

961 1911 1001 1941 ad
1018 1910 1177 1952 Lycophr.
1195 1911 1270 1941 653.
1305 1909 1401 1940 Tales
1413 1909 1511 1940 etiam
1526 1919 1545 1939 a
1559 1907 1634 1939 Vir-

961 1960 1049 2000 gilio,
1066 1960 1198 1991 AEmeid.
1215 1960 1261 1990 iii.
1275 1960 1350 1990 212.
1367 1958 1534 2000 descriptae
1551 1962 1636 1995 sunt,

962 2010 1012 2041 ubi
1045 2010 1115 2041 vide
1150 2009 1268 2051 Heynii
1302 2010 1435 2040 Excurs.
1464 2013 1497 2039 et
1527 2008 1636 2038 confer

961 2060 1123 2094 Vossium,
1138 2060 1254 2100 Epistt.
1269 2058 1404 2100 mythol.
1417 2057 1480 2089 vol.
1492 2057 1515 2088 i.
1529 2068 1561 2099 p.
1574 2058 1636 2089 198

961 2120 1031 2151 sqq.
1078 2110 1133 2140 Eae
1151 2120 1170 2139 a
1185 2109 1285 2151 poetis
1299 2108 1478 2149 Argonaut.
1492 2106 1636 2149 inprimis

963 2158 1113 2189 adhibitae
1151 2158 1183 2188 in
1221 2157 1351 2188 historia
1389 2157 1514 2193 Phinei,
1554 2156 1636 2188 vatis

962 2207 1108 2239 Thracici
1139 2214 1171 2239 et
1200 2207 1364 2244 excaeeati,
1393 2207 1484 2250 cujus
1513 2207 1554 2238 ab
1583 2217 1637 2238 ore

963 2258 1052 2288 cibos
1077 2257 1276 2293 auferebant,
1305 2255 1521 2299 reliquiasque
1550 2256 1639 2288 soedo

964 2307 1058 2338 odore
1087 2307 1273 2349 implebant.
1319 2307 1416 2342 Strix,
1443 2306 1536 2338 Linn.
1560 2306 1636 2337 strix

964 2357 1088 2391 alueus,
1106 2357 1197 2399 cujus
1213 2362 1309 2398 caput
1323 2356 1443 2398 grande
1457 2356 1636 2399 plumisque

964 2407 1117 2442 velatum,
1158 2406 1244 2437 color
1284 2406 1428 2437 cinereus
1464 2412 1496 2437 et
1534 2405 1638 2443 albus,

964 2456 1114 2497 idemque
1138 2455 1273 2486 maculis
1295 2462 1328 2486 et
1353 2455 1445 2487 lineis
1467 2455 1563 2497 nigris
1587 2454 1636 2486 di-

964 2505 1118 2544 stinctus3
1133 2504 1196 2536 vid.
1208 2505 1327 2536 Statius
1339 2504 1458 2536 Miiller
1474 2504 1506 2535 in
1522 2504 1638 2536 Linnei

964 2556 1050 2595 Syst.
1068 2554 1145 2585 Nat.
1162 2561 1240 2585 tom.
1260 2553 1294 2584 ii.
1310 2565 1342 2595 p.
1360 2555 1434 2585 102.
1477 2555 1538 2585 Hae
1562 2564 1638 2587 aves

964 2603 1139 2634 infantibus
1158 2603 1192 2633 in
1214 2602 1304 2634 cunis
1325 2603 1513 2645 sanguinem
1531 2608 1636 2635 extra-

964 2650 1050 2687 here,
1062 2658 1158 2693 atque
1168 2652 1265 2683 etiam
1278 2652 1375 2683 ubera
1384 2652 1636 2694 suaimmulgere

965 2700 1059 2741 vulgo
1071 2701 1301 2740 credebantur;
1316 2701 1450 2738 Plinius,
1463 2701 1506 2733 xi.
1516 2702 1571 2734 95.
1580 2701 1636 2744 qui

963 2755 1053 2790 putat
1070 2760 1130 2780 non
1147 2756 1303 2787 constare,
1319 2761 1390 2791 quae
1405 2749 1446 2781 sit
1462 2750 1582 2782 avium.
