1809 3220
190 172 276 215 472
590 171 640 212 Ρ.
676 169 895 212 OVIDII
933 168 1215 211 NASONIS

192 290 287 338 Ille
313 304 459 337 cruor
484 303 628 335 meus
654 293 760 335 est:
801 286 888 333 illo
914 285 1170 334 maculata
1193 301 1370 334 cruore

260 366 378 414 Non
404 365 692 431 profectura
715 365 897 412 dextra
920 364 1114 412 lavatur
1139 380 1289 428 aqua.

192 445 236 492 O
265 461 374 508 ego,
403 459 562 507 quum
587 443 750 505 longae
776 448 1023 490 venerunt
1045 441 1198 489 taedia
1222 441 1353 498 vitae,

260 521 447 586 Optavi
474 520 674 584 quoties
702 519 842 567 arida
866 518 1002 566 facta
1025 518 1177 566 mori!
1518 519 1612 565 160

193 599 381 664 Optavi
408 599 626 663 quoties,
656 604 745 645 aut
769 613 905 645 caeco
930 596 1132 645 turbine
1157 596 1299 653 verti,

258 677 363 724 Aut
388 676 554 724 valido
580 675 720 723 missi
745 674 971 722 fulminis
996 673 1113 737 igne
1139 673 1270 738 peti!

190 755 365 819 Atque
385 755 578 802 utinam
599 754 780 802 subitae
802 760 1039 818 raperent
1055 768 1169 801 mea
1182 767 1334 816 poma
1348 751 1609 816 procellae3

258 833 354 881 Vel
381 849 584 897 possem
610 831 806 879 fructus
833 837 1077 879 excutere
1101 829 1212 894 ipsa
1238 829 1406 878 meos!

193 910 296 968 Sic,
324 910 411 958 ubi
435 910 667 958 detracta
692 917 770 957 est
795 925 825 956 a
849 916 898 956 te
925 907 1016 955 tibi
1043 923 1199 955 causa
1223 907 1418 971 pericli,
1518 908 1611 954 165

261 988 411 1043 Quod
438 995 688 1052 superest,
716 994 897 1043 tutum,
927 986 1144 1034 Pontice
1169 993 1352 1042 castor,
1379 985 1557 1033 habes.

192 1064 330 1120 Quid
351 1065 473 1112 mihi
498 1073 618 1113 tunc
646 1064 798 1112 animi
825 1071 920 1120 est,
944 1080 1102 1128 quum
1129 1064 1284 1111 sumit
1308 1063 1412 1111 tela
1434 1062 1611 1118 viator,

258 1143 431 1207 Atque
458 1143 618 1191 oculis
644 1143 807 1208 plagae
833 1142 1056 1190 destinat
1082 1149 1199 1189 ante
1224 1141 1427 1189 locum?

192 1221 303 1270 Nec
328 1222 486 1271 vitare
513 1222 633 1270 licet
659 1228 796 1269 moto
822 1220 928 1269 fera
952 1221 1162 1268 verbera
1186 1227 1383 1277 trunco,

259 1300 425 1355 Quem
452 1301 546 1348 sub
573 1301 727 1347 humo
753 1299 898 1348 radix
924 1299 1194 1363 vinclaque
1216 1298 1362 1346 firma
1384 1303 1576 1345 tenent.

190 1377 420 1442 Corpora
445 1379 730 1442 praebemus
756 1378 920 1442 plagis
942 1391 952 1423 ε
992 1384 1048 1424 ut
1073 1392 1210 1441 saepe
1235 1375 1451 1439 sagittis,
1519 1376 1607 1422 171

258 1455 429 1511 Quum
455 1456 673 1520 populus
699 1456 923 1503 manicas
949 1454 1249 1518 deposuisse
1273 1460 1441 1511 vetat3

191 1535 326 1583 Utve
352 1550 557 1598 gravem
583 1535 810 1582 candens
836 1533 923 1581 ubi
948 1532 1056 1581 tolli
1082 1548 1239 1580 vacca
1263 1531 1498 1588 securim,

256 1612 362 1660 Aut
387 1613 564 1676 stringi
590 1613 780 1660 cultros
806 1612 857 1660 in
883 1628 975 1659 sua
999 1611 1131 1659 colla
1153 1610 1309 1659 videt.

186 1768 321 1799 quorum
337 1769 394 1789 τιατ
414 1759 480 1789 sola
501 1757 628 1789 conscia
648 1758 720 1795 fuit,
739 1766 770 1790 et
792 1768 863 1801 quae

186 1807 290 1850 potuit
305 1807 377 1838 ideo
394 1818 508 1850 negare
522 1820 530 1846 ;
556 1808 696 1849 inficiata
712 1814 766 1839 est.

234 1859 308 1889 161.
333 1859 399 1889 Aut
422 1870 497 1890 caeco
518 1860 641 1890 turbine
663 1859 771 1900 verti]
800 1859 864 1890 Cae-

186 1918 255 1937 cnm
271 1907 343 1938 ideo
364 1912 468 1944 vocat,
486 1907 572 1949 quod
591 1907 703 1938 insano
725 1908 863 1939 tumultu

185 1963 269 1993 ruat,
293 1964 325 1989 et
351 1963 471 1989 cuncta
497 1957 564 1988 siue
592 1957 774 1989 discrimine
799 1958 866 1989 ullo

185 2006 306 2048 perflet.
353 2006 404 2037 Sic
426 2018 536 2037 caecum
558 2017 695 2038 amorem
717 2006 864 2044 dicimus,

185 2062 219 2088 et
231 2057 363 2088 furorem
376 2057 631 2088 ceremur—Cimo
642 2059 765 2088 turbine
775 2060 864 2090 verti.

192 2106 275 2136 Verti
301 2116 355 2147 pro
379 2106 476 2137 everti
500 2106 693 2148 capiendum
716 2116 784 2137 esse
810 2118 864 2138 no—

187 2155 266 2186 tavit
283 2156 413 2187 Douza;
436 2161 470 2187 ut
488 2155 574 2197 apud
590 2155 680 2198 Virg.
697 2155 826 2187 AEneid.
842 2156 863 2187 i.

185 2206 249 2236 20:
277 2210 296 2223 “
326 2228 334 2236 .
350 2205 510 2247 ..Tyrias
532 2205 607 2236 olim
632 2216 703 2247 quae
728 2212 864 2238 verteret

186 2255 309 2286 arccs.''
356 2255 449 2292 Quod
468 2255 590 2287 Pierius
611 2255 774 2287 efficacius
793 2266 863 2288 esse

185 2304 291 2342 docet,
308 2315 403 2346 quam
419 2311 562 2336 evertere.

237 2355 308 2387 163.
342 2356 440 2395 Atque
469 2358 589 2386 utinum
628 2357 746 2392 subiloe,
783 2355 861 2396 etc-J

188 2406 314 2437 Ventus
337 2405 420 2436 enim
443 2405 659 2436 vehementior
683 2406 864 2447 frequenter

185 2455 307 2487 excutit
323 2456 417 2492 mala,
434 2466 597 2497 pyraque;
619 2455 674 2486 sed
692 2455 864 2497 juglandes

188 2505 319 2542 haercnt,
347 2505 490 2536 tenacius
519 2505 604 2547 ligno
634 2505 770 2544 adfixae;
804 2517 861 2538 nec

187 2561 318 2591 temere,
340 2554 400 2585 nisi
425 2555 510 2585 saxis
533 2560 588 2584 aut
609 2554 731 2596 pertica
753 2565 791 2585 ex
813 2566 862 2586 ar-

186 2604 260 2635 bore
275 2605 490 2635 excutiuntur.
526 2604 649 2634 Rursus
663 2604 782 2635 fructus
795 2604 862 2641 alii,

187 2654 239 2685 ubi
258 2654 534 2690 immaturuerunt,
551 2659 662 2695 sponte
687 2653 719 2684 in
745 2659 858 2684 terrain

185 2703 360 2740 decidunt;
392 2703 476 2744 quod
505 2713 567 2733 non
592 2703 701 2741 Nuci;
726 2702 860 2744 ideoque

185 2758 316 2794 exoptat
331 2752 389 2783 sibi
407 2752 437 2783 'ul
455 2762 582 2794 quoque
600 2752 737 2783 evenire.
777 2753 837 2783 En.

984 1758 1055 1789 165.
1080 1757 1142 1793 Sic,
1165 1758 1216 1788 ubi
1240 1758 1380 1788 detracta
1399 1762 1442 1788 est
1465 1768 1484 1787 a
1507 1762 1535 1787 te
1557 1757 1611 1787 tibi

934 1818 1027 1838 causa
1045 1808 1167 1847 pericli,
1183 1807 1267 1847 etc.]
1295 1806 1426 1838 Fabulis
1448 1811 1610 1848 receptum

934 1862 982 1887 est
1004 1857 1144 1894 Fibrum,
1160 1867 1259 1899 quum
1283 1862 1460 1893 venatores,
1481 1861 1517 1887 ut
1538 1866 1611 1887 eum

933 1905 1075 1948 capiant,
1100 1906 1322 1948 insequuntur,
1340 1911 1438 1937 testes
1459 1905 1519 1938 sibi
1540 1916 1609 1937 am—

935 1961 1059 1998 putare,
1075 1955 1203 1998 illisque
1219 1966 1272 1987 eos
1287 1955 1435 1998 abjicere,
1452 1961 1550 1997 atque
1566 1955 1611 1986 ita

933 2005 1118 2037 venantium
1131 2006 1427 2048 insequentiumque
1441 2016 1553 2038 manus
1565 2005 1611 2038 ef-

935 2055 1056 2097 fugere.
1103 2057 1176 2087 Hac
1204 2056 1244 2087 de
1267 2067 1300 2087 re
1317 2057 1458 2098 Aisopus
1477 2055 1541 2087 fab.
1556 2057 1609 2087 33.

934 2105 1206 2136 &on—Sextius
1219 2116 1292 2137 vero
1309 2105 1395 2148 apud
1410 2105 1497 2137 Plin.
1511 2105 1610 2137 xxxii.

933 2155 964 2185 3.
981 2161 1077 2196 negat
1093 2154 1124 2186 id
1141 2165 1209 2186 esse
1226 2165 1348 2191 verum,
1366 2154 1450 2197 quod
1468 2155 1528 2186 hoc
1542 2155 1610 2186 ani-

931 2204 995 2235 mal
1019 2210 1114 2236 testes
1134 2204 1252 2236 habeat
1271 2204 1414 2247 pusillos,
1437 2215 1474 2236 ac
1494 2204 1611 2236 lumbis

931 2254 1138 2293 substrictos;
1163 2265 1220 2286 nec
1238 2265 1328 2297 posse
1344 2253 1521 2291 avelli,nisi
1535 2264 1609 2286 cum

934 2303 1196 2336 vita.-P0nzice.
1220 2304 1271 2335 Sic
1295 2303 1398 2335 dictus
1420 2303 1543 2342 Castor,
1559 2304 1609 2336 vel

933 2353 1039 2389 fiber,
1053 2353 1130 2395 quia
1145 2354 1178 2384 in
1194 2355 1298 2386 Ponto
1313 2352 1606 2395 frequentissimus:

936 2408 958 2420 ‘¹
985 2427 993 2434 .
1010 2427 1016 2434 .
1033 2426 1041 2434 .
1056 2427 1064 2434 .
1082 2404 1258 2446 Virosaque
1297 2403 1419 2435 Pontus
1455 2403 1609 2435 Castorea

936 2453 1111 2494 (Mittit.)‘’
1135 2454 1239 2484 Vlnc.
1254 2453 1372 2495 Georg.
1386 2453 1407 2484 i.
1423 2453 1476 2484 57.

981 2504 1054 2534 173.
1085 2503 1164 2534 Utve
1190 2514 1315 2545 gratem
1345 2504 1490 2539 candens,
1519 2501 1602 2543 etc-J

935 2553 1076 2584 Candens
1096 2565 1199 2590 vacca,
1215 2553 1291 2595 quia
1306 2552 1444 2584 victimae
1461 2552 1556 2588 albae,
1572 2557 1608 2582 ut

931 2614 968 2634 ex
986 2603 1126 2644 antiquis
1141 2603 1322 2634 auctoribus
1334 2608 1383 2633 est
1397 2606 1604 2644 compertum,

931 2652 991 2683 nisi
1019 2664 1090 2694 quae
1118 2652 1180 2684 Dis
1209 2653 1316 2685 inferis
1345 2651 1606 2684 caedebantur.—

933 2702 1052 2733 HMNS.

1798 2974 1803 3057 -ᾼα
1792 2663 1807 2953 -·.ψ..->“-».ἰ-’,ᾳ»-,>.
1791 2586 1807 2640 „12
1805 2524 1807 2571 ,μμ
1795 2479 1806 2502 v:-
1796 2454 1806 2460 2
