1809 3220
231 179 318 222 224

630 181 681 223 P.
717 181 933 224 OVIDII
969 182 1254 225 NASONIS

230 296 404 345 Vacca
423 297 503 354 sit,
523 313 585 345 an
605 304 797 355 taurus,
819 315 918 347 non
939 307 1018 348 est
1035 315 1343 363 cognoscere
1363 307 1615 364 promtum
1635 317 1645 349 :

298 375 425 423 Pars
451 375 585 439 prior
610 384 850 440 apparet:
892 377 1171 441 posteriora
1195 378 1371 425 latent.

232 452 337 500 Seu
364 461 535 501 tamen
561 461 640 502 est
663 462 856 511 taurus,
875 455 980 503 sive
1007 462 1085 503 est
1110 455 1205 502 hoc
1224 455 1412 503 femina
1432 455 1649 519 signum,

297 530 327 578 J
334 548 498 579 unone
523 531 679 580 invita
703 549 888 579 munus
915 532 1099 580 amoris
1126 533 1298 580 habet.

1554 536 1653 581 720

230 607 355 656 Nox
382 609 521 666 abiit,
549 610 808 674 oriturque
831 610 1056 659 Aurora:
1097 611 1283 659 Palilia
1302 628 1502 676 poscor.

299 686 416 734 Non
443 703 624 751 poscor
647 687 849 744 frustra,
879 689 919 735 si
945 688 1079 737 favet
1105 689 1237 737 alma
1263 688 1444 748 Pales;

229 764 380 813 Alma
405 765 576 823 Pales,
605 766 773 814 faveas
799 767 1023 831 pastoria
1048 783 1192 815 sacra
1217 767 1436 824 canenti,

296 843 588 908 Prosequor
612 846 774 894 officio
801 846 843 893 si
869 854 955 894 tua
981 846 1112 894 festa
1136 846 1236 910 pio.

230 922 385 969 Certe
411 939 505 985 ego
531 923 594 970 de
619 923 777 971 vitulo
803 924 1042 980 cinerem,
1072 924 1389 988 stipulasque
1415 922 1626 978 fabales,

299 1000 447 1065 Saepe
474 1002 565 1048 tuli
592 1002 760 1066 plena,
788 1003 964 1052 februa
989 1010 1147 1058 casta,
1176 1018 1344 1050 manu.

273 1125 350 1156 717.
370 1124 466 1155 Tauri
483 1125 622 1167 signum,
639 1132 674 1157 ut
689 1126 795 1164 hodie,
812 1127 857 1158 ita
873 1134 905 1159 et

227 1173 302 1204 olirn
319 1173 363 1205 sic
382 1174 583 1216 pingebatur,
598 1181 630 1206 ut
647 1176 765 1218 priores
781 1183 904 1208 tantum

228 1224 296 1265 ejus
311 1229 417 1266 partes
432 1235 588 1266 expressae
604 1233 806 1268 apparerent.
840 1227 903 1258 Pu-

226 1273 341 1304 tabant
369 1279 491 1305 veteres
529 1274 587 1305 hoc
622 1275 693 1307 ideo
724 1276 803 1313 fieri,
830 1277 905 1319 quia

226 1332 321 1354 sexus
338 1323 406 1365 ejus
420 1324 560 1354 incertus
577 1330 672 1360 esset,
684 1336 782 1367 quum
799 1326 853 1357 alii
868 1326 905 1357 Io

227 1382 372 1409 vaccam,
391 1372 444 1403 alii
465 1378 603 1409 taurum,
620 1373 675 1414 qui
692 1375 850 1417 Europam
874 1376 905 1406 in

227 1420 355 1452 Cretam
381 1421 602 1459 transvexerit,
629 1423 709 1454 inter
730 1423 835 1454 sidera
859 1435 906 1456 re-

226 1470 327 1502 latum
341 1471 578 1503 existimarent:
606 1473 818 1510 Eratostliius,
833 1485 905 1516 cap.

231 1520 303 1560 18.;
327 1521 447 1563 Hygin.
469 1521 558 1552 Poet.
579 1522 665 1553 Astr.
681 1522 716 1553 ii.
734 1524 787 1554 21.
834 1524 903 1555 Hoc

225 1570 321 1612 igitur
336 1576 368 1602 et
384 1570 521 1602 Ovidius
543 1578 672 1603 secutus
694 1578 742 1602 est
758 1579 823 1603 tam
840 1573 902 1610 hic,

227 1631 324 1662 quam
350 1633 381 1651 v.
414 1621 477 1652 619
506 1632 556 1663 sq.
584 1622 638 1652 ubi
669 1622 763 1664 hujus
793 1622 904 1655 sideris

225 1671 312 1712 origo
329 1677 491 1709 narratur3
517 1678 686 1714 utrumque
710 1679 817 1704 autem
835 1674 902 1704 ani-

225 1721 288 1751 mal
305 1726 336 1752 et
351 1721 441 1753 Jovis
455 1723 550 1752 amori
567 1721 767 1757 inservierat,
786 1729 818 1753 et
833 1734 902 1753 mn-

225 1773 307 1802 neris
335 1781 443 1807 causa,
469 1771 593 1802 Junone
621 1774 732 1808 inrita,
761 1772 792 1803 in
819 1773 903 1805 coelo

226 1820 416 1851 collocatum
435 1820 497 1852 dici
515 1827 648 1863 poterat.

270 1870 455 1901 721—806.
477 1870 539 1901 XI.
559 1870 632 1901 Kal.
651 1871 754 1903 Maias
772 1872 903 1903 Palilia.

225 1920 327 1957 Pales,
358 1920 431 1951 Dea
468 1920 688 1962 antiquissima
729 1928 903 1964 pastorum,

225 1981 420 2012 quamquam
439 1970 583 2001 nonnulli
599 1971 768 2002 masculini
781 1972 905 2013 generis

225 2019 404 2050 ministrum
428 2019 519 2051 Jovis
542 2030 579 2050 ac
595 2020 737 2051 villicum
765 2021 901 2063 intelligi

226 2070 412 2108 xnalebant3
428 2069 589 2100 Arnobius
605 2069 678 2100 adv.
695 2070 828 2106 Gentes,
846 2071 901 2102 lib.

224 2119 270 2150 iii.
285 2130 318 2162 p.
332 2120 393 2151 123
407 2131 415 2158 ;
430 2119 558 2151 Servius
574 2119 614 2150 ad
632 2119 815 2161 Virgilium,
831 2121 901 2152 Ecl.

224 2181 256 2201 v.
286 2170 340 2202 35.
388 2170 466 2212 Ejus
492 2180 581 2201 sacra
609 2176 640 2200 et
666 2170 785 2201 Palilia
814 2170 901 2202 dice-

224 2220 354 2256 bantur,
379 2225 412 2250 et
437 2220 562 2250 Parilia
588 2219 638 2250 vel
661 2229 680 2250 a
702 2226 794 2261 partu
820 2220 901 2257 Iliae,

227 2268 277 2300 vel
293 2268 378 2310 quod
394 2279 431 2300 eo
447 2274 587 2311 tempore
608 2269 733 2300 arbores
749 2276 781 2300 et
795 2269 900 2301 herbae

225 2318 415 2360 parturiunt,
443 2317 649 2360 pariuntque,
683 2318 732 2349 vel
762 2318 901 2361 denique

225 2378 283 2410 per
297 2367 504 2399 mutationem
519 2367 694 2399 literarum.
720 2369 798 2400 vid.
816 2369 902 2401 Cha-

227 2418 332 2454 risius,
346 2418 403 2450 lib.
416 2417 457 2456 i.;
474 2417 632 2448 Victorin.
647 2418 680 2448 in
695 2419 774 2449 Arte
791 2419 901 2450 Gram.

225 2467 282 2498 lib.
298 2467 338 2506 i.;
364 2467 487 2498 Probus
514 2467 555 2497 ad
572 2467 755 2508 Virgilium,
783 2468 901 2510 Georg.

224 2517 272 2549 iii.
299 2518 350 2557 l.;
376 2527 509 2559 quorum
537 2517 636 2548 verba
666 2517 903 2549 Brouckhusius

226 2567 268 2598 ad
303 2566 516 2608 Propertium,
545 2566 607 2597 IV.
637 2566 680 2597 iv.
711 2567 764 2597 71.
798 2567 901 2598 dedit.

226 2615 324 2658 Apud
337 2616 504 2658 scriptores
516 2621 639 2646 veteres
654 2621 790 2657 utraque
805 2617 902 2659 scrip—

227 2672 299 2697 tura
318 2665 466 2697 occurrit.
511 2665 556 2696 At
579 2665 603 2697 si
623 2665 760 2697 Ovidius
777 2667 903 2698 Parilia

227 2716 379 2753 dedisset,
409 2716 476 2748 sine
505 2715 604 2748 dubio
630 2715 753 2758 aliquid
782 2716 821 2748 de
845 2717 904 2748 hoc

225 2773 332 2808 etymo
373 2766 559 2798 addidisset.
614 2767 729 2798 Eorum
767 2767 906 2809 ipsorum

1553 1004 1650 1049 726

974 1137 1135 1159 sacrorum
1153 1126 1237 1164 (sive
1259 1132 1333 1158 ante
1355 1126 1426 1169 jam
1442 1131 1654 1168 receptorum,

974 1177 1039 1208 sive
1066 1183 1142 1208 tune
1166 1176 1302 1219 primum
1328 1175 1563 1215 institutorum)
1587 1175 1652 1212 die,

975 1227 1134 1258 Romulus
1153 1226 1223 1257 urbi
1244 1225 1422 1257 condentia}
1443 1235 1572 1256 manum
1595 1224 1652 1256 ad-

974 1276 1086 1307 movit.
1135 1276 1174 1307 Id
1196 1276 1312 1307 diserte
1333 1274 1463 1307 tradunt
1479 1274 1654 1317 Dionysius

976 1327 1142 1358 Halicarn.
1159 1325 1178 1357 i.
1192 1328 1253 1365 885
1269 1325 1472 1362 Plutarchus,
1490 1325 1584 1356 Rom.
1601 1325 1652 1355 12.

976 1375 1037 1406 Hic
1063 1375 1170 1417 itaque
1192 1375 1272 1411 dies,
1288 1374 1446 1406 Romanis
1465 1374 1559 1406 simul
1582 1374 1651 1405 Na-

975 1425 1048 1456 talis
1064 1425 1186 1468 patriae,
1203 1424 1377 1467 γενέθλιον
1397 1427 1459 1464 τῆς
1479 1422 1654 1467 πατρίδος,

974 1487 1100 1507 summa
1126 1476 1277 1517 religione
1308 1475 1483 1517 laetitiaque
1508 1474 1652 1506 celebra-

973 1527 1081 1557 batur.
1131 1527 1204 1556 Non
1227 1526 1341 1556 mirum
1363 1524 1459 1567 igitur
1475 1523 1573 1555 videri
1595 1523 1651 1555 de-

973 1576 1039 1612 bet,
1066 1575 1218 1607 Ovidium
1243 1575 1276 1606 in
1305 1574 1354 1605 his
1377 1574 1476 1606 sacris
1499 1573 1653 1606 canendis

971 1637 1039 1658 esse
1055 1626 1131 1657 satis
1146 1626 1290 1667 longum.

1017 1675 1093 1707 721.
1120 1675 1241 1710 Poscor,
1257 1675 1334 1705 ordo
1357 1685 1461 1705 rerum
1484 1674 1578 1716 jubet
1600 1683 1651 1704 me

972 1725 1092 1756 Palilia
1108 1735 1237 1756 canere.
1264 1725 1352 1756 Poscz'
1365 1725 1494 1755 verbum
1510 1724 1651 1755 solemne

973 1775 1012 1806 (le
1029 1775 1078 1811 iis,
1088 1775 1142 1817 qui
1160 1785 1274 1806 canere
1287 1779 1344 1805 aut
1359 1773 1466 1805 dicere
1479 1773 1652 1816 jubentur3

974 1825 1056 1855 Met.
1074 1836 1105 1855 v.
1123 1825 1201 1855 333.
1227 1824 1388 1855 poscimur
1403 1824 1557 1861 Aonides;
1582 1822 1650 1853 Ho-

973 1875 1086 1911 ratius,
1102 1875 1131 1905 Ι.
1147 1874 1212 1906 Od.
1228 1874 1326 1905 xxxii.
1345 1875 1372 1904 1.
1389 1873 1429 1904 ad
1444 1873 1557 1915 lyram,
1575 1872 1650 1904 Pos-

974 1926 1097 1962 cimur‚·
1131 1923 1204 1955 vide
1241 1923 1286 1955 ibi
1324 1922 1520 1955 Bentleium.
1579 1922 1652 1954 Nun

973 1986 1076 2015 poscor
1087 1975 1231 2016 frustra,
1245 1973 1378 2004 idoneus
1393 1983 1462 2004 sum
1478 1972 1517 2003 iis
1531 1982 1651 2003 canen-

973 2024 1033 2055 dis.
1080 2024 1141 2054 Pro
1164 2026 1301 2064 pastoria
1317 2023 1372 2053 alii
1388 2029 1569 2063 pastorum3
1594 2022 1648 2053 Ti-

970 2074 1089 2110 bullus,
1121 2073 1208 2104 dicto
1234 2073 1317 2111 loco,
1345 2083 1412 2104 ver.
1441 2073 1504 2103 87:
1546 2076 1566 2089 ‘¹
1583 2073 1649 2104 Sua

971 2123 1052 2154 festa
1067 2122 1183 2154 Palilia
1199 2129 1306 2164 pastor
1322 2121 1514 2153 Concinet.''
1551 2122 1649 2153 Porro

970 2173 1063 2204 multi
1079 2173 1212 2209 habent,
1230 2183 1390 2213 persequor
1402 2171 1511 2213 officio.
1557 2172 1648 2209 Quo-

971 2223 1056 2254 niam
1074 2228 1180 2254 autem
1197 2222 1294 2263 officio
1310 2232 1394 2253 nunc
1410 2221 1504 2253 simul
1522 2221 1650 2253 honoris

970 2272 1110 2304 habendi
1133 2272 1218 2303 notio
1242 2271 1335 2308 inest,
1357 2277 1524 2314 propterea
1549 2281 1648 2312 prose-

970 2334 1045 2363 quor
1061 2321 1292 2364 praeserendum
1308 2320 1444 2352 videtur.

1015 2373 1092 2404 725.
1117 2372 1155 2403 In
1180 2371 1420 2415 precationibus
1448 2376 1582 2408 veteres,
1612 2377 1649 2403 ut

969 2423 1134 2453 flecterent
1162 2422 1262 2457 Deos,
1293 2421 1423 2463 pietatis
1451 2431 1518 2451 suae
1556 2420 1649 2463 signa

970 2482 1218 2503 commemorare
1239 2470 1397 2508 solebant,
1413 2470 1499 2513 quod
1523 2481 1561 2502 ex
1579 2471 1648 2502 Ho-

971 2532 1068 2558 mero,
1090 2521 1263 2563 multisque
1289 2520 1442 2563 deinceps
1465 2520 1568 2563 poetis
1592 2531 1648 2552 no-

971 2576 1039 2601 tum
1054 2578 1115 2602 est.
1142 2571 1238 2602 Nunc
1251 2570 1382 2612 quidem
1393 2577 1489 2613 poeta
1503 2581 1543 2602 ea
1556 2571 1647 2612 signa

966 2620 1081 2662 jactat,
1097 2631 1168 2662 quae
1192 2620 1231 2651 ad
1254 2620 1322 2651 haec
1344 2620 1415 2663 ipsa
1439 2631 1529 2652 sacra
1547 2621 1648 2663 perti·

973 2677 1060 2708 nent,
1076 2677 1109 2702 et
1132 2670 1164 2701 in
1187 2681 1258 2713 sqq.
1274 2676 1473 2713 repetuntur.
1514 2671 1648 2703 Voculae

973 2721 999 2751 si
1031 2720 1195 2752 varietatis
1231 2731 1328 2752 causa
1365 2731 1450 2752 nunc
1485 2720 1649 2752 substituit

974 2776 1064 2801 certe.
1111 2770 1163 2801 De
1179 2772 1281 2801 cinere
1293 2770 1350 2801 illo
1365 2769 1454 2802 vituli
1466 2770 1539 2801 vide
1553 2780 1648 2813 supra
