1830 3220
704 171 866 220 NUX,
902 172 1155 215 ELEGIA.

1547 176 1634 218 467

218 284 312 332 Est
337 285 505 341 etiam,
535 287 715 353 parsit
740 304 978 336 numerus
1005 290 1091 352 qui
1119 289 1271 346 dicat,
1302 306 1365 337 an
1391 290 1578 355 impar:

284 363 356 410 Ut
380 363 625 411 divinatas
652 364 845 412 auferat
871 381 1029 428 augur
1054 383 1194 430 opes,

1562 371 1626 415 80

214 439 293 486 Fit
318 456 521 503 quoque
546 441 610 487 de
635 448 788 498 creta,
816 443 1019 505 qualem
1046 444 1252 492 coeleste
1278 444 1490 507 figuram

281 517 450 574 Sidus,
479 525 530 565 et
554 518 603 565 in
633 519 827 566 Graecis
854 519 999 567 litera
1025 528 1206 584 quarta
1231 523 1376 584 gerit.

207 593 333 643 Haec
354 596 438 642 ubi
465 596 705 644 distincta
725 605 803 645 est
829 598 1084 660 gradibus,
1105 599 1191 661 qui
1218 599 1444 647 constitit
1465 599 1617 656 intus,

274 673 412 729 Quot
437 675 605 738 tetigit
629 675 784 739 virga,
808 683 882 723 tot
908 676 1039 740 rapit
1064 676 1181 723 inde
1207 693 1380 724 nuceS.

203 751 307 800 Vas
327 769 531 816 quoque
558 769 694 817 saepe
720 770 915 809 cavum,
938 753 1100 817 spatio
1127 753 1364 810 distante,
1393 755 1614 810 locatur;

270 829 330 877 In
357 831 493 894 quod
520 830 675 878 missa
698 830 795 878 levi
821 847 924 879 nux
950 831 1099 878 cadat
1125 847 1224 878 una
1250 846 1417 878 manu.
1551 834 1612 878 86

245 961 297 992 79.
324 961 379 992 Est
400 963 500 998 etiam,
525 973 583 1000 pavr
607 962 674 1003 sia]
702 961 752 993 Sic
778 962 871 994 hodie

199 1021 325 1053 quoque
345 1010 491 1042 ludentes
513 1022 625 1053 pueros
647 1012 870 1054 conspicimus.

197 1060 306 1091 Nuces
325 1059 421 1096 enim,
439 1066 595 1102 quotquot
611 1061 781 1096 voluerint,
799 1072 868 1093 ma-

195 1109 288 1141 nibus
314 1116 472 1152 premunt,
492 1117 524 1141 et
542 1116 691 1152 tanquam
709 1111 870 1153 problema

195 1159 330 1202 quisque
360 1160 497 1202 compari
525 1171 581 1191 suo
617 1171 793 1203 proponens
819 1161 867 1192 in·

193 1214 342 1251 terrogat,
358 1220 414 1252 par
430 1210 502 1241 insit
516 1221 675 1246 numerus,
688 1221 728 1241 an
745 1211 863 1253 impar:

191 1259 278 1302 quod
299 1260 323 1290 si
346 1260 400 1290 ille
423 1259 623 1295 divinaverit,
639 1271 747 1291 omnes
769 1271 865 1291 nuces

191 1309 314 1339 aufert:
350 1308 398 1340 sin
428 1310 543 1345 minus,
576 1309 706 1341 totidem
738 1310 865 1342 amittit.

191 1358 297 1399 Hujus
310 1357 376 1388 ludi
391 1358 536 1389 meminit
551 1364 583 1389 et
598 1359 732 1390 Flaccus
748 1360 780 1390 in
792 1360 863 1390 Ser-

189 1407 347 1444 monibus,
360 1407 436 1438 dum
450 1407 589 1450 pueriles
601 1408 692 1439 ludos
707 1416 861 1445 recenset,

188 1458 334 1500 inquiens
350 1470 356 1487 ε
384 1458 507 1489 Ludere
528 1469 586 1498 par
601 1460 711 1499 impar,
726 1461 862 1499 equitare

189 1509 222 1539 in
242 1509 397 1539 arundine
419 1509 522 1550 longa.
549 1508 618 1539 Nec
635 1519 708 1539 vero
725 1508 860 1541 nucibus

187 1563 312 1589 tantum
340 1564 396 1589 aut
414 1558 572 1589 castaneis
594 1558 703 1589 ludere
723 1570 782 1598 par
802 1560 859 1589 im-

182 1620 242 1648 par
270 1607 354 1639 soliti
383 1613 474 1638 erant
506 1607 640 1649 antiqui,
672 1608 727 1639 sed
762 1608 859 1639 etiam

183 1657 335 1689 nummis.
382 1657 532 1698 Legimus
556 1657 640 1688 enim
658 1657 743 1700 apud
758 1658 857 1689 Tran-

183 1706 330 1749 quillum,
368 1706 549 1748 Augustum
589 1706 633 1737 sic
682 1707 722 1737 ad
760 1707 857 1738 filiam

182 1756 364 1799 scripsisse:
392 1761 412 1774 “
430 1756 505 1787 Misi
537 1756 593 1787 tibi
624 1756 769 1788 denarios
799 1759 856 1789 du-

182 1812 292 1838 centos
316 1812 348 1837 et
367 1805 612 1848 quinquaginta,
631 1817 708 1848 quos
723 1806 857 1848 singulis

181 1856 323 1887 convivis
338 1856 501 1893 dederam,
518 1856 542 1887 si
561 1856 678 1887 vellent
693 1857 773 1888 inter
788 1867 853 1888 coe-

180 1917 266 1943 narn,
297 1906 347 1937 vel
377 1905 461 1941 talis,
490 1906 540 1936 vel
576 1916 632 1948 par
668 1906 769 1948 impar
804 1906 852 1937 lu-

180 1956 288 1987 dere.''
325 1957 429 1987 IDEM.

222 2007 275 2038 80.
318 2006 361 2036 Ut
397 2008 551 2037 divinatas
588 2006 714 2048 miserat
747 2018 852 2049 augur

175 2056 270 2097 opes]
291 2056 336 2087 Ut
351 2055 442 2086 tollat
457 2056 556 2086 victor
571 2066 648 2098 puer
663 2067 739 2095 opes,
754 2067 850 2087 nuces

175 2104 316 2136 seilicet!
343 2115 475 2147 quarum
498 2116 664 2136 numerum
684 2107 850 2137 divinando

176 2155 365 2197 conjecerat.
409 2154 508 2185 Totus
524 2155 574 2185 liic
592 2155 704 2197 plenus
719 2155 847 2197 elegan-

174 2205 227 2236 tiae
244 2206 353 2244 locus3
377 2211 409 2236 et
424 2204 529 2236 varius
551 2215 675 2247 semper
699 2211 794 2247 poeta
814 2206 844 2235 in

174 2255 383 2286 describendo
411 2254 514 2285 varios
549 2265 715 2296 puerorum
747 2255 846 2291 lusus,

173 2315 247 2336 cum
273 2303 349 2346 ipsis
375 2304 500 2335 videtur
530 2304 712 2344 colludere;
739 2315 844 2346 neque

170 2354 243 2385 ideo
264 2364 366 2385 rerum
384 2353 572 2396 gravitatem
589 2354 692 2386 verbis
708 2365 843 2397 usquam

172 2404 290 2436 elevat.

216 2456 269 2486 81.
288 2454 341 2485 Fit
356 2455 496 2495 quoque]
522 2454 662 2485 Tertium
685 2454 773 2486 lusus
788 2465 840 2496 ge-

170 2515 229 2536 nus
245 2503 407 2535 describit.
454 2504 502 2535 Ex
518 2509 605 2535 creta
624 2503 764 2546 pingitur
776 2514 842 2535 am-

169 2554 224 2597 pla
253 2554 353 2595 figura
385 2552 556 2595 triangula,
584 2554 711 2596 qualem
745 2554 843 2585 habet

170 2604 255 2646 apud
273 2604 403 2635 Graecos
419 2602 527 2635 Δέλτα
545 2604 720 2646 majuscula
743 2604 842 2634 forma

170 2653 337 2696 scriptum.
392 2653 548 2684 Eamdem
586 2654 719 2696 figuram
756 2653 841 2696 apud

170 2705 341 2746 AEgyptios
357 2714 450 2734 cursu
463 2714 518 2734 suo
534 2703 611 2735 facit
623 2703 718 2735 Nilus
732 2715 738 2734 ε
757 2703 841 2735 unde

168 2758 201 2785 et
224 2754 294 2785 loco
314 2764 428 2785 nornen
449 2753 595 2785 inditum.
641 2754 683 2785 Et
707 2754 781 2785 huic
801 2753 841 2784 si—

941 963 1023 994 milis
1041 963 1215 995 ostenditur
1239 963 1271 994 in
1295 962 1378 994 coelo
1404 973 1497 1004 super
1518 967 1615 1004 caput

939 1013 1069 1044 Arietis.
1117 1013 1186 1044 Hac
1207 1018 1316 1043 notant
1333 1018 1392 1043 tres
1408 1012 1519 1047 stellae,
1533 1012 1612 1042 dua-

939 1063 997 1094 bus
1020 1063 1112 1094 lineis
1130 1062 1318 1104 aequalibus,
1335 1062 1428 1093 tertia
1449 1061 1609 1092 breviore:

938 1111 994 1142 sed
1011 1123 1081 1154 quie
1102 1112 1134 1142 in
1156 1111 1272 1153 angulo
1295 1111 1420 1142 stellam
1446 1110 1610 1141 clariorem

938 1160 1064 1197 habeat,
1093 1161 1199 1193 Graeci
1234 1159 1396 1192 δέλτωτον
1431 1159 1608 1202 appellant.

936 1210 975 1241 In
1003 1210 1096 1241 lineis
1122 1211 1228 1252 itaque
1256 1209 1361 1252 pictis,
1389 1210 1482 1240 certis
1511 1209 1608 1240 inter-

937 1259 1039 1296 vallis,
1062 1271 1140 1301 quos
1161 1259 1213 1290 hic
1235 1262 1352 1301 gradus
1373 1267 1477 1295 vocat,
1498 1259 1605 1300 dispo-

935 1314 1051 1340 nuntur
1073 1319 1182 1340 nuces.
1225 1309 1308 1339 Puer
1330 1308 1384 1350 qui
1407 1313 1469 1339 stat
1486 1308 1518 1338 in
1540 1319 1606 1338 me—

933 1357 995 1395 dio,
1016 1359 1106 1400 jactu
1137 1357 1231 1399 virgae
1269 1364 1346 1400 quot
1382 1358 1532 1399 tetigerit,
1560 1363 1606 1388 tot

931 1408 1042 1439 aufert.
1067 1408 1200 1438 EnAsM.

974 1459 1026 1488 84.
1054 1458 1133 1492 Quot
1151 1459 1252 1499 tetigit
1268 1458 1370 1499 virga,
1387 1464 1428 1488 tot
1443 1459 1524 1497 cupit
1540 1459 1604 1497 ipsa

929 1508 1051 1548 nuces]
1082 1506 1150 1547 Ipse
1175 1507 1329 1542 nonnulli,
1346 1507 1397 1537 ille
1421 1506 1494 1537 duo.
1539 1507 1602 1538 Sed

929 1562 1018 1588 vetus
1044 1557 1153 1593 editio,
1175 1557 1274 1588 codex
1303 1556 1437 1597 Regius,
1464 1562 1496 1587 et
1517 1556 1601 1587 Lan-

927 1606 1091 1648 germanni
1115 1613 1209 1643 recte,
1228 1612 1271 1638 tot
1286 1609 1368 1646 capit
1384 1608 1455 1637 inde
1468 1619 1477 1636 .-
1502 1617 1600 1648 quare

927 1665 957 1689 et
978 1658 1011 1689 in
1035 1657 1184 1700 superiori
1201 1668 1290 1688 versu
1312 1656 1525 1691 scribendum,
1548 1659 1601 1697 qui

926 1710 1059 1739 constitit
1098 1709 1203 1743 intus‚·
1243 1717 1316 1742 non,
1354 1717 1430 1746 quoe.
1478 1706 1599 1737 HmNs.

925 1758 1069 1800 Legebat
1090 1768 1162 1788 vero
1186 1756 1384 1787 Sentlebius:
1411 1760 1431 1773 “
1513 1756 1595 1792 Quae

926 1806 1066 1837 constitit
1086 1807 1168 1837 intra
1187 1807 1275 1843 Quot
1300 1804 1405 1846 tetigit
1420 1805 1535 1846 virgas,
1553 1811 1598 1836 tot

924 1859 1005 1896 capit
1025 1856 1099 1888 inde
1123 1855 1256 1886 nuces.’'
1303 1856 1344 1885 Et
1364 1855 1410 1885 ita
1428 1855 1569 1897 explicat
1587 1868 1594 1885 ε

922 1906 1021 1937 Delta
1052 1906 1235 1937 Graecorum
1271 1905 1455 1946 triangulari
1494 1905 1594 1936 forma

921 1956 1122 1997 pingebatur,
1151 1955 1248 1997 idque
1279 1955 1429 1996 gradibus
1455 1954 1592 1985 invicem

921 2006 1186 2047 distinguebatur.
1223 2004 1430 2036 Colludentes
1444 2015 1517 2045 ergo
1533 2015 1590 2046 pu-

920 2055 964 2086 eri
987 2055 1095 2098 procul
1121 2060 1240 2086 stantes
1269 2065 1366 2085 nuces
1391 2053 1533 2095 singulas
1559 2054 1591 2085 in

919 2105 1071 2136 Deltoton
1102 2105 1282 2140 mittebant,
1313 2110 1345 2135 et
1372 2104 1590 2146 cujuscunque

917 2167 981 2187 nux
1003 2157 1035 2187 in
1060 2156 1115 2187 illo
1138 2155 1299 2186 schemate
1317 2155 1523 2191 consistebat,
1545 2159 1591 2185 tot

916 2206 1100 2237 lucrabatur
1125 2215 1234 2241 nuces,
1259 2210 1336 2246 quot
1360 2204 1513 2245 tangebat
1529 2204 1590 2235 vir-

915 2266 983 2297 gas,
1012 2266 1068 2286 seu
1095 2255 1216 2293 lineas;
1244 2254 1270 2285 si
1296 2264 1368 2284 vero
1398 2264 1462 2285 nux
1491 2252 1588 2285 missa

914 2305 1046 2336 Deltoto
1062 2304 1186 2347 penitus
1197 2303 1390 2345 emigrasset,
1407 2302 1514 2333 missio
1527 2302 1588 2334 ista

913 2359 980 2385 erat
1003 2354 1098 2391 irrita,
1124 2360 1156 2385 et
1183 2353 1264 2384 alius
1288 2364 1326 2384 ex
1351 2352 1443 2384 sociis
1471 2351 1586 2384 admit-

912 2405 1049 2436 tebatur.
1111 2404 1224 2440 Recte,
1254 2409 1289 2434 ut
1326 2402 1455 2444 quidem
1495 2408 1586 2444 puto,

911 2454 1101 2492 Sentlebius‚
1127 2454 1181 2496 qui
1211 2453 1339 2485 uberius
1365 2453 1448 2484 hunc
1478 2453 1583 2483 locum

910 2505 1069 2536 illustrat:
1096 2515 1168 2535 nam
1191 2506 1349 2536 consistere
1370 2514 1434 2533 nux
1457 2501 1584 2540 dicitur,

911 2565 982 2596 quae
999 2565 1015 2585 e
1030 2565 1126 2585 manu
1142 2553 1256 2585 emissa
1271 2559 1302 2584 et
1316 2552 1455 2588 evoluta,
1474 2551 1581 2593 quies-

910 2603 953 2635 cit
975 2609 1007 2635 et
1027 2614 1152 2635 cursum
1174 2602 1255 2639 finit,
1271 2607 1306 2633 ut
1328 2600 1444 2632 millies
1467 2611 1506 2633 ea
1523 2611 1582 2632 vox

909 2653 1057 2685 occurrit.
1104 2654 1223 2685 BunM.

954 2705 1006 2735 85.
1039 2704 1097 2735 Vas
1133 2702 1274 2744 quoque-J
1304 2700 1455 2732 Meminit
1488 2700 1582 2742 hujus

909 2754 998 2786 lusus
1030 2758 1061 2784 et
1088 2752 1236 2784 Persius:
1275 2751 1318 2782 Et
1344 2757 1480 2792 angustoe
1507 2751 1582 2782 collo
