1830 3220
582 172 935 216 FASTORUM
971 172 1091 214 LlB.
1127 171 1210 213 IV.

1519 173 1606 215 215

173 291 401 339 Crimine
428 306 530 338 nox
556 306 718 338 vacua
741 298 848 338 est:
893 289 1065 338 Solem
1091 289 1156 337 de
1181 287 1373 351 virgine
1399 296 1545 353 rapta

240 368 484 425 Consule,
513 369 600 432 qui
625 368 727 416 late
752 367 888 416 facta
912 368 1092 416 diurna
1112 367 1267 415 videt.

173 445 261 493 Sol
284 445 482 501 aditus;
525 445 694 501 Quam
721 445 925 508 quaeris,
954 445 1040 501 ait,
1069 462 1132 493 ne
1159 460 1288 492 vana
1312 444 1529 502 labores,

243 523 420 589 Nupta
443 522 586 571 Jovis
611 523 750 571 fratri
778 522 929 571 tertia
954 539 1112 586 regna
1136 528 1293 570 tenet.

173 601 368 657 Questa
393 602 479 650 diu
507 618 699 658 secum,
728 601 800 649 sic
828 607 908 649 est
934 601 1087 648 affata
1112 600 1425 663 Tonantem;

1504 603 1602 648 585

243 679 577 743 Maximaque
605 679 655 726 in
681 679 822 726 vultu
850 679 995 743 signa
1020 677 1240 726 dolentis
1267 685 1441 734 erant;

175 757 230 806 Si
257 774 449 807 memor
474 775 545 815 es,
573 758 637 806 de
665 774 766 821 quo
794 757 916 805 mihi
943 757 1010 805 sit
1038 756 1345 820 Proserpina
1371 762 1519 804 nata:

246 835 526 884 Dimidium
553 852 686 884 curae
712 836 868 884 debet
893 835 1083 883 habere
1108 842 1227 882 tuae.

179 914 320 964 Orbe
346 922 620 980 pererrato,
650 915 759 963 sola
784 922 863 962 est
889 913 1071 977 injuria
1094 912 1212 960 faeti

248 992 498 1056 Cognita:
539 991 796 1041 commissi
827 991 1036 1057 praemia
1061 997 1235 1056 raptor
1259 991 1432 1039 habet.

1508 994 1607 1040 590

177 1072 248 1120 Αῖ
274 1087 443 1135 neque
470 1070 801 1135 Persephone
828 1070 983 1134 digna
1008 1077 1086 1118 est
1107 1069 1347 1134 praedone
1374 1069 1570 1126 marito,

251 1149 361 1197 Nec
388 1165 543 1213 gener
568 1150 663 1197 hoc
691 1148 836 1196 nobis
863 1164 1002 1196 more
1030 1147 1285 1212 parandus
1312 1155 1434 1196 erat.

180 1227 317 1284 Quid
343 1227 544 1291 gravius
569 1227 758 1275 victore
787 1227 936 1291 Gyge
963 1227 1165 1291 captiva
1190 1226 1438 1284 tulissem,

249 1305 416 1362 Quam
443 1322 595 1362 nuno,
623 1313 673 1353 te
701 1305 813 1352 coeli
841 1312 1044 1369 sceptra
1068 1311 1294 1360 tenente,
1322 1304 1448 1352 tuli?

180 1385 370 1434 Verum
399 1385 606 1450 impune
631 1383 787 1441 ferat;
830 1400 921 1432 nos
948 1384 1056 1430 haec
1084 1382 1339 1447 patiamur
1364 1382 1567 1431 inultae:

252 1463 477 1521 Reddat,
506 1471 558 1511 et
582 1463 822 1511 emendet
845 1462 982 1510 facta
1007 1461 1173 1526 priora
1198 1460 1356 1509 novis.

1511 1464 1609 1509 596

180 1541 384 1607 Jupiter
407 1543 538 1591 hanc
565 1542 706 1599 lenit,
734 1542 1030 1605 factumque
1058 1546 1274 1588 excusat
1298 1555 1495 1597 amore;

254 1620 364 1670 Nec
392 1636 547 1684 gener
572 1627 651 1669 est
676 1619 824 1669 nobis
850 1619 934 1667 ille
963 1617 1254 1684 pudendus,
1282 1618 1367 1666 ait.

183 1823 240 1855 illa
263 1834 328 1855 rem
353 1823 523 1866 ignoraret,
541 1834 605 1855 ver.
621 1824 677 1854 62.
701 1823 741 1854 ad
766 1823 863 1853 Solem

183 1873 371 1904 contendit:
398 1874 481 1905 θεῶν
497 1873 627 1905 σκοπὸν
648 1871 702 1911 ἠδὲ
727 1873 783 1903 καὶ
802 1871 863 1904 ἀν-

184 1923 288 1966 δρῶν;
306 1924 441 1955 Metam.
453 1935 483 1955 v.
494 1924 557 1955 487
571 1934 641 1965 sqq.
653 1933 690 1954 ex
703 1922 865 1954 Arethusa

186 1979 312 2015 raptum
329 1973 445 2012 discit3
471 1973 557 2016 apud
574 1972 804 2015 Apollodorum
825 1983 864 2004 ex

187 2023 483 2055 Hermionensibus.
528 2023 621 2054 Adeo
651 2023 720 2054 haee
745 2022 867 2054 variata

186 2079 274 2105 sunt.
322 2074 385 2109 Qui
401 2075 475 2109 late,
492 2078 555 2105 etc.
596 2072 650 2104 Sol
667 2071 868 2115 πανδέρκης.

187 2124 297 2155 Codex
315 2124 617 2165 Bononiens.furta
637 2125 765 2159 diui-na,
782 2122 868 2165 quod

189 2174 376 2205 Burmanno
392 2173 485 2205 valde
506 2173 632 2215 placet;
658 2172 758 2204 altera
775 2172 870 2204 lectio

190 2223 334 2255 latiorem
364 2224 463 2255 habet
492 2223 695 2255 sententiam.
741 2223 871 2265 Hymno

190 2274 361 2306 Homerico
374 2275 427 2306 69.
440 2274 536 2305 Ceres
551 2273 655 2305 Solem
672 2273 717 2304 ita
733 2273 870 2315 alloqui-

190 2329 242 2355 tur
255 2336 262 2354 ε
289 2325 337 2357 Σὺ
351 2325 416 2367 γὰρ
432 2323 473 2363 δὴ
491 2325 610 2355 πᾶσαν
624 2322 678 2354 ἐπὶ
692 2323 801 2365 χθόνα
814 2323 871 2354 καὶ

189 2375 274 2406 κατὰ
290 2374 420 2406 πόντον
429 2373 568 2416 Αἰθέρος
580 2373 613 2405 ἐκ
628 2372 702 2412 δίης
712 2372 870 2415 καταδέρ-

190 2437 262 2457 κεαι
280 2425 461 2457 ἀκτίνεσσι.
507 2425 652 2467 Raptum
677 2425 731 2455 Sol
755 2423 800 2455 ita
821 2423 869 2454 in-

191 2476 291 2512 dicat,
304 2481 340 2506 ut
364 2475 537 2506 fomentum
561 2473 652 2505 matri
674 2473 796 2505 dolenti
815 2473 872 2505 ad-

191 2527 291 2557 ferat:
319 2525 427 2565 Nupta
442 2525 527 2556 Jovis
531 2523 650 2566 fratri,
666 2530 729 2555 etc.

236 2577 312 2608 585.
337 2576 454 2608 Confer
468 2585 542 2606 cum
556 2574 697 2606 oratione
713 2585 780 2616 seq.
796 2574 869 2605 Me-

192 2633 270 2658 tam.
295 2637 324 2657 v.
348 2626 413 2657 512
438 2635 510 2667 sqq.
533 2634 606 2666 quae
636 2624 666 2655 ei
692 2623 868 2655 simillima.

193 2677 245 2708 Ibi
261 2681 326 2708 stat
342 2681 414 2707 ante
431 2676 547 2708 Jovem
565 2681 625 2706 toto
643 2675 751 2706 nubila
766 2676 870 2710 vultu,

193 2733 227 2759 et
255 2728 348 2767 passis
376 2727 525 2758 invidiosa
550 2726 683 2766 capillis,
706 2731 870 2767 rogatque,

195 2788 255 2809 <nen
268 2779 310 2809 sit
327 2777 382 2807 tibi
397 2787 474 2808 cura
488 2777 582 2807 vilior
596 2777 693 2806 iltius.

976 1822 1055 1853 593.
1093 1820 1197 1862 Gyges
1221 1831 1302 1851 unus
1329 1831 1368 1852 ex
1392 1821 1614 1862 Centimanis,·

935 1871 1105 1908 Hesiodus,
1121 1871 1242 1913 Theog.
1263 1872 1344 1909 1493
1380 1871 1568 1914 Apollodor.
1588 1874 1612 1906 i.

939 1923 965 1953 1.
1012 1922 1077 1954 Sed
1100 1921 1158 1953 hoc
1175 1921 1245 1953 loco
1261 1922 1342 1953 inter
1359 1922 1518 1964 Gigantas
1533 1924 1615 1956 rela-

936 1979 986 2004 tus
1008 1978 1067 2008 est,
1082 1971 1137 2014 qui
1158 1982 1230 2003 cum
1249 1971 1326 2003 Jove
1342 1971 1382 2002 de
1399 1971 1531 2014 imperio
1547 1985 1612 2006 cer-

936 2028 1055 2053 tarunt.
1085 2022 1208 2062 Magna
1223 2020 1318 2063 igitur
1334 2020 1380 2052 vis
1395 2027 1427 2052 et
1443 2022 1614 2064 plurimum

937 2071 1121 2104 acerbitatis
1146 2077 1195 2102 est
1219 2071 1250 2102 in
1277 2072 1337 2103 hac
1361 2073 1614 2114 comparatione.

936 2122 1079 2164 Scaliger
1102 2121 1242 2153 malebat
1264 2121 1322 2152 hoc
1346 2121 1417 2153 loco
1434 2122 1522 2164 Gye,
1548 2124 1616 2157 sine

936 2184 1048 2205 causa.
1095 2171 1181 2203 Vide
1197 2171 1367 2203 Heinsium
1383 2172 1422 2203 ad
1442 2173 1551 2205 Amor.
1566 2176 1614 2207 ΙΙ.

937 2224 960 2255 i.
995 2225 1033 2254 12
1053 2236 1062 2260 3
1109 2222 1293 2253 Bentleium
1333 2222 1374 2253 ad
1405 2223 1529 2256 Horatii
1565 2227 1615 2258 ΙΙ.

937 2273 1002 2305 Od.
1023 2273 1100 2304 xvii.
1120 2274 1179 2311 143
1203 2273 1354 2304 Munker.
1374 2272 1414 2304 ad
1440 2275 1618 2317 Hyginum.

937 2336 969 2367 p.
986 2325 1020 2355 2.

982 2375 1058 2406 598.
1082 2374 1203 2416 Hymn.
1220 2373 1400 2411 Homerico,
1414 2376 1469 2406 83.
1483 2376 1535 2407 Sol
1552 2376 1614 2409 Ce-

938 2434 1038 2455 rerem
1059 2422 1105 2454 sic
1124 2422 1262 2454 solatur:
1287 2423 1376 2455 οὗτοι
1398 2423 1512 2465 ἀεικὴς
1527 2430 1615 2469 Γαμ-

938 2474 1022 2516 βρὸς
1056 2473 1094 2505 ἐν
1121 2471 1306 2510 ἀθανάτοις
1344 2474 1616 2520 πολυσημάντωρ

939 2522 1130 2562 Ἀἳδωνέυς.
1188 2523 1259 2554 Νοη
1296 2535 1350 2566 ego
1385 2526 1526 2558 nobilior.
1577 2528 1617 2560 Se

937 2585 1011 2606 cum
1028 2585 1091 2605 uno
1107 2573 1244 2605 Plutone
1260 2584 1442 2617 comparare
1458 2575 1618 2617 debebat;

938 2623 994 2656 sed
1019 2623 1142 2666 placuit
1162 2623 1264 2655 obiter
1279 2628 1311 2655 et
1331 2624 1464 2655 alterum
1488 2625 1614 2658 fratrem

938 2674 1071 2706 addere.
1103 2673 1213 2710 Inane,
1226 2673 1260 2705 in
1276 2685 1339 2716 quo
1353 2674 1462 2706 inanes
1477 2677 1596 2708 umbrae
1610 2690 1618 2716 ;

940 2725 1075 2756 lVIetam.
1095 2723 1137 2755 ἰν.
1159 2725 1244 2762 509;
1278 2726 1387 2755 inania
1411 2735 1507 2767 regna
1531 2726 1615 2758 Ditis

939 2785 978 2805 ex
997 2773 1144 2815 Virgilio,
1162 2774 1292 2806 [Eneid.
1308 2773 1350 2805 vi.
1365 2774 1440 2806 269.
