1809 3220
251 181 338 223 526
787 181 1135 225 EXCURSUS

249 297 372 345 Quos
390 311 521 351 quum
543 297 613 337 alii
632 296 811 338 totidem
830 297 996 339 Latinis
1016 300 1325 354 expresserint,
1344 301 1447 355 quid
1470 301 1663 355 impedit,

246 367 471 419 quominus
490 371 534 406 et
555 380 630 406 nos
653 366 695 406 id
711 367 956 407 tentemus?
981 368 1195 409 interdum
1214 370 1326 410 enim
1348 369 1493 411 Latias
1513 368 1662 410 Musas

246 440 409 475 nostras
432 434 543 474 inter
566 433 746 475 Graecas
769 434 974 475 luxuriari
995 436 1197 477 sinimus:

401 560 518 597 Livor
538 559 763 611 Apollineas
781 560 931 599 occulte
951 561 1051 600 dixit
1072 563 1112 599 in
1132 577 1264 602 aures:

401 624 493 661 Non
512 624 627 660 miror
647 631 788 668 vatem,
809 624 874 675 qui
895 637 971 661 non
991 626 1097 663 canit
1118 627 1279 677 aequoris
1298 627 1445 673 instar3

399 688 579 725 Livorem
599 688 750 739 pepulit
771 688 886 726 simul
906 688 986 733 ille,
1008 690 1199 742 simulque
1219 691 1384 730 locutus.

401 751 586 802 Assyrius
604 751 682 789 late
703 751 788 790 fluit
808 752 944 799 amnis,
965 760 1004 790 at
1025 754 1091 792 ille
1110 754 1294 805 palustris

402 814 583 852 Illuviem
603 822 715 852 terrae
735 815 941 866 sordesque
962 816 1111 856 volutat
1132 819 1171 855 in
1191 818 1318 856 undis.

400 879 492 916 Non
511 880 644 929 quovis
665 879 797 917 Cereri
818 880 940 919 libant
961 894 982 918 e
1002 881 1110 920 fonte
1132 882 1317 928 illelissae‚

399 941 478 980 Sed
496 943 562 993 qui
582 942 766 993 limpidus
786 950 857 988 est,
878 951 917 982 et
937 945 1020 983 limi
1041 945 1190 996 prosilit
1211 958 1361 997 expers,

398 1004 514 1043 Sacro
534 1006 640 1043 fonte
660 1005 770 1044 latex
790 1019 943 1057 parvus,
966 1008 1033 1046 flos
1053 1022 1225 1046 summus
1244 1022 1442 1059 aquarum.

398 1068 526 1114 Salve,
546 1082 628 1114 rex,
649 1070 760 1107 abeat
779 1083 854 1120 quo
873 1085 969 1110 crux
989 1073 1063 1111 erit
1082 1071 1236 1110 invidus
1256 1071 1334 1110 ille.

238 1199 424 1241 Causam
446 1205 589 1240 autem
612 1199 777 1254 profert
800 1201 1070 1244 Nicodemus
1095 1201 1362 1243 Frischlinus
1385 1200 1427 1241 in
1449 1200 1537 1242 vita
1559 1200 1656 1242 Cal-

236 1267 404 1309 limachi
426 1282 568 1323 graece
596 1269 862 1324 conscripta:
897 1277 954 1317 Εἰς
978 1272 1014 1310 ἓν
1034 1275 1093 1309 καὶ
1119 1273 1249 1320 ποίημα
1277 1271 1515 1317 ἐπιτετήδευκε
1539 1273 1596 1308 διὰ
1620 1272 1659 1308 τὸ

234 1340 488 1389 προσποιητικὸν
508 1343 629 1376 ἐκεῖνον
649 1337 734 1376 εἶναι
754 1345 820 1377 τῶν
838 1343 1073 1389 Καλλιμάχου
1092 1342 1251 1386 βιβλίων,
1265 1342 1324 1376 καὶ
1343 1341 1530 1390 ἀλλοτρίων
1543 1339 1646 1376 πόνων

234 1408 387 1457 ὠνόμασε
408 1410 434 1445 δ’
455 1410 558 1445 αὐτὸν
577 1414 762 1457 κρυπτικῶς
774 1407 878 1455 Ἴβιν,
900 1415 941 1454 ὡς
959 1412 1020 1446 καὶ
1041 1412 1171 1447 Νάσων
1189 1412 1204 1446 o‘
1223 1410 1362 1455 ποιητὴς
1380 1411 1464 1446 οὕτω
1482 1425 1549 1452 πως
1565 1425 1656 1458 μαρ-

234 1484 337 1528 τυρεῖ.
407 1482 433 1498 “
458 1476 510 1517 In
544 1476 653 1518 hunc
688 1476 991 1526 Callimachus,
1027 1478 1141 1532 quod
1179 1491 1279 1518 suos
1311 1477 1383 1518 ille
1415 1477 1544 1518 libros
1576 1476 1657 1518 sibi

232 1552 466 1601 arrogaret,
498 1553 542 1587 et
573 1547 734 1587 alienos
768 1547 932 1589 labores
963 1562 1040 1602 pro
1074 1547 1160 1588 suis
1189 1546 1448 1594 venditaret,
1478 1546 1653 1587 maledi-

231 1629 329 1655 cum
361 1629 533 1655 carmen
566 1615 717 1664 edidit,
742 1617 972 1671 ipsumque
1004 1615 1286 1670 Apollonium
1319 1628 1546 1669 suppresso
1579 1629 1652 1656 no·

230 1685 344 1725 mine
381 1685 476 1726 Ibin
514 1685 763 1734 nominavit,
798 1687 1162 1741 quemadmodum
1201 1684 1386 1726 Ovidius
1430 1685 1655 1727 testatur.”

232 1753 345 1795 Haec
377 1753 463 1801 ille,
488 1754 602 1808 quod
631 1755 746 1808 apud
781 1755 909 1796 alium
942 1761 1054 1796 uotae
1091 1754 1277 1796 melioris
1314 1759 1534 1796 auctorem
1565 1767 1650 1795 non

228 1822 402 1863 memini
430 1836 497 1863 me
521 1822 682 1877 legere,
707 1824 786 1864 nisi
808 1824 923 1878 quod
951 1823 1063 1864 hunc
1088 1837 1272 1871 versum,
1298 1822 1372 1877 qui
1393 1822 1509 1876 apud
1531 1836 1650 1863 eum-

227 1892 326 1934 dem
350 1891 627 1946 Apollonium
650 1898 805 1940 exstat,
823 1891 1066 1948 Argonaut.
1091 1892 1162 1933 lib.
1186 1892 1213 1932 i.
1236 1906 1335 1947 pag.
1352 1891 1423 1932 64.
1447 1891 1646 1934 editionis

229 1960 504 2016 Stephaneae,

439 2066 508 2100 Καὶ
527 2066 576 2100 τὰ
595 2064 658 2111 μὲν
678 2068 717 2107 ὡς
736 2063 874 2112 ἥμελλα
894 2069 989 2114 μετὰ
1008 2066 1119 2115 χρόνον
1139 2065 1380 2109 ἐκτελέεσθαι,

224 2163 477 2220 Qallimachi
513 2178 682 2204 versum
721 2180 815 2206 esse
853 2166 905 2206 ab
940 2165 1173 2220 Apollonio
1212 2170 1478 2220 usurpatum,
1516 2170 1641 2206 vetus

223 2231 354 2290 ipsius
387 2232 604 2287 Apollonii
645 2233 895 2275 scholiastes
931 2236 1096 2276 asserit.
1163 2234 1454 2275 Nicodemum
1495 2239 1640 2275 autem

224 2295 505 2343 Frischlinum
549 2316 679 2356 quum
721 2303 762 2343 in
803 2303 1096 2345 testimonium
1140 2303 1317 2351 adduxi,
1357 2303 1532 2344 miseret
1570 2318 1640 2345 me

223 2370 484 2411 acerbissimi
517 2370 610 2424 ejus
643 2370 743 2411 fati:
778 2385 888 2420 nam,
921 2387 1051 2426 quum
1088 2372 1141 2413 ob
1175 2386 1240 2420 ea,
1276 2386 1373 2425 quae
1407 2385 1480 2412 ore
1515 2371 1639 2414 nimis

222 2438 356 2479 libero
389 2437 618 2478 effutiisset
652 2438 693 2478 in
729 2439 838 2479 viros
873 2440 1169 2488 nobilissimos,
1200 2439 1440 2494 Moguntiae
1474 2440 1516 2481 in
1550 2454 1638 2481 car-

221 2521 362 2548 cerem
398 2507 618 2561 conjectus
654 2514 783 2555 esset,
815 2508 1003 2564 indeque
1040 2510 1253 2550 deductus
1286 2509 1398 2550 foret
1429 2509 1472 2550 in
1504 2507 1636 2550 Wur-

221 2575 472 2630 tembergici
496 2575 571 2615 soli
591 2589 731 2616 arcem
755 2575 1216 2619 Hohenauracensem:
1240 2591 1325 2632 quo
1343 2577 1635 2632 captivitatem

220 2645 447 2698 effugeret,
470 2657 631 2697 pannos
654 2644 838 2692 discidit,
863 2651 922 2694 ut,
948 2645 1010 2686 his
1040 2645 1266 2700 colligatiS,
1290 2659 1336 2686 se
1362 2645 1636 2693 demitteret;

220 2713 294 2753 sed
328 2712 567 2765 hujusmodi
593 2711 706 2752 funis
735 2712 913 2766 perfidia
941 2713 982 2754 in
1013 2714 1115 2755 alias
1143 2713 1334 2767 aliasque
1363 2719 1506 2768 petras
1528 2727 1633 2768 prae-
