1830 3220
585 197 657 239 IN
691 197 908 240 OVIDII
943 196 1103 239 IBIN.
1465 198 1551 240 521

128 321 342 353 ALIENO.
408 313 564 368 Itaque
597 314 840 368 praecipuus
876 313 942 354 hic
977 314 1096 354 nobis
1133 327 1286 367 scopus
1321 312 1374 353 ob
1404 312 1549 353 oculos

124 379 219 428 erit,
245 387 293 421 ut
323 395 420 435 quae
448 382 708 430 obscuriora,
732 397 812 423 nec
835 382 937 422 dum
966 384 1168 437 cuiquam
1194 381 1411 436 explicata
1432 387 1546 429 sunt,

126 449 266 502 quoad
302 449 396 504 ejus
430 450 522 491 fieri
555 451 728 505 poterit,
758 450 1016 490 illustratum
1051 465 1213 491 eamus.
1277 450 1548 491 Excusorum

124 516 254 557 etiam
290 517 490 559 librorum
525 518 715 559 maculas
746 532 875 558 manu
910 518 1164 573 scriptorum
1200 533 1296 573 ope,
1321 525 1396 559 aut
1428 525 1547 559 certe

125 584 205 638 ipsi
235 586 290 626 de
316 587 490 642 ingenio
515 587 723 628 eluamus.
789 585 935 626 Prima
966 587 1143 641 quidem
1173 586 1363 627 editione
1387 586 1546 628 Obser-

123 654 343 695 vationum
373 661 612 696 nostrarum
636 655 873 696 difficiliora
893 656 1092 709 quaedam
1119 656 1212 696 loca
1241 656 1457 696 saltuatim
1482 671 1546 697 se-

122 721 391 777 legeramus3
432 724 638 779 planiora,
673 730 719 765 et
749 738 845 778 quae
883 723 934 763 ab
973 723 1064 764 aliis
1101 723 1343 772 enucleata,
1378 724 1546 765 silentio

121 793 492 834 transmiseramus
512 810 520 834 :
556 793 701 841 Nunc,
726 793 898 833 hortatu
920 792 1104 833 virorum
1134 792 1418 847 acrijudicio‚
1441 793 1544 833 ube-

117 859 275 902 riorem
303 867 348 901 et
369 867 627 916 perpetuum
651 861 1021 902 Commentarium
1050 861 1216 909 damus,
1239 876 1296 902 ne
1320 861 1402 902 alio
1425 875 1543 915 quae-

117 929 253 970 reuda
270 930 324 970 sit
341 930 578 972 fabularum
598 930 737 970 minus
756 929 977 970 obviarum
997 929 1224 970 enarratio.
1279 929 1542 984 Quanquam

121 1011 175 1037 ne
205 998 264 1038 sic
288 999 460 1052 quidem
490 1013 568 1039 nos
599 1012 747 1038 omnes
771 997 949 1052 hujusce
973 997 1104 1037 libelli
1127 997 1316 1038 salebras
1339 998 1544 1052 explana-

122 1071 238 1107 turos
267 1067 534 1121 pollicemur,
564 1073 611 1108 ut
643 1067 784 1122 quivis
819 1066 1027 1121 deinceps
1060 1068 1269 1108 inoffenso
1299 1068 1413 1122 pede
1443 1081 1545 1122 qua·

122 1149 309 1190 cumque
345 1137 670 1192 progrediatur:
722 1137 764 1177 id
813 1136 925 1176 enim
970 1136 1222 1190 pleniorem,
1269 1151 1397 1191 quam
1439 1141 1544 1177 aetas

121 1210 268 1245 nostra
291 1204 417 1252 ferat,
441 1206 728 1246 eruditionem
754 1205 956 1260 postulat.
1023 1206 1196 1246 Deinde
1218 1206 1353 1246 multa
1375 1211 1474 1246 sunt
1501 1205 1545 1246 iu

120 1285 187 1321 eo,
211 1287 307 1327 quae
337 1274 419 1314 nisi
444 1274 611 1330 Sibylla
639 1274 802 1331 leqerit,
825 1280 873 1314 ut
898 1274 956 1314 ait
983 1275 1097 1328 apud
1122 1274 1323 1314 Plautum
1349 1274 1545 1315 Pseudo-

118 1341 198 1390 lus,
242 1342 530 1398 interpretari
569 1343 698 1384 alium
733 1357 859 1399 posse
894 1358 992 1384 reor
1031 1344 1258 1391 neminem;
1303 1342 1544 1398 cujusmodi

119 1416 219 1452 sunt
239 1413 322 1452 ista
340 1428 348 1451 :

276 1502 362 1541 Aut
382 1503 490 1541 velut
510 1503 676 1555 Euryali
696 1504 763 1555 qui
782 1511 977 1555 sceptrum
998 1505 1102 1555 cepit
1122 1505 1169 1543 ab
1188 1504 1268 1549 illo,

331 1567 420 1606 Sint
440 1576 547 1606 artus
566 1567 688 1606 avidis
707 1568 899 1619 anguibus
919 1581 1004 1606 esca
1023 1569 1095 1606 tui.

120 1641 181 1682 Et
202 1641 306 1682 ista:

273 1721 359 1760 Aut
379 1723 443 1774 pia
462 1729 503 1760 te
522 1737 617 1761 caeso
636 1723 789 1761 dicatur
809 1723 998 1769 adultera,
1019 1723 1119 1761 sicut

332 1786 422 1833 Qua
441 1786 580 1825 cecidit
599 1787 758 1826 Leucon
778 1787 945 1833 vindice,
966 1787 1069 1825 dicta
1088 1787 1151 1838 pia
1172 1794 1242 1825 est.

119 1861 231 1902 Item
255 1860 352 1902 illa:

274 1942 459 1980 AEthalon
479 1950 524 1980 ut
543 1943 625 1981 vita
643 1942 822 1993 spoliavit
843 1942 987 1980 Isidius
1005 1943 1156 1993 hospes,

329 2006 460 2052 Quem
479 2019 623 2044 memor
643 2020 664 2044 a
683 2006 798 2044 sacris
819 2019 924 2043 nunc
943 2018 1097 2056 quoque
1117 2003 1230 2056 pellit
1250 2003 1305 2040 Io.

274 2070 408 2121 thue
428 2070 703 2108 Melantheum
722 2070 894 2108 tenebris
914 2083 935 2107 a
955 2069 1057 2107 caede
1076 2068 1268 2106 latentem

326 2133 505 2172 Prodidit
525 2134 650 2172 officio
668 2134 829 2172 luminis
848 2134 931 2185 ipsa
951 2147 1102 2185 parens.

115 2247 174 2288 Et
210 2247 378 2296 similia,
417 2261 598 2301 quorum
637 2246 938 2301 interpretatio
977 2245 1169 2300 petenda
1207 2248 1324 2284 esset
1365 2242 1416 2282 ab
1460 2242 1540 2282 illis

114 2316 407 2371 scriptoribus,
439 2316 527 2370 qui,
564 2315 771 2370 temporis
804 2315 959 2370 injuria
991 2313 1152 2361 amissi,
1181 2312 1302 2352 triste
1336 2311 1458 2352 nobis
1494 2316 1539 2351 et

114 2386 314 2427 acerbum
362 2385 428 2426 sui
467 2385 730 2426 desiderium
778 2385 1072 2439 reliquerunt:
1114 2381 1181 2422 hic
1223 2380 1337 2421 enim
1380 2379 1537 2420 fabulae

115 2455 313 2510 quaedam
335 2454 426 2495 sive
449 2453 635 2495 historiae
664 2459 914 2508 tanguntur,
938 2465 1119 2507 quarum
1142 2450 1254 2504 apud
1279 2463 1410 2489 unum
1432 2448 1538 2488 dun-

113 2530 237 2566 taxat
266 2530 486 2565 auctorem
515 2523 677 2564 mentio
707 2531 788 2571 est,
815 2537 942 2578 quem
974 2522 1008 2562 si
1037 2520 1148 2562 forte
1178 2518 1416 2560 desiderari
1437 2532 1535 2558 con-

113 2593 298 2649 tigisset,
322 2594 376 2634 de
405 2607 553 2633 earum
583 2592 854 2633 enarratione
889 2591 1036 2646 procul
1069 2589 1199 2631 dubio
1233 2594 1376 2628 actum
1406 2593 1533 2628 esset.

115 2663 331 2704 Nimirum
355 2662 510 2704 thaei
531 2662 801 2717 supplicium,
828 2661 950 2716 cujus
983 2659 1176 2701 meminit
1198 2657 1385 2699 Ovidius
1408 2671 1537 2697 versu

113 2732 214 2774 301.
254 2747 363 2773 unus
396 2731 602 2787 Polybius
642 2735 960 2772 commemorat.
1025 2727 1192 2783 Pyrrhi,
1227 2724 1407 2767 Achillis
1443 2724 1532 2773 filii,

177 2811 290 2841 von.
319 2812 363 2840 v.
980 2798 1008 2838 3
1035 2808 1069 2837 ,x
