1830 3220
236 218 264 258 8
637 215 687 255 P.
722 212 938 255 OVIDII
971 211 1256 254 NASONIS

237 333 491 396 Prospera
510 332 598 378 lux
624 330 807 378 oritur:
836 329 1124 392 linguisque
1149 327 1432 391 animisque
1454 326 1646 385 favete;

308 411 355 458 N
362 425 457 458 unc
483 408 699 457 dicenda
723 409 856 455 bono
883 411 998 454 sunt
1025 408 1157 454 bona
1180 406 1333 453 verba
1357 405 1456 453 die.

239 488 350 536 Lite
374 494 554 535 vacent
579 501 756 543 aures3
797 486 1081 548 insanaque
1107 484 1335 548 protinus
1362 483 1532 531 absint

304 565 507 628 Jurgia:
549 562 694 610 differ
718 579 862 627 opus,
888 561 1042 610 livida
1067 562 1256 624 lingua,
1284 568 1446 608 tuum.

240 643 435 699 Cernis,
463 641 684 690 odoratis
710 648 767 703 ut
791 641 960 689 luceat
984 640 1186 703 ignibus
1212 639 1395 697 aether3

1584 636 1648 686 75

307 720 374 767 Et
399 727 544 767 sonet
570 718 797 768 accensis
825 717 968 782 spica
995 717 1181 765 Cilissa
1204 715 1363 764 focis?

236 854 270 886 ii.
289 855 341 885 46.
359 854 459 885 Lu'tus
481 856 600 884 intersis
621 853 729 894 populo
755 852 883 887 Quirini
900 864 906 890 3

237 905 354 936 Noster
376 915 429 934 xv.
455 902 668 944 Metamorph.
685 903 748 934 572
773 908 805 933 et
831 902 908 933 756.

237 955 345 995 patriae
363 955 467 984 laetum
478 954 645 994 populoque
663 953 801 987 Quirini.
846 951 910 983 Sed

236 1014 291 1034 cur
306 1010 405 1043 patres
426 1002 574 1033 dicuntur
595 1013 662 1033 esse
679 1001 766 1042 Jani.
781 1003 911 1042 populus

237 1059 344 1084 autem
371 1053 522 1087 Quirini?
552 1052 755 1083 Burmannus
779 1050 909 1093 conjicit

237 1105 295 1139 tui,
311 1101 343 1133 id
368 1108 425 1137 est,
442 1101 488 1132 tui
510 1101 636 1136 Martis,
652 1107 687 1131 ut
706 1107 737 1131 et
754 1106 858 1142 patres
877 1107 909 1131 et

235 1152 372 1195 populus
387 1151 512 1187 Martis,
529 1150 561 1181 id
581 1159 628 1181 est
653 1151 829 1186 Romanus,
846 1149 908 1180 sint

235 1202 268 1233 in
292 1202 393 1233 tutela
415 1201 501 1233 Jani.
547 1199 727 1231 Assentitur
749 1200 907 1231 Taubncr.

235 1251 308 1294 Ipse
323 1252 426 1283 Janus
441 1250 545 1282 dictus
561 1257 608 1281 est
627 1251 791 1285 Quirinus,
810 1250 907 1292 idque

237 1301 295 1333 fuit
305 1311 417 1332 nomen
428 1300 496 1342 ejus
505 1299 683 1342 religiosum
691 1323 698 1336 ‚
713 1300 906 1337 Macrobius,

236 1351 301 1382 Sat.
315 1349 337 1381 i.
351 1352 381 1381 9.
397 1354 417 1367 “
434 1350 472 1380 In
484 1349 580 1380 sacris
593 1349 776 1380 invocamus
789 1349 906 1380 Janum

237 1400 417 1437 Quirinum,
443 1398 532 1440 quasi
558 1398 711 1429 bellorum
735 1405 905 1440 potentem,

237 1450 277 1480 ab
295 1449 397 1485 hasta,
410 1459 504 1490 quam
522 1448 630 1478 Sabini
648 1449 745 1479 cui-im
761 1449 906 1479 vocant.²’

238 1499 347 1540 Atque
358 1498 403 1528 ita
415 1505 446 1528 et
457 1508 473 1528 a
487 1497 690 1538 scriptoribus
701 1497 805 1528 vocari
816 1498 906 1534 solet,

237 1556 270 1579 ut
283 1549 322 1579 ab
336 1547 476 1583 Horatio,
488 1547 549 1578 IV.
559 1546 621 1577 od.
634 1558 684 1577 xv.
695 1547 725 1578 9.
739 1547 908 1578 Suetonius

237 1599 322 1639 Aug.
337 1598 390 1628 22.
405 1597 522 1627 Junum
545 1596 712 1631 Quirinum
738 1603 783 1627 ter
803 1598 907 1629 clusit.

236 1647 350 1689 Itaque
372 1652 404 1677 et
422 1657 505 1677 nunc
526 1646 603 1676 forte
626 1645 689 1687 legi
708 1646 806 1688 possit
831 1647 907 1681 Qui-

236 1699 314 1733 rine,
332 1696 600 1738 quemadmodum
621 1707 673 1726 xv.
689 1695 826 1727 Metam.
844 1698 907 1728 862

236 1756 300 1776 ver.
324 1745 355 1776 in
379 1744 463 1776 hunc
488 1744 592 1787 ipsum
616 1745 755 1776 vocativ.
781 1745 907 1777 desinit.

236 1795 437 1836 Quamquam
457 1794 650 1825 correctione
666 1794 717 1825 vix
739 1805 818 1837 opus
838 1806 906 1827 esse

236 1845 371 1881 videtur,
389 1844 482 1875 modo
505 1843 574 1874 haec
595 1844 640 1875 sic
664 1845 849 1886 capiantur:
875 1851 907 1877 et

235 1894 376 1936 patribus
397 1894 459 1925 tuis
481 1900 512 1925 et
533 1895 649 1936 populo
672 1900 724 1925 tuo
748 1894 906 1927 Romano.

235 1944 287 1975 Sic
304 1950 336 1975 et
351 1944 505 1974 Krebsius
521 1944 622 1986 accipi
639 1944 753 1975 voluit.
785 1945 905 1976 Kalen-

236 1994 285 2025 dis
307 1993 468 2025 Januariis
492 1994 613 2036 templa
636 1994 714 2024 adiri
737 1995 902 2033 solebant3

235 2043 310 2075 Jani
334 2043 487 2084 templum
511 2054 548 2074 eo
573 2048 710 2085 tempore
731 2050 797 2075 erat
818 2044 906 2075 clau-

238 2103 326 2131 sum3
352 2092 460 2134 itaque
477 2091 612 2123 Ovidius
627 2091 660 2123 id
679 2092 850 2124 introituris
865 2095 905 2125 ab

237 2141 305 2183 ipso
334 2141 405 2172 Deo
434 2144 563 2172 reserari
585 2141 685 2184 cupit,
711 2153 771 2173 non
798 2153 905 2179 manu,

235 2191 303 2228 sed,
319 2196 354 2222 ut
373 2191 479 2222 Deum
501 2191 604 2227 decet,
621 2199 714 2222 nutu.
761 2193 903 2223 Candida

235 2246 365 2283 possunt
388 2240 506 2283 templa
528 2240 592 2272 dici
618 2251 637 2272 a
660 2252 824 2277 marmore,
847 2249 903 2273 aut

234 2289 361 2322 omnino
383 2300 402 2320 a
422 2290 556 2321 materia
576 2290 724 2322 candida.
769 2293 821 2322 Ita
838 2292 902 2324 ΙΙΙ.

233 2339 328 2371 Trist.
344 2339 365 2371 i.
381 2341 434 2371 60.
448 2342 580 2371 candida
605 2342 714 2381 templa
733 2341 903 2384 Apollinis.

233 2388 297 2420 Sed
332 2399 417 2419 nunc
450 2394 580 2430 praestat
611 2389 802 2432 intelligere,
830 2402 900 2433 quae

233 2438 329 2478 plena
352 2443 425 2469 sunt
450 2437 630 2469 hominibus
656 2438 792 2470 candida
816 2445 901 2471 veste

231 2485 362 2519 indutis.
407 2486 546 2517 Candidi
575 2487 660 2518 enim
688 2488 801 2518 coloris
827 2499 902 2520 usus

232 2547 314 2567 novo
332 2546 435 2574 ann03
459 2546 522 2578 quo
543 2543 684 2579 tempore
700 2538 786 2569 Nero
805 2538 901 2570 etiam

231 2585 381 2626 stragulis
397 2584 477 2615 albis
492 2586 652 2617 utebatur.
688 2587 818 2618 Sueton.
834 2589 888 2619 50.

278 2635 419 2665 71-86.
446 2635 596 2666 solemnia
624 2639 693 2668 novi
718 2638 793 2667 anni
814 2638 899 2679 apud

232 2682 405 2715 Romanos.
443 2684 581 2726 Operam
597 2685 729 2721 dabant,
747 2693 782 2717 ut
797 2686 901 2718 fausta

232 2731 444 2773 loquerentur,
460 2739 492 2764 et
512 2744 602 2765 sacra
622 2734 782 2766 faciebant
793 2747 803 2774 3
824 2746 899 2767 con-

232 2780 317 2812 sules
343 2781 560 2824 magistratum
586 2782 722 2816 inibant.
767 2785 900 2828 Linguis

968 852 1093 894 juvere,
1111 851 1276 893 εὐφημεῖν,
1293 855 1324 882 et
1348 851 1424 881 bona
1441 851 1529 881 verba
1549 851 1650 880 dicere

978 912 1040 933 non
1076 901 1245 939 differunt3
1282 900 1442 936 Tibullus,
1474 899 1521 930 ΙΙ.
1549 898 1585 930 ii.
1621 900 1650 930 Ι.

981 956 1002 968 “
1018 951 1173 982 Dicamus
1188 951 1271 981 bona
1288 950 1393 986 verba,
1406 950 1493 980 venit
1509 947 1649 984 Natalis,

979 1000 1016 1031 ad
1043 1010 1136 1038 aras3
1165 998 1319 1041 Quisquis
1344 999 1430 1035 ades,
1454 998 1577 1040 lingua,
1604 997 1651 1028 vir

978 1050 1166 1091 mulierque,
1185 1049 1290 1080 5ave.’'
1337 1049 1456 1080 Noster
1473 1053 1582 1079 tamen
1600 1047 1648 1079 la-

978 1100 1041 1131 tius
1057 1100 1150 1136 dixit,
1166 1106 1262 1141 atque
1279 1099 1376 1130 etiam
1391 1098 1512 1136 litibus,
1523 1097 1650 1140 jurgiis,

978 1148 1116 1190 maligne
1154 1148 1248 1180 dictis
1284 1148 1442 1191 opposuit,
1472 1150 1650 1189 animisque.

976 1200 1046 1230 Hoc
1070 1199 1156 1230 idem
1179 1204 1237 1235 est,
1260 1198 1345 1241 quod
1368 1199 1500 1235 Seneca,
1515 1196 1575 1240 Ep.
1591 1199 1648 1231 87.

976 1249 1188 1285 commendat.
1205 1253 1226 1266 “
1242 1260 1361 1280 annum
1385 1248 1523 1280 faustum
1546 1254 1579 1280 et
1601 1248 1649 1280 fe-

974 1299 1068 1330 licem
1108 1299 1277 1331 reddamus
1312 1298 1404 1331 bonis
1449 1297 1649 1341 cogitationi-

974 1349 1072 1380 bus.''

1020 1401 1072 1431 75.
1098 1400 1256 1432 Kalendis
1270 1401 1345 1432 Jan.
1362 1405 1427 1431 tota
1450 1399 1557 1430 Roma
1574 1399 1649 1430 reli-

974 1451 1113 1490 gionibus
1133 1456 1301 1492 occupata.
1351 1449 1494 1480 Odoratis
1514 1449 1649 1491 ignibus.

975 1499 1050 1540 quia
1078 1504 1139 1534 tus,
1159 1499 1241 1530 croci
1266 1499 1333 1535 flos,
1354 1498 1589 1530 cinnamomum
1614 1504 1647 1529 et

976 1548 1061 1579 casia
1083 1548 1171 1590 injici
1191 1549 1355 1587 solebant3
1378 1547 1537 1585 Tibullus,
1552 1547 1599 1580 II.
1613 1547 1649 1579 ii.

975 1598 1007 1628 3.
1031 1602 1051 1614 ‘¹
1068 1598 1207 1628 Utantur
1230 1597 1283 1639 pia
1308 1604 1378 1629 tura
1404 1596 1492 1634 focis,
1515 1603 1650 1629 urantur

975 1646 1096 1682 odores,
1107 1648 1196 1684 Quos
1209 1653 1296 1678 tener
1309 1657 1326 1678 e
1338 1652 1421 1678 terra
1435 1646 1534 1678 divite
1550 1646 1648 1678 mittit

975 1696 1113 1732 Arabs‚”
1143 1696 1198 1726 ubi
1228 1695 1291 1726 vid.
1317 1695 1473 1737 Heyuius.
1519 1700 1542 1713 “
1559 1696 1647 1727 Pan—

975 1745 1072 1776 chaeis
1096 1744 1251 1786 ignibus'’
1267 1744 1349 1775 dixit
1364 1744 1454 1787 Virg.
1471 1745 1587 1786 Georg.
1602 1745 1648 1778 iv.

976 1796 1050 1826 379.
1075 1796 1165 1835 Spica
1183 1794 1302 1831 Cilissa,
1313 1805 1442 1833 crocus;
1456 1795 1553 1826 etiam
1569 1795 1646 1826 Pro-

975 1844 1105 1886 pertius,
1130 1845 1192 1875 IV.
1215 1844 1256 1876 vi.
1274 1846 1325 1876 74.
1371 1844 1537 1887 Optimum
1559 1845 1645 1877 enim

975 1895 1116 1936 Corycus
1129 1894 1286 1931 mittebat,
1294 1905 1383 1925 mons
1392 1893 1528 1926 Ciliciae.
1544 1895 1645 1934 Spica,

975 1943 1202 1985 capillamenta
1225 1949 1258 1974 et
1280 1944 1334 1976 fila
1353 1943 1457 1974 croci:
1483 1943 1556 1975 vide
1572 1944 1643 1975 Sal-

974 1993 1106 2023 masium
1120 1992 1159 2023 ad
1175 1991 1273 2023 Solin.
1287 2003 1319 2034 p.
1331 1993 1404 2024 749.
1428 1992 1534 2024 Etiam
1547 1993 1645 2025 nardo

973 2044 1059 2082 spicoe
1074 2048 1107 2073 et
1121 2044 1222 2073 aristae
1234 2042 1349 2084 passim
1366 2042 1555 2074 tribuuntur.
1579 2045 1643 2075 Bo—

974 2092 1062 2123 daeus
1088 2092 1129 2124 ad
1153 2092 1415 2134 Theophrastem,
1438 2104 1472 2134 p.
1488 2094 1562 2124 662.
1583 2093 1642 2126 hoc

973 2142 1043 2173 loco
1069 2141 1179 2173 odores
1208 2151 1246 2172 ex
1272 2151 1362 2173 croco
1387 2147 1420 2173 et
1448 2141 1519 2173 aliis
1548 2143 1644 2175 rebus

970 2193 1158 2234 compositos
1188 2191 1339 2233 intelligit
1346 2204 1356 2232 3
1388 2194 1505 2224 sonitus
1531 2194 1642 2236 optimi

972 2242 1055 2274 croci
1067 2242 1219 2273 indicium
1231 2254 1239 2281 ;
1253 2242 1388 2279 Plinius,
1398 2242 1502 2274 xxi-6.
1517 2243 1640 2280 Quam-

971 2303 1066 2334 quam
1082 2292 1114 2323 in
1130 2303 1167 2323 eo
1182 2298 1214 2323 et
1231 2291 1277 2322 vis
1291 2291 1366 2323 boni
1381 2291 1507 2324 ominis.
1530 2292 1641 2324 Tibul-

969 2343 1030 2379 lus,
1043 2342 1090 2372 ΙΙ.
1103 2353 1133 2373 ν.
1144 2343 1199 2373 81.
1208 2346 1229 2359 “
1237 2352 1391 2373 succensa
1402 2342 1500 2373 sacris
1509 2342 1642 2386 crepitet

969 2392 1051 2422 bene
1080 2391 1189 2422 laurea
1214 2390 1382 2423 flammis.’'
1436 2391 1553 2429 Cernis,
1583 2398 1640 2424 aut

969 2443 1060 2478 vides,
1082 2448 1129 2477 ut,
1150 2440 1429 2482 quemadmodum,
1445 2442 1587 2474 solemne
1603 2442 1637 2474 in

969 2489 1175 2521 vividioribus
1189 2490 1464 2532 descriptionibus.
1499 2492 1635 2529 Aurum,

969 2539 1098 2571 lacunar
1113 2550 1188 2571 auro
1203 2540 1388 2573 obductum.
1432 2540 1472 2572 Id
1485 2540 1562 2572 dum
1575 2547 1638 2573 tre—

968 2589 1055 2620 mulo
1073 2595 1161 2620 motu
1181 2589 1302 2622 relucet
1322 2590 1362 2621 ab
1382 2590 1468 2631 igne,
1485 2592 1642 2624 verberari.

967 2637 1133 2680 splendore
1169 2638 1304 2670 flammae
1342 2638 1476 2679 dicitur;
1522 2640 1641 2682 virgil.

969 2688 1086 2729 Georg.
1096 2687 1137 2719 iv.
1151 2689 1226 2720 385.
1243 2693 1263 2706 “
1276 2689 1338 2720 Ter
1352 2689 1481 2721 flamma
1491 2689 1531 2721 ad
1547 2701 1635 2721 sum-

968 2747 1053 2768 mum
1070 2737 1144 2769 tecti
1160 2737 1304 2779 subjecta
1318 2738 1434 2770 reluxit
1443 2738 1478 2778 ;’'
1503 2739 1588 2782 quod
1603 2745 1636 2772 et

966 2786 1070 2828 ipsum
1086 2792 1153 2819 erat
1167 2786 1260 2819 fausti
1273 2787 1398 2819 ominis.
