1830 3220
203 201 263 244 38
597 200 648 240 Ρ.
683 199 899 241 OVIDII
933 198 1217 241 NASONIS

204 316 425 380 Jamque
441 322 597 363 ratem
617 314 778 362 doctae
804 314 997 361 monitu
1026 313 1312 361 Carmentis
1338 313 1389 359 in
1414 328 1614 360 amnem

275 393 479 456 Egerat,
507 399 557 440 et
582 391 761 439 Tuscis
788 391 964 438 obvius
989 390 1095 438 ibat
1120 391 1282 454 aquis.

1514 393 1614 437 500

206 469 450 518 Fluminis
476 470 562 516 illa
584 469 732 523 latuS,
757 468 837 515 eui
864 474 983 515 sunt
1006 468 1136 515 vada
1153 469 1332 532 juncta
1356 465 1579 524 Terenti,

274 545 536 610 Adspicit:
579 552 630 593 et
655 561 855 608 sparsas
881 561 971 609 per
995 545 1106 592 loca
1130 545 1236 592 sola
1260 560 1422 592 casas.

208 625 382 688 thue
407 631 530 680 erat,
558 621 794 669 immissis
820 622 1030 686 puppim
1057 622 1197 670 stetit
1222 630 1339 670 ante
1364 622 1589 687 capillis3

277 701 642 763 Continuitque
667 715 870 746 manum
896 707 1037 747 torva
1061 700 1282 763 regentis
1309 700 1418 747 iter.

209 777 276 825 Et
300 778 473 842 procul
499 778 549 824 in
574 778 806 825 dextram
831 778 1045 824 tendens
1070 794 1162 826 sua
1185 777 1394 825 brachia
1417 778 1593 842 ripam,

277 856 438 903 Pinea
460 872 559 902 non
586 871 707 902 sano
734 863 809 902 ter
834 855 965 918 pede
990 863 1132 903 texta
1156 855 1286 903 ferit.

1518 857 1616 903 506

210 933 353 981 Neve
377 934 520 980 daret
542 933 725 980 saltum
751 949 1025 997 properans
1051 933 1283 981 insistere
1307 941 1468 988 terrae,

277 1010 377 1057 Vix
404 1018 482 1058 est
509 1010 729 1058 Evandri
754 1011 941 1074 vixque
968 1019 1163 1059 retenta
1188 1028 1355 1058 manu.

212 1088 381 1151 Dique
407 1088 699 1152 petitorum,
727 1089 872 1146 dixit,
896 1090 1086 1138 salvete
1112 1090 1365 1146 locorum3

277 1165 458 1230 Tuque
483 1183 638 1215 novos
665 1168 791 1215 coelo
818 1175 950 1216 terra
973 1168 1152 1216 datura
1177 1167 1345 1224 Deos;

1520 1169 1619 1214 510

212 1244 545 1307 Fluminaque
571 1252 623 1293 et
647 1244 828 1302 fontes,
848 1245 1031 1308 quibus
1051 1246 1209 1293 utitur
1230 1244 1432 1309 hospita
1451 1243 1616 1297 tellus,

278 1321 346 1369 Et
369 1338 628 1372 nemorum
657 1323 928 1387 Nymphae,
955 1323 1310 1387 Naiadumque
1333 1322 1501 1379 chori3

254 1478 331 1509 503.
361 1478 501 1508 Immissis
534 1477 567 1508 in
605 1477 717 1508 faciem
747 1479 879 1518 capillis,

211 1537 296 1557 more
311 1526 554 1558 vaticinantium
574 1539 581 1564 3
596 1526 708 1558 Tibul.
722 1527 767 1558 11.
784 1539 815 1558 v.
827 1528 880 1560 66.

211 1576 315 1607 Etiam
341 1577 475 1607 Metam.
492 1576 525 1606 ii.
540 1577 616 1607 635.
635 1576 793 1618 Ocythoe,
810 1577 881 1608 fati-

210 1625 284 1656 dica
303 1631 336 1656 et
360 1625 439 1668 ipsa,
457 1630 478 1642 “
499 1625 584 1656 venit
610 1625 712 1656 rutilis
736 1625 882 1657 humeros

210 1680 354 1717 protecta
368 1674 528 1717 capillis.”
580 1675 679 1715 thue
694 1682 772 1706 erut.
806 1675 883 1706 Vid.

212 1724 253 1755 ad
264 1725 399 1755 Metam.
410 1724 441 1755 1i.
454 1725 530 1755 272.
546 1724 584 1754 In
597 1726 692 1765 puppi
705 1725 743 1756 ad
756 1725 883 1756 clavum

211 1773 303 1804 sedet
327 1784 432 1815 regens
455 1775 524 1809 iter,
551 1774 752 1813 gubernator.
798 1774 883 1805 Ante

212 1822 295 1854 hunc
312 1822 398 1854 stetit
414 1829 513 1857 torva,
528 1823 645 1865 quippe
658 1822 763 1853 surore
778 1823 884 1854 divino

213 1872 348 1903 concita.
384 1871 475 1913 Virg.
503 1871 619 1914 Georg.
644 1872 685 1903 iv.
708 1873 783 1904 450.
809 1874 883 1904 Pro-

213 1925 284 1952 teus
301 1921 540 1956 vaticinaturus,
559 1926 578 1938 “
597 1920 628 1951 vi
649 1921 750 1952 multa
770 1922 882 1953 arden-

214 1976 261 2002 tes
286 1971 395 2001 oculos
419 1970 554 2006 intorsit,
578 1977 610 2002 et
636 1971 773 2012 graviter
801 1972 883 2003 fren-

215 2019 294 2050 dens
323 2019 436 2052 dixit.·’
483 2020 535 2050 De
567 2031 648 2051 nave
682 2022 774 2061 pinea
804 2028 885 2052 texta

215 2069 311 2100 etiam
338 2070 473 2100 Metam.
500 2069 568 2100 xiv.
599 2071 674 2101 530.
727 2071 812 2102 Vide
843 2071 884 2102 ad

215 2119 349 2150 Metam.
365 2118 493 2150 xi.524.
511 2118 581 2150 Non
593 2120 806 2155 sa110‚insano.
836 2121 882 2151 Ne

214 2168 302 2198 daret
325 2168 450 2203 saltum,
477 2178 516 2198 ne
541 2168 680 2200 exsiliret
704 2181 721 2200 e
747 2180 828 2201 nave
853 2169 886 2200 in

215 2222 340 2248 terram.
373 2217 507 2248 Metam.
521 2217 567 2248 iii.
582 2219 658 2249 599.
673 2218 816 2256 Acoetes,
832 2221 884 2251 do-

217 2276 272 2306 que
289 2267 363 2296 leves
378 2268 485 2297 saltus.

260 2316 334 2347 509.
357 2316 448 2347 More
475 2316 667 2348 advenarum
688 2327 800 2347 novam
823 2322 884 2347 ter-

216 2375 283 2396 ram
297 2375 368 2396 cum
386 2365 458 2396 Diis
470 2367 538 2407 ejus
553 2367 675 2397 salvere
687 2367 789 2408 jubet.
820 2367 883 2397 No-

216 2425 264 2445 vos
295 2415 383 2450 Deos,
412 2415 568 2451 Faunum,
594 2415 782 2452 Romulum,
813 2415 883 2447 Cae-

215 2473 313 2495 sares.
350 2463 430 2495 Inde
454 2463 558 2495 Roma
581 2467 719 2505 genetrix
736 2465 883 2502 Deorum,

217 2512 323 2544 Rutil.
341 2511 452 2544 Itiner.
468 2512 490 2543 i.
506 2514 560 2543 49.
599 2513 740 2553 Hospita,
759 2513 809 2545 vel
830 2525 884 2556 pe-

216 2562 351 2604 regrina,
370 2567 406 2593 ut
421 2573 486 2593 ver.
504 2563 578 2593 340.
594 2564 643 2594 vel
668 2573 738 2604 quae
764 2563 887 2605 excipit

217 2611 379 2654 hospites3
414 2611 551 2642 Metam.
582 2610 626 2642 iii.
658 2612 734 2643 637.
760 2617 780 2629 “
799 2613 888 2643 vobis

219 2661 276 2692 erit
292 2659 416 2703 hospita
430 2660 558 2692 tellus.''
607 2660 771 2692 Nemorum
788 2662 885 2702 Nym-

216 2711 292 2750 phae.
317 2709 430 2740 Heins.
442 2719 459 2741 e
475 2708 654 2740 melioribus
668 2709 732 2740 suis
747 2711 886 2746 notabat,

220 2770 372 2790 uentorum
394 2760 485 2795 silvae,
511 2758 595 2800 quod
620 2758 754 2790 Krebsio
779 2759 883 2800 place-

947 1479 1023 1518 bat3
1038 1477 1105 1520 ipse
1123 1484 1231 1509 tamen
1247 1483 1303 1509 aut
1318 1488 1390 1509 cum
1406 1476 1505 1508 tribus
1520 1476 1620 1507 male-

948 1528 1004 1559 bat
1030 1539 1185 1558 nemorum
1210 1528 1296 1563 divae,
1318 1526 1352 1557 id
1377 1532 1435 1562 est,
1457 1524 1620 1567 Dryades,

950 1583 1005 1609 aut
1021 1584 1049 1608 et
1066 1589 1186 1608 nemora
1208 1584 1237 1607 et
1255 1578 1347 1613 silvae,
1364 1575 1448 1618 qnod
1465 1576 1619 1606 Burman-

951 1638 1010 1658 nus
1041 1637 1078 1658 ex
1112 1638 1174 1657 uno
1209 1626 1335 1658 Petavii
1369 1625 1535 1667 amplexus
1562 1630 1622 1656 est.

951 1678 1115 1719 Improbat
1135 1676 1193 1707 hoc
1212 1677 1239 1707 T
1242 1677 1339 1707 aubn.
1357 1675 1433 1717 quia.
1448 1675 1622 1707 Carmenta

953 1727 1039 1758 Deos
1064 1727 1185 1757 salvere
1207 1726 1332 1768 jubeat,
1348 1735 1427 1767 quos
1450 1723 1530 1755 inter
1546 1724 1622 1755 Flu-

956 1775 1042 1806 mina
1060 1774 1190 1817 quidem
1207 1775 1271 1805 sint
1283 1780 1316 1805 et
1331 1775 1458 1810 Fontes,
1474 1784 1535 1804 non
1546 1772 1623 1804 item

952 1835 1091 1856 nemora.
1126 1824 1188 1855 Sed
1206 1824 1265 1855 hoc
1283 1823 1374 1855 nihili
1388 1830 1446 1855 est.
1470 1822 1623 1860 Cadmus,

952 1875 1088 1905 Metam.
1104 1873 1149 1905 iii.
1167 1875 1223 1904 25.
1249 1873 1280 1904 in
1303 1872 1433 1904 Boeotia
1463 1876 1484 1889 “
1501 1872 1624 1913 ignotos

952 1929 1074 1954 montes
1104 1933 1258 1965 agrosque
1288 1921 1438 1953 salutat.'’
1490 1921 1624 1952 Nemora

952 1978 1058 2004 autem
1072 1978 1104 2004 et
1119 1975 1199 2003 sitvae
1214 1982 1298 2014 saepe
1314 1971 1359 2002 sic
1374 1971 1495 2013 junctae
1510 1970 1623 2011 legun-

953 2028 1013 2053 tur.
1067 2023 1179 2053 Placet
1215 2027 1322 2052 tamen
1345 2020 1432 2062 vulg.
1469 2030 1625 2051 nemorum

954 2071 1101 2113 Nymphae
1126 2077 1253 2114 propter
1274 2071 1422 2106 alterum,
1452 2070 1620 2101 Naiadum-

952 2132 1007 2161 que
1022 2123 1114 2152 chori.
1142 2121 1292 2162 Ripaque,
1310 2126 1373 2151 etc.
1398 2120 1469 2150 MS.
1489 2119 1625 2151 Puoean.

952 2170 1120 2207 secundus,
1151 2170 1272 2211 Istaque
1287 2169 1382 2212 felici
1405 2171 1474 2210 ripa
1498 2171 1537 2199 sit
1562 2170 1624 2200 icta

950 2222 1042 2259 pede;
1068 2231 1163 2262 quam
1181 2219 1256 2251 lect.
1269 2219 1380 2250 Burin.
1399 2218 1623 2260 elegantiorem

948 2268 1085 2310 judicat,
1102 2279 1197 2311 quam
1213 2279 1284 2310 quae
1301 2268 1466 2310 provenire
1487 2277 1505 2298 a
1526 2267 1623 2299 libra-

952 2317 997 2349 rio
1021 2318 1171 2360 potuerit.
1210 2317 1305 2359 Regii
1332 2323 1394 2348 tres
1413 2323 1538 2348 servant
1553 2316 1622 2348 vul-

953 2374 1071 2409 gatam.
1111 2368 1150 2399 In
1173 2375 1277 2399 nostro
1299 2366 1409 2398 codice
1423 2367 1462 2398 C.
1477 2366 1624 2398 librarius

953 2417 1034 2449 hanc
1049 2417 1198 2460 paginam
1213 2416 1411 2448 continuavit
1425 2415 1511 2447 hisce
1527 2415 1623 2447 versi-

952 2467 1049 2498 culis:
1083 2466 1164 2497 Uzor
1186 2477 1261 2497 onus
1285 2477 1441 2507 magnum,
1457 2467 1481 2497 si
1501 2477 1562 2497 non
1583 2467 1622 2497 sit

950 2517 1092 2555 pulchra,
1108 2518 1218 2546 marito
1231 2527 1242 2553 ,·
1267 2516 1300 2546 Si
1315 2517 1354 2546 sit
1364 2516 1509 2555 pulchra,
1522 2517 1622 2546 virum

953 2567 1078 2605 despicit
1099 2566 1155 2596 illa
1174 2577 1272 2597 suum.
1318 2566 1406 2603 Quos
1421 2566 1448 2596 si
1463 2575 1526 2596 non
1542 2565 1621 2596 Ovi-

953 2614 1074 2652 dianos,
1096 2621 1128 2646 et
1150 2616 1194 2646 rei
1219 2614 1482 2652 accommodatos,
1508 2615 1621 2646 saltem

953 2663 1030 2695 satis
1056 2664 1174 2696 facetos
1199 2665 1298 2696 lector
1335 2664 1412 2695 mihi
1442 2664 1619 2696 condonare

952 2713 1040 2745 velit.
1086 2714 1172 2746 LEM.
