1809 3220
196 192 255 234 94

594 190 646 232 Ρ.
681 189 903 233 OVIDII
938 189 1224 233 NASONIS

199 307 454 373 Quodque
474 307 588 372 pice
611 307 900 364 adstrinxit,
927 306 1065 371 quod
1091 323 1185 355 acu
1211 306 1413 373 trajecit
1436 307 1615 365 ahena,

269 386 527 435 Obsutum
552 402 727 434 maenae
753 392 911 434 torret
935 385 986 432 in
1011 386 1128 449 igne
1148 393 1319 451 caput.

198 464 333 513 Vina
364 480 570 530 quoque
596 464 838 512 instillat:
867 463 969 511 vini
996 464 1362 529 quodcumque
1387 464 1619 513 relictum

269 543 375 591 Aut
388 543 517 608 ipsa,
530 539 617 591 aut
632 542 865 599 comites,
879 542 995 607 plus
1012 550 1183 591 tamen
1199 542 1326 608 ipsa,
1340 542 1488 591 bibit.
1500 543 1619 606 [est,

202 620 428 670 Hostiles
453 621 668 685 linguas,
698 621 1005 685 inimicaque
1030 620 1285 670 vinximus
1310 637 1414 678 ora,

1520 624 1614 670 581

270 699 410 748 Dicit
429 699 727 759 discedens;
769 700 1014 765 ebriaque
1039 701 1147 749 exit
1172 716 1318 749 anus.

201 777 432 827 Forsitan
457 795 488 828 a
512 779 675 837 nobis,
705 795 820 844 quae
847 778 913 827 sit
941 778 1052 827 Dea
1078 778 1245 837 Muta,
1273 779 1530 844 requiras:

271 857 445 914 Disce,
472 874 563 923 per
588 858 826 922 antiquos
852 874 968 922 quae
995 858 1117 906 mihi
1143 866 1261 907 nota
1286 875 1452 907 senes.

200 934 417 1000 Jupiter,
446 936 692 984 indomito
717 935 948 984 Juturnae
973 944 1156 1002 captus
1181 953 1367 994 amore,

1523 937 1621 986 585

271 1013 438 1062 Multa
461 1015 594 1070 tulit,
623 1021 766 1063 tanto
793 1031 892 1062 non
918 1015 1159 1079 patienda
1182 1015 1310 1064 Deo.

203 1092 300 1141 Illa
325 1093 474 1141 modo
499 1093 549 1141 in
576 1093 713 1141 silvis
740 1094 870 1142 inter
895 1094 1124 1160 coryleta
1147 1094 1356 1152 latebat,

271 1170 422 1219 Nunc
448 1171 497 1219 in
523 1178 766 1236 cognatas
793 1173 1063 1222 desiliebat
1089 1189 1265 1238 aquas.

1408 1173 1619 1236 [nebas;

205 1250 467 1298 Convocat
491 1251 573 1299 hic
603 1251 889 1316 Nymphas,
920 1252 1137 1310 Latium,
1165 1259 1515 1317 quotcumque
1547 1260 1621 1300 te-

272 1328 340 1377 Et
359 1328 486 1393 jacit
510 1330 560 1377 in
587 1331 755 1378 medio
782 1332 903 1379 talia
928 1332 1082 1380 verba
1106 1332 1289 1380 choro:

1523 1332 1624 1379 590

205 1406 406 1456 Invidet
429 1408 542 1473 ipsa
567 1409 680 1466 sibi,
705 1410 951 1475 vitatque,
975 1411 1112 1475 quod
1139 1411 1351 1476 expedit
1373 1410 1463 1468 illi,

271 1485 456 1534 Vestra
480 1503 618 1535 soror
643 1504 840 1536 summo
860 1490 1075 1553 jungere
1101 1490 1330 1538 membra
1357 1489 1484 1538 Deo.

206 1563 476 1612 Consulite
499 1566 746 1613 ambobus
767 1584 776 1615 :
819 1583 935 1615 nam
957 1584 1070 1632 quae
1097 1585 1210 1617 mea
1237 1585 1422 1632 magna
1446 1568 1623 1632 volup-

276 1643 480 1692 Utilitas
506 1652 685 1692 vestrae
712 1661 895 1709 magna
922 1647 1103 1695 sororis
1130 1647 1239 1695 erit.

206 1823 280 1844 usus
302 1812 334 1844 in
359 1811 491 1854 magicis
515 1811 619 1843 fuerit.
669 1811 880 1849 C11r1tata,in-

203 1869 344 1894 cantata.
380 1863 578 1903 Septenarius
593 1873 753 1899 numerus,
770 1868 805 1893 ut
822 1869 881 1893 ter-

204 1913 322 1950 narius,
337 1912 433 1944 etiam
448 1913 480 1943 in
497 1912 629 1955 magicis
645 1912 806 1944 solemnis.
832 1913 883 1944 De

196 1963 286 2004 sabis
301 1963 387 1994 conf.
406 1963 489 1994 infra
504 1974 537 1994 v.
556 1963 633 1994 436.

252 2013 331 2044 578.
351 2013 467 2049 Moena,
483 2012 598 2055 μαίνη,
609 2013 732 2054 μαινὶς,
747 2010 883 2054 piscicu-

205 2061 256 2094 lus
279 2061 431 2099 marinus‚
453 2062 507 2104 qui
531 2062 596 2093 sale
621 2061 768 2093 conditus
793 2061 884 2092 cibus

207 2117 277 2143 erat
301 2112 477 2144 tenuiorum
503 2112 677 2143 hominum.
716 2111 789 2143 Cic.
815 2112 883 2143 Fin.

205 2161 241 2193 ii.
255 2163 274 2193 8
289 2174 297 2201 ;
315 2161 452 2199 Persius,
468 2161 513 2194 iii.
525 2162 578 2194 76.
603 2163 688 2194 Usus
704 2162 772 2204 ejus
787 2162 883 2193 etiam

205 2212 239 2244 in
254 2212 352 2244 sacris
367 2212 486 2249 inseris,
499 2218 533 2244 ut
549 2212 682 2244 Hecatae
701 2224 709 2250 3
736 2212 883 2244 Eustatb.

208 2262 240 2294 in
258 2263 353 2294 Hom.
369 2263 390 2294 i.
406 2264 482 2294 206.
528 2263 645 2304 Neque
669 2262 796 2299 mirum,
814 2273 883 2294 mu-

206 2320 275 2344 tum
306 2313 425 2345 animal
453 2313 574 2346 Tacitae
603 2314 682 2345 Deae
710 2312 805 2344 fuisse
835 2324 884 2344 sa-

208 2374 310 2395 crum.
358 2365 489 2395 Aheneis
509 2363 728 2395 instrumentis
751 2364 885 2395 uteban-

209 2419 259 2445 tur
282 2413 314 2445 in
338 2424 370 2446 re
394 2414 532 2456 magica.
580 2413 665 2444 Vide
689 2413 730 2444 ad
750 2414 887 2444 Metam.

209 2462 264 2495 vii.
289 2464 368 2495 227.
392 2464 445 2495 ubi
461 2464 537 2506 salx
558 2464 680 2500 ahena,·
705 2468 738 2494 et
761 2463 801 2495 de
827 2475 886 2495 acu

211 2513 320 2545 confer
347 2514 501 2545 Amorum
530 2513 598 2544 111.
627 2513 681 2544 vii.
709 2515 771 2551 305.
810 2524 888 2556 saga

210 2568 231 2583 ⁴⁴
250 2564 391 2596 medium
407 2571 517 2596 tenues
533 2563 565 2594 in
584 2564 677 2606 jecur
691 2563 756 2606 egit
772 2565 886 2595 acus.”

213 2614 337 2646 Vincit-e
352 2614 392 2645 de
408 2613 522 2656 magis,
534 2624 606 2656 quae
621 2619 685 2645 arte
702 2624 760 2645 sua
775 2625 885 2656 quem-

210 2675 305 2708 quam
320 2664 483 2696 functione
499 2674 556 2695 sua
571 2663 750 2706 prohibent.

253 2716 329 2748 583.
349 2715 429 2747 Deae
452 2715 550 2746 Mntae
574 2720 628 2745 aut
654 2714 765 2745 Tacitae
790 2713 884 2755 origi-

209 2777 280 2799 nem
304 2777 321 2799 e
345 2765 463 2798 fabulis
484 2765 626 2808 antiquis
641 2770 760 2796 narrat.
810 2765 885 2795 For-

208 2820 287 2850 sitan
316 2819 451 2858 requiras
472 2816 605 2847 formula
629 2815 660 2846 in
680 2814 734 2846 tali
752 2814 885 2846 transitu

1504 1647 1623 1710 [tas,

951 1814 1112 1846 solemnis.
1140 1815 1280 1856 Antiqui,
1298 1820 1372 1844 natu
1389 1811 1539 1855 grandeS.
1560 1810 1627 1842 Pli-

952 1865 1034 1901 nius,
1067 1875 1181 1907 paneg.
1208 1875 1259 1895 xv.
1286 1865 1317 1895 5.
1358 1869 1492 1894 vetustus
1529 1863 1630 1893 miles:

953 1916 1003 1946 De
1019 1915 1161 1946 Julurna
1175 1914 1247 1945 vide
1264 1914 1305 1945 ad
1322 1914 1344 1945 i.
1355 1914 1430 1945 463.
1447 1913 1525 1944 708.
1542 1910 1627 1943 unde

951 1971 984 1997 et
999 1972 1142 2008 apparet,
1159 1975 1221 2007 quo
1233 1965 1304 2007 jure
1320 1963 1372 1995 hic
1388 1969 1524 2006 cognatae
1543 1973 1627 2004 uquae

953 2021 1252 2047 commemorentur.

998 2067 1073 2098 589.
1092 2066 1230 2103 Latium,
1245 2063 1369 2096 Tiberis
1383 2069 1416 2095 et
1430 2062 1546 2094 Anien.
1561 2073 1629 2094 ver.

953 2118 1015 2149 597
1034 2128 1105 2159 sqq.
1151 2115 1248 2147 Jucit.
1273 2114 1386 2146 Heins.
1402 2115 1435 2145 in
1449 2113 1537 2156 fucit
1558 2123 1628 2144 mu-

953 2167 1013 2200 tari
1044 2167 1111 2199 vult
1126 2179 1133 2206 3
1171 2166 1227 2198 sed
1257 2165 1325 2197 sine
1355 2175 1462 2196 causa.
1518 2162 1630 2195 Jacere

953 2220 1041 2249 verbu
1064 2218 1149 2248 bona
1169 2215 1300 2252 locutio,
1317 2225 1376 2246 nec
1394 2212 1546 2257 prosaicis
1561 2223 1628 2244 ma-

953 2268 1012 2310 gis,
1029 2278 1125 2310 quam
1150 2266 1253 2309 poetis
1276 2265 1408 2297 usitata.
1436 2263 1557 2300 Livius,
1572 2262 1628 2294 vii.

954 2320 986 2350 2.
1007 2330 1123 2350 versum
1135 2319 1256 2358 jacere,
1272 2315 1388 2347 facere.
1423 2312 1505 2345 Inde
1526 2319 1558 2345 et
1570 2315 1628 2354 ja·

955 2381 1022 2401 cere
1050 2367 1239 2410 simpliciter
1267 2376 1324 2408 pro
1355 2364 1483 2402 dicere3
1507 2363 1549 2394 vi.
1578 2363 1629 2394 14.

955 2431 1027 2451 vera
1053 2430 1093 2449 an
1114 2417 1205 2460 falsa
1224 2418 1358 2457 jaceret.
1414 2414 1538 2446 Invidet
1564 2414 1630 2454 ipsa

955 2471 1022 2506 sibi,
1040 2468 1167 2500 fraudat
1184 2478 1217 2498 se
1237 2466 1306 2509 ipsa
1321 2475 1440 2507 magna
1454 2464 1630 2508 voluptate.

955 2521 1096 2563 Jungere
1120 2519 1262 2554 membra,
1286 2522 1322 2548 ut
1345 2516 1482 2546 Metam.
1506 2526 1538 2546 x.
1553 2515 1630 2546 464.

944 2573 1085 2613 jungere
1099 2579 1235 2608 corpora,
1250 2577 1305 2609 pro
1321 2566 1525 2601 concubuisse,
1543 2563 1629 2607 quod

956 2620 986 2651 h.
1004 2619 1025 2650 l.
1040 2618 1115 2650 olim
1131 2617 1334 2659 vulgabatur,
1357 2621 1390 2646 et
1414 2613 1499 2657 quod
1520 2613 1628 2645 Taub-

954 2680 1030 2701 nero
1045 2667 1147 2710 magis
1163 2667 1325 2711 placebat,
1342 2672 1378 2697 ut
1390 2663 1486 2696 castis
1499 2664 1629 2695 auribus

954 2719 1132 2761 animisque
1175 2714 1456 2749 accommodatius.
1513 2713 1629 2750 Immo,

942 2772 1082 2812 jungere
1131 2769 1261 2799 membra
1309 2763 1517 2798 verecundius
1559 2763 1627 2796 dic·

954 2820 1033 2844 tum.
