1830 3220
546 187 897 231 FASTORUM
933 188 1054 231 LIB.
1089 189 1184 231 III.

158 304 274 353 Sive
299 305 396 351 hoc
423 320 453 351 a
480 303 653 352 Samio
679 305 877 362 doctus,
906 306 992 369 qui
1019 323 1169 370 posse
1196 309 1392 356 renasci

225 381 335 430 Nos
361 388 536 446 putat;
580 381 767 446 Egeria
792 383 895 431 sive
921 391 1159 432 monente
1185 401 1294 434 sua.

157 459 261 508 Sed
278 466 449 508 tamen
471 460 708 508 errabant
726 460 1004 508 etiamnum
1021 468 1272 526 tempora;
1299 464 1462 513 donec
1483 469 1576 515 155

225 538 446 586 Caesaris
473 538 523 584 in
550 538 720 586 multis
746 538 855 585 haec
883 554 1089 602 quoque
1115 556 1236 589 cura
1259 541 1370 591 fuit.

157 614 276 663 Non
301 616 410 663 haec
435 616 520 663 ille
548 615 706 672 DeUS,
735 622 994 680 tantaeque
1019 619 1313 682 propaginis
1340 629 1515 671 auctor

225 694 460 742 Credidit
483 693 659 741 officiis
686 709 798 741 esse
824 693 1020 742 minora
1045 696 1179 754 suis3

156 772 579 837 Promissumque
607 771 701 820 sibi
729 772 888 820 voluit
913 789 1231 837 praenoscere
1257 779 1457 836 coelum,

226 850 339 899 Nec
367 851 509 899 Deus
535 850 733 914 ignotas
759 851 945 915 hospes
971 851 1096 899 inire
1121 853 1316 902 domos.

1487 862 1583 910 160

158 928 253 976 Ille
279 945 445 977 moras
472 928 609 984 solis,
638 928 824 992 quibus
850 928 901 975 in
927 945 1020 976 sua
1045 930 1190 993 signa
1214 933 1416 992 rediret,

225 1007 464 1055 Traditur
489 1005 684 1054 exactis
710 1006 1025 1070 disposuisse
1051 1008 1200 1057 notis.

160 1084 212 1132 Is
237 1084 411 1133 decies
438 1101 586 1133 senos
612 1091 689 1132 ter
713 1090 918 1132 centum
945 1091 996 1132 et
1021 1086 1251 1151 quinque
1277 1088 1457 1140 diebus

225 1162 256 1210 J
263 1163 426 1220 unxit,
453 1170 504 1212 et
528 1180 556 1211 e
582 1163 733 1227 pleno
758 1170 990 1228 tempora
1014 1173 1196 1228 quarta
1218 1166 1317 1215 die.

158 1395 254 1427 saepe,
277 1384 345 1415 sine
373 1383 512 1420 arbitris,
536 1384 568 1415 in
592 1384 701 1415 lucum
725 1394 835 1426 quem-

158 1434 233 1466 dam
266 1445 298 1465 se
331 1433 513 1470 contulisse,
544 1439 640 1476 atque
672 1433 835 1476 sapientiae

158 1490 319 1528 praecepta
335 1484 497 1527 accepisse
514 1485 555 1515 ab
572 1495 611 1515 ea
625 1484 836 1523 credebatur5

161 1534 299 1577 Dionys.
316 1534 348 1565 ii.
363 1535 418 1565 60.
465 1534 565 1566 Plura
588 1534 660 1565 vide
688 1534 730 1566 ad
758 1545 837 1565 vers.

160 1586 236 1616 261.
261 1590 293 1615 et
322 1585 399 1615 276.
445 1583 628 1615 Secundum
668 1584 836 1615 Plutarch.

160 1635 263 1666 Num.
293 1633 383 1666 xviii.
412 1634 480 1676 ipse
517 1644 622 1665 rerum
657 1633 838 1665 coelestium

160 1685 302 1716 studium
318 1684 488 1716 libaverat.
514 1685 633 1716 Menses
649 1686 746 1722 duos5
763 1695 838 1716 con-

162 1736 208 1767 fer
224 1736 245 1766 i.
262 1736 315 1766 44.

210 1786 282 1817 155.
302 1786 458 1816 Errabant
472 1792 617 1826 tempora,
632 1785 765 1816 confusa
774 1791 842 1817 erat

163 1836 239 1868 anni
253 1835 420 1872 dimensio,
437 1835 555 1866 turbati
569 1840 661 1867 erant
676 1835 749 1866 fasti
765 1847 840 1878 pon-

163 1885 285 1917 tificum
311 1885 389 1917 vitio
418 1896 473 1927 per
502 1885 713 1916 intercalandi
742 1885 840 1916 licen-

163 1935 265 1974 tiam3
295 1934 463 1966 Censorin.
496 1935 535 1966 de
565 1935 609 1966 D.
632 1935 675 1966 N.
702 1947 754 1967 xx.
801 1936 843 1966 Et

163 1990 231 2016 erat
247 1990 337 2019 tanta
357 1984 562 2027 perturbatio,
580 1990 616 2015 ut
635 1996 739 2027 neque
760 1996 843 2016 mes-

163 2034 245 2066 sium
262 2033 348 2065 feriae
363 2033 478 2070 aestati,
491 2045 595 2076 neque
612 2034 843 2066 vindemiarum

165 2091 319 2116 autumno
344 2090 588 2129 ,competerent3
620 2085 751 2115 Sueton.
775 2085 841 2116 Jul.

165 2135 249 2167 Caes.
265 2135 310 2165 xl.
348 2139 368 2152 “
384 2134 636 2165 Inconstantiam
654 2139 841 2176 temporum,

165 2195 280 2227 vagam
297 2184 402 2215 adhuc
417 2190 449 2215 et
462 2185 617 2215 incertam
629 2184 649 2196 ’²
661 2189 757 2215 vocat
769 2185 843 2215 Ma-

166 2235 252 2266 crob.
300 2235 416 2266 Errant
439 2238 547 2265 autem
573 2233 682 2265 Livius
710 2240 742 2264 et
766 2234 844 2265 Plu-

166 2284 296 2316 tarchus
311 2284 366 2327 qui
382 2295 401 2315 a
417 2284 525 2315 Numa
538 2284 605 2326 jam
622 2283 751 2325 cyclum
763 2294 843 2325 qua-

170 2339 243 2365 tuor
280 2340 312 2365 et
342 2333 456 2376 viginti
497 2344 650 2365 annorum
682 2333 844 2364 invectum

167 2394 236 2415 esse
257 2390 385 2426 putant.
434 2384 573 2416 Omnino
589 2383 667 2425 quid
689 2383 797 2414 Numa
812 2383 845 2414 in

167 2433 344 2476 digestione
355 2433 430 2465 anni
442 2433 562 2465 lunaris
574 2431 756 2469 mutaverit,
768 2433 846 2474 quid

169 2494 243 2520 non,
256 2483 350 2515 docet
364 2482 483 2514 Ideler.
494 2483 525 2513 in
543 2483 640 2514 libro:
657 2482 847 2514 Historische

175 2534 455 2576 Untersuchimgen
479 2535 554 2564 ¹iiber
578 2534 626 2564 die
656 2535 847 2564 astronomis-

171 2585 247 2615 chen
268 2584 526 2625 Beobachtungen
546 2585 601 2614 der
617 2583 723 2620 Alten,
739 2583 771 2613 in
791 2583 847 2614 ad-

171 2633 367 2669 ditamentis,
391 2645 424 2676 p.
450 2634 514 2664 346
537 2644 608 2675 sqq.
652 2633 717 2664 An.
743 2633 784 2664 U.
810 2633 848 2666 C.

173 2684 249 2714 708.
271 2684 326 2726 qui
349 2683 409 2715 fuit
432 2694 485 2714 xv.
503 2683 671 2720 mensium,
694 2688 749 2714 aut
773 2684 848 2715 445.

173 2732 307 2769 dierum,
326 2734 364 2764 C.
381 2733 488 2764 Julius
506 2733 618 2770 Caesar,
634 2733 781 2765 Pontifex
798 2734 847 2764 M.

175 2793 193 2813 a
214 2783 262 2814 M.
287 2783 398 2815 Flavio
419 2788 451 2814 et
474 2783 625 2825 Sosigene
646 2782 786 2825 adjutus,
807 2783 847 2814 ad

906 1395 1031 1416 cursum
1062 1385 1136 1417 solis
1167 1388 1422 1420 accommodavit
1451 1400 1582 1431 annum,

906 1440 1056 1466 mutuans
1075 1445 1145 1466 eam
1167 1436 1320 1468 rationem
1339 1439 1379 1470 ab
1397 1440 1581 1484 *Egyptiisz

906 1484 1036 1515 Sueton.
1052 1485 1135 1517 Caes.
1150 1485 1181 1516 xl
1196 1498 1203 1524 3
1224 1486 1309 1518 Plin.
1325 1487 1412 1520 xviii.
1428 1491 1490 1530 575
1508 1492 1582 1524 Ma-

907 1534 1043 1571 crobius,
1076 1536 1106 1566 I.
1147 1536 1215 1567 Sat.
1254 1537 1329 1576 xiv3
1364 1538 1506 1581 Scaliger
1544 1542 1584 1574 de

907 1585 1043 1617 Emend.
1072 1586 1188 1629 Temp.
1217 1586 1274 1618 lib.
1303 1586 1346 1619 iv.
1371 1587 1441 1621 init.
1469 1591 1587 1624 Ideler.

907 1646 939 1677 p.
956 1636 1032 1666 363.
1078 1636 1141 1667 Illo
1160 1642 1299 1679 tempore
1317 1638 1426 1670 Caesar
1445 1641 1585 1674 nondum

909 1690 976 1715 erat
991 1685 1085 1721 Deus,
1100 1686 1156 1716 sed
1172 1686 1308 1717 Ovidius
1327 1688 1513 1729 apotheosin
1530 1691 1585 1722 ad-

909 1735 1052 1771 miscere,
1069 1735 1177 1778 reique
1199 1747 1296 1778 quam
1317 1742 1445 1775 tractat,
1461 1749 1587 1772 accom-

910 1785 1037 1816 modare
1065 1785 1177 1816 voluit.
1242 1787 1495 1829 Promissnmque,
1525 1796 1587 1823 etc.

910 1835 1032 1866 Mortui
1051 1835 1186 1866 Caesaris
1208 1835 1315 1867 anima
1330 1836 1362 1867 in
1382 1838 1509 1870 stellam
1525 1840 1586 1871 cri-

912 1884 1010 1915 nitam
1037 1885 1152 1916 abiisse
1174 1885 1297 1917 credita
1316 1893 1382 1925 est3
1407 1888 1587 1927 Suetonius,

911 1933 1055 1965 lxxxviii.
1103 1935 1186 1965 Hinc
1202 1934 1256 1966 ille
1272 1935 1373 1967 lusus.

959 1986 1031 2016 161.
1055 1985 1161 2022 Μαι-ιε,
1179 1990 1333 2027 tempora,
1349 1986 1466 2028 quibus
1485 1989 1532 2020 sol
1554 1990 1588 2022 in

912 2034 1045 2076 siugulis
1073 2034 1196 2066 zodiaci
1223 2035 1321 2076 signis
1342 2043 1492 2075 moratur,
1516 2046 1588 2082 post

912 2094 984 2125 quae
1015 2084 1048 2114 in
1076 2084 1214 2126 primum
1249 2084 1375 2126 signum
1403 2088 1589 2123 revolvitur.

912 2134 1096 2165 Secundum
1112 2135 1259 2166 Macrob.
1275 2135 1326 2166 M.
1343 2136 1474 2168 Flavius
1490 2140 1590 2182 scrip-

913 2189 960 2214 tos
976 2183 1044 2215 dies
1061 2183 1203 2225 singulos
1218 2184 1263 2215 ita
1278 2184 1318 2215 ad
1334 2184 1522 2219 dictatorem
1538 2200 1587 2221 re-

912 2234 996 2270 tulit,
1014 2240 1049 2264 ut
1070 2239 1102 2264 et
1122 2233 1198 2264 ordo
1222 2244 1330 2265 eorum
1346 2234 1480 2267 inveniri
1496 2237 1586 2270 facil·

913 2283 988 2314 lime
1013 2288 1131 2326 posset,
1153 2289 1186 2314 et
1209 2283 1339 2316 invento
1363 2292 1467 2318 certus
1487 2293 1590 2321 status

913 2339 1139 2376 perseveraret.
1189 2334 1325 2371 Exactis,
1355 2336 1461 2367 certis.
1513 2339 1591 2370 Is—

903 2385 1028 2423 jzmxit.
1074 2384 1192 2414 Sensus
1212 2384 1334 2415 facilis:
1359 2385 1386 2416 is
1407 2386 1514 2419 effecit
1534 2400 1591 2421 an-

915 2444 989 2464 num
1012 2433 1148 2464 solarem
1171 2434 1245 2465 365.
1261 2433 1395 2466 dierum.
1444 2436 1588 2470 Consum-

914 2493 1007 2519 mare,
1022 2493 1061 2513 ex
1073 2482 1216 2525 partibus
1230 2493 1431 2526 componere,
1445 2491 1478 2518 ut
1490 2493 1592 2520 totum

914 2533 1083 2564 efficiatur.
1129 2533 1211 2564 Tota
1229 2532 1286 2565 illa
1304 2533 1372 2565 dies
1392 2537 1591 2579 componitur

915 2582 999 2613 senis
1014 2582 1077 2614 illis
1092 2583 1186 2619 horis,
1199 2594 1270 2625 quae
1286 2583 1420 2626 singulis
1433 2586 1523 2618 annis
1538 2598 1590 2619 su-

915 2638 1040 2674 perant.
1087 2633 1248 2665 Caeterum
1264 2634 1358 2666 miror
1371 2635 1522 2667 Ovidium
1539 2637 1591 2667 hic

916 2682 1057 2720 desiisse,
1071 2693 1130 2714 nec
1146 2682 1323 2725 quidquam
1339 2685 1378 2715 de
1394 2695 1474 2715 novo
1490 2695 1591 2717 errore

916 2731 1046 2770 dixisse,
1067 2743 1162 2774 quem
1183 2733 1350 2775 Augustus
1372 2734 1506 2766 correxit
1517 2746 1527 2774 3
1550 2735 1591 2767 de

918 2793 981 2824 quo
997 2783 1142 2815 Macrob.
1158 2782 1191 2814 d.
1207 2783 1233 2814 l.
