1830 3220
253 197 310 238 66
647 195 699 235 Ρ.
735 193 951 235 OVIDII
987 190 1271 233 NASONIS

255 313 394 364 Inter
419 311 822 375 Hamadryadas,
837 308 1291 373 jaculatricemque
1313 305 1546 360 Dianam,
1568 306 1661 351 155

325 390 536 438 Callisto
563 388 691 436 sacri
717 404 832 452 pars
857 387 951 434 fuit
976 402 1076 433 una
1099 384 1254 432 chori.

255 467 349 515 Illa
375 467 496 514 Deae
522 475 735 529 tangens
761 481 934 512 arcus:
977 463 1117 518 Quos
1144 461 1413 524 tangimus,
1441 477 1602 516 arcus,

325 544 449 592 Este
475 561 599 592 meae
622 552 779 591 testes
805 541 1119 605 virginitatis,
1148 540 1232 588 ait.

255 622 481 687 Cynthia
506 623 753 669 laudavit:
796 621 1157 683 promissaque
1181 618 1369 666 foedera
1393 633 1551 670 serva,

323 699 390 746 Et
414 700 655 747 comitum
682 699 916 763 princeps
942 706 998 746 tu
1024 698 1161 753 mihi,
1189 697 1335 752 dixit,
1363 697 1477 744 eris.

1570 697 1663 743 160

255 777 466 825 Foedera
490 785 755 832 servasset,
785 777 824 824 si
853 785 952 824 non
977 776 1194 824 formosa
1218 776 1412 823 fuisset.

325 854 471 902 Cavit
496 856 760 903 mortales:
801 855 864 902 de
889 854 1014 902 Jove
1042 854 1231 901 crimen
1256 854 1428 900 habet.

255 930 398 978 Mille
424 931 552 979 feras
580 932 774 979 Phoebe
800 932 937 979 silvis
962 939 1145 980 venata
1169 931 1383 985 redibat,

320 1008 426 1056 Aut
451 1010 581 1073 plus,
610 1018 696 1056 aut
722 1009 943 1057 medium
970 1011 1074 1057 sole
1099 1016 1304 1057 tenente
1329 1009 1481 1055 diem.

257 1085 328 1132 Ut
351 1086 519 1149 tetigit
543 1088 730 1142 lucum,
759 1087 918 1134 densa
943 1087 1085 1149 niger
1111 1087 1222 1133 ilice
1248 1086 1410 1140 lucus,

1570 1086 1660 1131 165

322 1163 381 1210 In
408 1166 572 1212 medio
598 1165 778 1228 gelidae
804 1165 913 1212 fons
941 1172 1047 1212 erat
1072 1166 1202 1212 altus
1228 1180 1403 1228 aquae;

255 1240 383 1295 Hae,
413 1242 497 1299 ait,
526 1242 575 1288 in
602 1243 739 1298 silva,
768 1243 905 1305 virgo
930 1242 1160 1305 Tegeaea,
1188 1242 1426 1290 lavemur.

323 1318 538 1367 Erubuit
561 1320 685 1368 falso
710 1320 914 1383 virginis
942 1320 1025 1367 illa
1051 1336 1189 1368 sonO.

255 1395 468 1444 Dixerat
493 1406 542 1445 et
570 1397 616 1444 N
622 1398 852 1462 ymphis3
898 1397 1152 1462 Nymphae
1178 1397 1426 1445 velamina
1446 1403 1658 1461 ponunt.

323 1473 469 1522 Hane
491 1475 663 1539 pudet,
686 1483 737 1522 et
762 1475 916 1523 tardae
942 1475 1031 1522 dat
1050 1476 1181 1522 mala
1206 1475 1350 1538 signa
1371 1491 1537 1522 morae.
1568 1477 1661 1521 170

255 1550 480 1600 Exuerat
504 1553 700 1601 tunicas
720 1571 729 1601 :
772 1553 898 1601 uteri
924 1553 1191 1600 manifesta
1215 1561 1426 1610 tumore,

321 1628 559 1678 Proditur
584 1631 768 1679 indicio
793 1631 1027 1696 ponderis
1052 1632 1162 1695 ipsa
1187 1631 1280 1678 sui.

252 1774 354 1806 sidera
371 1776 486 1812 vicina,
505 1778 611 1808 Arctos
627 1777 691 1808 sive
713 1777 790 1807 Ursa
814 1780 919 1817 major,

253 1829 285 1854 et
308 1826 512 1866 Arctophylax
535 1828 600 1858 sive
625 1828 729 1858 Custos
755 1827 848 1863 Urscf‚
866 1833 921 1857 aut

255 1873 368 1910 Bootes,
383 1876 458 1916 quia
474 1876 555 1907 Ursa
574 1877 671 1918 major
691 1884 721 1908 et
740 1878 920 1907 Plaustrum

252 1923 349 1955 dicta.
394 1924 479 1955 Illud
507 1925 594 1956 sidus
621 1938 696 1957 xxv.
722 1926 821 1957 stellis
845 1936 920 1957 con-

252 1977 326 2008 stat,
343 1973 401 2003 hoc
417 1974 480 2004 xiv.
527 1975 640 2006 Custos
655 1975 687 2006 in
704 1982 836 2017 utroque
849 1978 921 2015 pede

251 2021 360 2052 stellas
387 2022 483 2054 habet
504 2023 657 2064 singulas.
706 2025 843 2060 Callisto,
860 2025 921 2067 Ly-

252 2072 361 2102 caonis
374 2072 450 2108 filia,
464 2073 604 2115 nympha
617 2074 770 2105 venatrix.
796 2074 923 2111 Chorus,

253 2127 366 2156 coetus,
383 2122 467 2163 quod
488 2133 602 2154 nomen
622 2134 686 2154 ver.
705 2124 779 2154 173.
796 2123 921 2164 legitur.

255 2170 335 2201 Pars
352 2182 413 2201 una
426 2172 520 2207 chori,
537 2183 599 2203 una
615 2183 651 2203 ex
669 2173 772 2204 choro.
787 2174 922 2203 Metam.

253 2219 286 2250 ii.
310 2220 386 2250 426.
426 2221 574 2252 Comitum
598 2233 668 2262 pars
691 2234 754 2252 una
778 2233 922 2254 mearum.

253 2269 385 2300 Veteres
420 2277 545 2312 tangere
582 2282 647 2302 rem
682 2272 839 2307 solebant,
868 2283 923 2313 per

253 2329 349 2360 quam
367 2319 528 2360 jurabant.
573 2321 625 2351 Ita
649 2320 811 2352 Hannibal
836 2331 924 2363 puer,

253 2370 343 2399 tactis
365 2369 685 2411 sacris,jurejurando
709 2370 841 2401 adactus
865 2379 923 2402 est.

252 2417 324 2448 Liv.
352 2417 416 2448 xxi.
447 2419 473 2450 l.
522 2419 675 2450 Promissa
690 2421 826 2461 foedera,
852 2431 922 2462 pro-

252 2466 360 2503 missa,
377 2477 447 2508 quae
468 2473 499 2498 et
514 2468 656 2499 absolute
668 2470 793 2511 soedera
813 2469 921 2511 appel-

251 2516 369 2553 lantur,
394 2517 528 2548 Metam.
552 2517 583 2548 ii.
600 2518 674 2550 757.
718 2518 875 2554 Tibullus,
893 2520 920 2550 I.

250 2566 296 2597 ix.
311 2566 472 2608 2.foeclera
487 2568 588 2604 dabas,
600 2567 653 2598 ubi
669 2568 734 2599 vid.
749 2568 920 2609 Heynium.

256 2615 406 2646 Comitum
433 2618 582 2657 princ-em,
608 2618 743 2648 Metam.
765 2618 841 2648 415.
889 2619 921 2649 Si

252 2665 468 2706 nonformosa.
515 2665 623 2696 Etiam
639 2666 772 2697 Coronis
786 2666 922 2698 Metam.

253 2713 286 2746 ii.
303 2715 388 2745 572:
404 2715 514 2756 forma
537 2716 612 2746 mihi
634 2719 750 2747 nocuit.
798 2716 920 2747 Crimen

251 2763 367 2804 passim
378 2764 418 2795 de
429 2770 536 2806 stupro
547 2770 577 2796 et
590 2765 754 2797 adulterio.
780 2766 827 2797 De
837 2766 920 2802 Jove,

989 1777 1042 1818 qni
1060 1776 1171 1807 faciem
1188 1777 1372 1817 cultumque
1389 1775 1502 1806 Dianae
1519 1775 1659 1811 indutus,

990 1826 1173 1868 Nymphon]
1186 1825 1272 1856 humi
1283 1826 1445 1868 jacentem
1459 1825 1488 1856 vi
1503 1835 1661 1867 compres-

989 1875 1041 1911 sit,
1062 1877 1198 1906 Metam.
1217 1874 1251 1905 ii.
1269 1876 1331 1906 422
1347 1886 1417 1917 sqq.
1464 1875 1619 1906 Nonnulli
1642 1888 1661 1906 a

990 1925 1075 1961 Jove,
1093 1924 1171 1966 quia
1187 1924 1240 1955 ille
1257 1935 1353 1955 causa
1369 1934 1477 1966 agens.
1511 1924 1663 1956 Heinsius

989 1973 1103 2005 suadet
1127 1975 1163 2004 ab
1185 1973 1277 2011 Jove,·
1303 1974 1398 2005 etiam
1420 1973 1479 2005 hoc
1506 1973 1578 2005 ferri
1603 1985 1660 2016 po-

992 2029 1063 2054 test.

1040 2073 1110 2103 164.
1135 2073 1197 2103 Aut
1221 2073 1299 2112 plus.
1324 2077 1386 2103 etc.
1410 2083 1473 2114 quo
1496 2072 1560 2103 diei
1579 2078 1659 2105 tem-

990 2133 1063 2164 pore
1088 2123 1151 2153 fere
1172 2121 1297 2153 venatio
1322 2122 1500 2154 finiebatur.
1545 2123 1664 2155 Confer

990 2173 1126 2202 Metam.
1163 2172 1207 2203 iii.
1240 2172 1424 2203 143—145.
1491 2172 1660 2204 Taubnero

990 2222 1095 2263 placet
1115 2228 1233 2252 tenente
1255 2222 1368 2261 polum,
1385 2221 1470 2263 quod
1490 2232 1572 2252 unus
1591 2223 1662 2253 cod.

991 2272 1127 2312 praefert.
1148 2271 1178 2301 A
1195 2271 1361 2302 venatione
1384 2271 1551 2302 redeuntes
1574 2282 1662 2303 ama-

992 2320 1071 2350 bant
1096 2320 1242 2351 lotiones.
1290 2320 1358 2351 Ilex
1383 2322 1475 2362 nigra
1498 2320 1615 2352 dicitur
1642 2332 1661 2352 a

992 2369 1165 2410 nigricante
1189 2369 1308 2408 virore3
1337 2369 1429 2411 Virg.
1454 2369 1523 2400 Ecl.
1546 2370 1589 2400 vi.
1606 2372 1662 2402 55.

991 2418 1071 2450 Inde
1095 2421 1185 2450 densa
1206 2421 1294 2461 niger
1310 2420 1379 2450 ilice
1397 2421 1483 2450 lucus
1498 2430 1564 2462 pro,
1580 2420 1658 2451 den-

991 2480 1044 2500 sus
1073 2470 1170 2511 nigris
1197 2469 1334 2500 ilicibus.
1382 2470 1503 2512 Tegeoea
1531 2471 1660 2502 omnino

991 2519 1092 2550 Arcas
1106 2531 1113 2557 ;
1139 2529 1223 2549 narn.
1238 2529 1304 2550 ver.
1321 2519 1394 2550 192.
1413 2519 1571 2556 Maenalia,
1586 2521 1659 2551 Me-

990 2574 1067 2604 tam,
1084 2568 1115 2599 d.
1130 2569 1152 2599 l.
1185 2568 1347 2599 Parrhasis
1361 2575 1393 2599 et
1410 2568 1590 2601 Nonacrina
1606 2580 1659 2600 vo—

989 2624 1088 2649 catur.
1112 2619 1219 2654 Sonus,
1231 2628 1356 2655 nomen.
1382 2618 1484 2649 Tarda
1496 2629 1559 2649 non
1570 2618 1661 2650 addit

989 2678 1102 2698 novam
1117 2667 1295 2706 notionem;
1319 2673 1441 2699 tantum
1457 2679 1550 2698 morae
1567 2674 1659 2700 natu-

990 2727 1056 2747 ram
1077 2717 1234 2759 exprimit.
1278 2717 1330 2749 Sic
1351 2728 1435 2760 saepe
1456 2723 1570 2760 poetae.
1617 2719 1660 2750 Et

991 2767 1081 2797 tarda
1095 2777 1178 2796 mora
1194 2766 1288 2798 etiam
1304 2777 1367 2798 ver.
1382 2768 1460 2798 256.
1475 2767 1604 2810 leg-itur.
