1830 3220
583 200 937 245 FASTORUM
970 199 1093 243 LIB.
1127 199 1214 243 VI.

1519 204 1608 247 341

184 321 342 370 Veste
365 321 485 369 data
509 320 698 385 tegitur
720 337 731 369 :
759 326 898 370 vetat
922 321 1051 370 hanc
1079 319 1305 370 Fortuna
1329 322 1518 370 moveri
1538 341 1548 382 ;

254 400 323 449 Et
348 401 421 449 sic
448 417 475 449 e
502 400 694 466 templo
720 407 800 449 est
824 401 936 466 ipsa
960 401 1134 449 locuta
1159 417 1279 450 suo:

186 480 289 529 Ore
315 480 538 528 revelato
567 495 669 544 qua
694 480 912 545 primum
938 479 1053 528 luce
1079 479 1278 544 patebit

255 558 479 617 Servius,
508 559 617 607 haec
644 557 796 624 positi
822 559 986 623 prima
1012 559 1219 623 pudoris
1246 558 1358 607 erit.

1515 562 1614 608 620

185 638 406 695 Parcite,
434 645 695 695 matronae,
722 638 905 686 vetitas
932 637 1197 701 adtingere
1222 644 1421 697 vestes3

256 718 482 767 Solemni
510 718 633 767 satis
660 724 739 766 est
763 734 887 766 voce
914 734 1116 766 movere
1142 734 1350 783 preces:

185 798 368 864 Sitque
394 805 551 864 caput
576 814 776 864 semper
803 798 1037 846 Romano
1062 804 1230 846 tectus
1256 797 1466 856 amictu,

253 877 354 933 Qui
380 894 470 926 rex
496 878 547 925 in
573 884 746 926 nostra
771 877 1020 943 septimus
1049 877 1171 926 urbe
1198 876 1308 925 fuit.

182 957 393 1006 Arserat
417 958 512 1005 hoc
538 957 815 1022 templum:
858 957 1003 1022 signo
1028 964 1199 1005 tamen
1226 957 1310 1005 ille
1337 957 1570 1022 pepercit

255 1036 422 1101 Ignis3
464 1053 615 1102 opem
640 1044 759 1086 nato
788 1037 1042 1086 Mulciber
1067 1037 1177 1103 ipse
1203 1037 1337 1085 tulit.

1515 1041 1612 1087 626

189 1115 429 1181 Namque
455 1123 599 1182 pater
619 1116 755 1164 Tulli
780 1116 1057 1174 Vulcanus,
1088 1116 1302 1165 Ocresia
1325 1122 1504 1175 mater,

256 1195 531 1260 Praesignis
557 1195 702 1253 facie,
733 1195 1073 1245 Corniculana
1096 1195 1206 1245 fuit.

189 1273 338 1323 Hanc
361 1292 536 1324 secum
562 1274 833 1340 Tanaquil,
861 1276 1017 1324 sacris
1044 1275 1108 1324 de
1134 1292 1273 1324 more
1299 1276 1506 1341 paratis,

253 1353 284 1402 J
292 1355 420 1402 ussit
444 1354 495 1402 in
517 1360 750 1402 ornatum
775 1354 990 1403 fundere
1015 1355 1130 1403 vina
1155 1354 1340 1403 focum.

233 1519 308 1550 620.
334 1518 473 1550 Positum
492 1520 640 1560 pudorem
658 1517 712 1550 alii
728 1528 747 1550 a
761 1518 870 1551 Servio

187 1568 386 1611 intelligunt,
413 1580 510 1612 quem
539 1568 677 1601 Ovidius
701 1569 746 1600 sic
774 1573 869 1611 neget

187 1630 332 1662 unquam
378 1620 556 1663 positurum
595 1630 664 1651 esse
699 1619 866 1662 pudorem,

189 1670 245 1702 alii
278 1671 483 1714 profligatum
516 1682 556 1702 ex
590 1671 670 1702 urbe
704 1670 869 1713 pudorem.

190 1721 294 1752 Immo
305 1723 406 1762 pudor
417 1721 620 1764 intelligenti.
634 1732 697 1763 quo
714 1722 868 1752 teneban-

190 1777 240 1803 tur
255 1771 393 1803 Romani
408 1777 536 1814 propter
551 1771 697 1803 Servium
719 1770 816 1814 impie
836 1776 868 1802 et

190 1821 310 1854 nefarie
326 1821 542 1860 interfectum,
553 1821 608 1864 qui
625 1822 785 1853 retinebat
801 1831 868 1858 eos,

191 1883 230 1904 ne
252 1883 288 1904 os
308 1873 378 1916 ejus
397 1872 597 1910 revelarent3
621 1871 647 1903 si
663 1872 868 1909 revelassent,

190 1922 346 1966 patuisset
370 1923 524 1966 pudorem
550 1923 642 1954 illum
669 1923 709 1954 ab
737 1922 775 1954 iis
802 1933 869 1955 esse

189 1974 340 2018 positum.
377 1975 417 2005 In
432 1985 547 2005 movere
560 1985 661 2015 preces
676 1973 768 2005 haesit
783 1974 869 2005 Nea-

191 2024 273 2068 polis
296 2025 373 2068 quia
399 2035 462 2056 non
486 2024 639 2056 credibile
667 2025 708 2056 sit
732 2023 773 2055 ad
799 2025 869 2055 Ser-

189 2074 289 2112 vium,
320 2082 475 2118 tanquam
514 2075 622 2112 deum,
656 2085 767 2118 preces
802 2085 871 2106 esse

192 2125 305 2157 factas.
350 2126 555 2157 Burmannus
570 2130 678 2156 monet
693 2136 784 2168 posse
801 2124 873 2156 illas

190 2186 302 2218 preces
314 2175 420 2207 referri
437 2176 478 2207 ad
490 2176 675 2207 Fortunam.
700 2176 870 2216 Septimus;

191 2232 228 2258 ut
241 2226 353 2263 Tatius
369 2226 595 2258 adnumeretur
607 2226 734 2268 regibus
750 2226 872 2257 Roma-

192 2277 253 2314 nis,
274 2277 360 2320 quod
383 2277 460 2309 fecit
481 2283 512 2308 et
534 2277 671 2314 Solinus,
688 2277 823 2308 Plurimi
839 2277 873 2309 ii.

193 2328 265 2360 cod.
281 2329 399 2370 quibus
420 2327 576 2371 Neapolis
600 2339 684 2365 usus,
701 2333 769 2359 tum
791 2339 874 2359 unus

191 2378 313 2409 Moreti
329 2384 362 2409 et
376 2379 508 2410 Farnes.
525 2385 634 2410 sertus.
667 2380 774 2417 Quum
790 2379 874 2409 Nos-

192 2434 240 2461 ter
260 2428 345 2460 Tatii
364 2429 447 2471 regis
468 2429 585 2472 passim
609 2429 803 2461 mentionem
828 2429 874 2460 fe-

194 2479 285 2517 cerit,
313 2485 348 2511 ut
374 2490 470 2523 supra
498 2491 563 2512 ver.
586 2480 651 2519 49;
684 2480 708 2512 i.
732 2481 818 2520 2623
841 2479 874 2512 ii.

199 2532 282 2571 135;
307 2530 418 2562 Amor.
442 2531 470 2562 I.
496 2530 563 2562 viii.
588 2532 641 2563 38.
672 2534 732 2563 non
761 2531 875 2563 mirum

194 2580 296 2613 videri
325 2582 433 2620 debet,
458 2581 606 2613 eumdem
635 2587 668 2613 et
694 2592 779 2613 nunc
805 2592 874 2614 esse

195 2638 410 2665 numeratum.

239 2684 317 2716 625.
335 2684 386 2715 De
403 2683 551 2716 incendio
566 2683 654 2715 illius
668 2682 781 2726 templi
798 2693 874 2714 con-

198 2734 243 2766 fer
265 2734 468 2777 Dionysium,
484 2733 528 2766 iv.
544 2734 595 2765 40.
612 2732 680 2776 qui,
699 2744 799 2775 quum
819 2733 876 2764 do·

195 2791 293 2823 ceret,
309 2785 456 2817 Servium
471 2783 533 2816 diis
547 2784 645 2816 fuisse
664 2794 786 2821 carum,
800 2795 873 2815 nar-

196 2841 258 2872 rat,
285 2835 319 2867 in
349 2836 498 2868 Fortunae
529 2835 661 2879 templo,
691 2834 777 2877 quod
808 2834 875 2877 ipse

1518 1358 1618 1403 630

937 1520 1090 1563 posuerit,
1115 1519 1257 1563 ligneam
1281 1520 1349 1563 ejus
1373 1524 1525 1557 statuam,
1550 1526 1618 1552 orto

938 1570 1099 1608 incendio,
1125 1570 1250 1602 caeteris
1276 1569 1423 1602 omnibus
1450 1570 1618 1607 absumtis,

938 1622 1039 1654 solam
1066 1621 1219 1653 mansisse
1244 1621 1422 1663 integram3
1452 1619 1562 1663 itaque
1587 1628 1620 1653 et

938 1682 996 1704 suo
1026 1677 1168 1714 tempore
1198 1670 1287 1702 illam
1318 1671 1454 1702 retinere
1485 1670 1619 1703 formam

938 1721 1042 1765 operis
1053 1721 1175 1764 antiqui
1189 1733 1197 1760 3
1211 1721 1294 1753 adde
1306 1720 1470 1752 Valerium
1483 1721 1620 1752 Maxim.

938 1771 983 1803 iii.
1000 1773 1031 1804 4.
1077 1771 1235 1803 Fabulam
1256 1770 1296 1802 de
1316 1770 1416 1802 Servii
1437 1770 1570 1812 origine,
1587 1772 1620 1804 in

939 1822 1109 1854 annalibus
1124 1821 1233 1853 latinis
1248 1821 1366 1853 lectam
1387 1832 1468 1857 esse,
1484 1826 1619 1853 testatur

940 1872 1127 1915 Dionysius,
1147 1872 1190 1904 iv.
1211 1873 1251 1903 2:
1278 1882 1349 1903 eam
1375 1870 1500 1914 repetiit
1522 1871 1620 1903 etiam

938 1923 1100 1955 Arnobius
1124 1923 1275 1954 adversus
1293 1922 1426 1959 Gentes,
1442 1934 1473 1954 v.
1489 1933 1521 1965 p.
1542 1924 1617 1954 169.

943 1975 1066 2006 Ocresia
1082 1975 1121 2005 ab
1138 1973 1209 2004 aliis
1227 1973 1347 2005 Ocrisia
1363 1972 1522 2009 scribitur,
1539 1979 1574 2005 ut
1589 1979 1621 2006 et

940 2024 1027 2068 apud
1066 2026 1197 2057 Graecos
1219 2023 1379 2067 Ὀκρὴσια
1417 2028 1449 2054 et
1475 2023 1622 2066 Ὀιςρίσια

942 2077 1057 2119 Itaque
1079 2076 1139 2107 hoc
1155 2075 1226 2107 loco
1247 2081 1279 2106 et
1295 2074 1381 2118 apud
1403 2074 1482 2106 alios
1498 2074 1622 2107 variant

942 2126 1031 2159 libri:
1060 2126 1214 2158 Heinsius
1230 2137 1314 2158 nunc
1330 2126 1454 2158 Ocresia
1470 2126 1621 2168 praetulit,

943 2178 998 2221 qui
1015 2178 1060 2210 sic
1076 2179 1109 2209 in
1132 2178 1243 2210 tabula
1261 2176 1402 2220 quadam
1426 2187 1526 2214 aenea,
1543 2177 1622 2209 etin

944 2235 1050 2261 vetere
1066 2238 1144 2260 saxo
1160 2227 1246 2270 apud
1263 2228 1449 2260 Gruterum.
1489 2227 1623 2270 Praesig-

943 2279 1111 2322 nisfacie;
1134 2278 1230 2310 etiam
1248 2288 1267 2308 a
1283 2277 1440 2319 Dionysio
1456 2276 1622 2318 καλλίστη

941 2343 977 2363 τε
1001 2330 1055 2362 καὶ
1080 2327 1334 2372 σωφρονεστάτη
1356 2330 1424 2360 τῶν
1445 2327 1482 2360 έν
1503 2331 1624 2370 Κορνι-

942 2382 1030 2423 κόλῳ
1047 2382 1218 2423 γυναικῶν
1237 2385 1377 2411 vocatur.
1411 2378 1622 2416 Corniculum,

943 2432 1018 2464 urbs
1034 2430 1131 2466 Latii,
1150 2430 1243 2473 cujus
1258 2428 1407 2472 princeps
1421 2428 1558 2466 Tullius,
1574 2429 1622 2460 vir

943 2481 1021 2524 regii
1036 2480 1200 2523 sanguinis
1221 2479 1289 2523 qui,
1305 2490 1404 2522 quum
1423 2479 1499 2510 urbs
1520 2490 1539 2511 a
1553 2480 1621 2511 Ro-

944 2531 1047 2564 manis
1062 2537 1238 2575 caperetur,
1251 2541 1398 2574 pugnans
1409 2529 1536 2562 cecidit.
1562 2530 1623 2562 Ta·-

944 2584 1064 2625 naqzdl,
1088 2588 1124 2614 ut
1148 2581 1245 2623 vulgo
1275 2580 1415 2616 Etrusci,
1440 2579 1624 2611 coelestium

943 2632 1160 2677 prodigiorum
1184 2630 1377 2675 peritissima
1405 2630 1536 2669 mulier3
1568 2631 1622 2662 Li·

944 2684 1026 2721 vius,
1056 2683 1078 2715 i.
1106 2684 1160 2715 34.
1220 2683 1388 2718 Ornatam,
1421 2687 1623 2723 apparatum.

945 2735 1023 2766 Erat
1038 2733 1248 2776 autemfocus
1258 2733 1353 2775 juxta
1364 2731 1496 2774 regiam,
1511 2731 1544 2762 in
1560 2742 1624 2774 quo

943 2783 1084 2816 Romani
1093 2794 1191 2826 quum
1203 2783 1268 2815 alia
1278 2793 1369 2814 sacra
1377 2781 1546 2819 faciebant,
1555 2788 1624 2813 tum

945 2845 1109 2867 coenarum
1121 2833 1277 2877 primitias
1287 2832 1458 2865 sacrabant
1468 2844 1477 2872 3
1488 2831 1626 2876 Dionys.
