1830 3220
507 186 804 229 FASTORU
813 188 859 230 M
893 187 1014 229 LIB.
1049 187 1106 229 V.

1431 190 1517 233 277

103 304 362 367 Signaque
387 303 476 351 dat
501 303 672 366 digitis
698 305 865 352 medio
891 321 1007 352 cum
1033 304 1216 368 pollice
1237 305 1458 368 junctis3

173 381 422 429 Occurrat
447 380 603 428 tacito
630 398 692 428 ne
720 382 844 429 levis
874 383 1050 429 umbra
1075 382 1200 430 sibi:

102 458 304 522 Terque
330 474 509 505 manus
536 474 688 522 puras
715 458 920 506 fontana
944 460 1127 523 perluit
1153 458 1317 507 unda:

1422 462 1520 508 435

169 536 410 593 Vertitur,
440 543 490 584 et
515 536 681 600 nigras
709 537 896 600 accipit
921 553 1005 584 ore
1030 536 1171 584 fabas
1192 556 1201 594 ;

107 615 435 679 Aversusque
455 615 608 679 jacit3
653 615 742 662 sed
768 616 889 662 dum
910 615 1050 678 jacit,
1077 614 1200 662 Haec
1228 632 1321 678 ego
1347 616 1519 675 mitto;

172 691 282 750 His,
311 694 491 757 inquit,
519 693 712 741 redimo
737 709 924 757 meque
951 709 1195 756 meosque
1222 692 1371 740 fabis.

104 770 216 819 Hoc
243 771 414 819 novies
439 771 578 828 dicit,
605 788 699 819 nec
725 771 959 835 respicit:
1001 771 1179 818 umbra
1202 777 1408 835 putatur

174 850 444 913 Colligere,
474 857 525 898 et
550 850 687 897 nullo
713 857 855 912 terga
878 849 1083 897 vidente
1110 849 1269 911 sequi.

1424 851 1523 895 440

105 928 303 976 Rursus
321 945 504 992 aquam
523 928 701 992 tangit,
720 929 1084 990 Temesaeaque
1106 933 1379 990 concrepat
1398 943 1519 984 aera3

176 1005 244 1053 Et
270 1013 430 1069 rogat,
457 1013 513 1053 ut
537 1005 687 1054 tectis
715 1013 865 1054 exeat
891 1005 1070 1052 umbra
1095 1004 1216 1051 suis.

108 1082 278 1138 Quum
303 1084 432 1131 dixit
457 1084 646 1140 novies,
676 1083 860 1132 Manes
887 1084 1021 1131 exite
1048 1082 1272 1147 paterni;

174 1161 422 1226 Respicit,
451 1168 503 1209 et
527 1178 651 1225 pure
678 1178 821 1209 sacra
845 1168 1053 1226 peracta
1076 1166 1237 1224 putat.

109 1239 263 1288 Dicta
288 1240 352 1288 sit
373 1240 508 1287 uncle
534 1240 658 1297 dies,
678 1256 793 1303 quae
820 1239 1034 1287 nominis
1062 1244 1230 1286 exstet
1250 1236 1405 1300 origo,
1425 1239 1521 1284 445

178 1317 267 1366 Me
292 1317 446 1381 fugit:
489 1334 554 1365 ex
580 1318 751 1381 aliquo
777 1325 857 1366 est
880 1316 1183 1365 invenienda
1208 1316 1322 1363 deo.

106 1480 186 1511 bant
201 1479 322 1522 aliquid
339 1492 346 1518 3
366 1480 448 1511 Met.
461 1479 504 1510 ix.
517 1481 581 1511 299
595 1492 602 1518 3
623 1480 679 1511 sed
696 1491 778 1511 nunc

109 1530 249 1572 crepitus
264 1529 400 1572 intellig.
412 1541 506 1572 quem
522 1528 641 1572 digitus
657 1530 781 1561 medius

107 1580 218 1623 pollici
236 1580 369 1623 junctus
389 1585 422 1611 et
444 1579 559 1611 deinde
583 1579 726 1611 celeriter
748 1580 782 1610 in

108 1631 247 1673 palmam
269 1630 436 1672 depressus
456 1629 532 1660 edit.
580 1629 679 1665 Levis,
696 1629 782 1660 tenui

111 1685 144 1711 et
173 1679 350 1711 umbratico
380 1690 507 1722 corpore
537 1679 676 1718 induta;
715 1679 782 1709 Ho-

110 1729 208 1760 ratius
223 1730 252 1760 I.
271 1729 336 1761 Od.
354 1741 385 1760 x.
400 1730 456 1759 18:
485 1730 556 1759 levis
571 1729 673 1759 turba.
724 1728 782 1758 Τα-

109 1781 183 1815 cito,
201 1778 294 1810 nudis
310 1779 445 1820 pedibus
461 1784 493 1809 et
511 1778 578 1809 sine
598 1787 720 1808 rumore
735 1777 783 1807 in-

111 1828 248 1860 cedenti.
293 1827 452 1864 Tibullus,
478 1828 505 1858 1.
530 1827 572 1858 ix.
597 1828 636 1857 4:
667 1831 688 1844 “
709 1826 785 1857 Sera

112 1877 220 1909 tacitis
235 1878 337 1909 Poena
354 1877 439 1908 venit
455 1876 622 1918 pedibus.’'

157 1928 232 1959 435.
258 1929 395 1959 Metam.
434 1927 520 1958 dicto
555 1927 636 1962 loco,
667 1926 785 1958 Medea

111 1982 132 1995 “
149 1978 211 2009 Ter
225 1988 258 2009 se
274 1977 448 2016 convertit3
465 1983 512 2008 ter
527 1977 639 2007 sumtis
653 1976 784 2007 flumine

113 2027 233 2060 crinem
254 2027 404 2059 Iri-oravit
422 2027 550 2068 aquis.’'
597 2026 696 2069 Apud
718 2026 785 2057 Ho-

113 2077 243 2112 ratium,
261 2076 364 2119 Epod.
379 2088 412 2107 v.
434 2078 488 2107 25.
505 2075 643 2108 Canidia
664 2086 720 2117 per
741 2081 786 2106 to-

113 2133 178 2158 tam
202 2127 331 2158 domum
353 2127 474 2168 spargit
494 2127 661 2157 Avernales
680 2137 785 2166 aquas.

115 2177 232 2209 Confer
246 2178 323 2207 AEn.
339 2176 381 2208 iv.
397 2177 473 2207 512.
519 2175 665 2217 Defabis
680 2176 788 2206 confer

115 2226 150 2258 ii.
164 2227 239 2258 576.
256 2226 310 2257 ubi
328 2236 408 2257 anus
428 2232 536 2265 septem
558 2228 664 2267 nigras
690 2232 787 2256 versat

116 2278 149 2306 ἰη
165 2276 326 2318 orefabas.
374 2275 501 2306 Redime
520 2286 577 2310 me,
598 2285 636 2305 ne
657 2274 788 2305 domum

116 2335 219 2356 meam
244 2324 378 2356 turbetis
402 2329 433 2355 et
457 2323 597 2362 vexetis3
622 2325 724 2355 Varro
748 2324 788 2354 de

117 2375 195 2407 Vita
214 2375 324 2417 populi
342 2374 500 2405 Romani:
525 2379 544 2391 “
564 2373 689 2410 Quibus
708 2379 788 2404 tem-

118 2424 246 2467 poribus
260 2424 292 2455 in
308 2424 404 2455 sacris
423 2423 528 2454 fabam
541 2424 666 2466 jactant
682 2429 789 2459 noctu,

119 2485 156 2506 ac
182 2473 293 2505 dicunt
316 2484 349 2504 se
376 2473 526 2504 Lemures
549 2477 638 2503 extra
657 2472 790 2513 januam

119 2524 266 2567 ejicere.’'
313 2524 443 2554 Festus:
471 2527 491 2540 “
509 2523 628 2554 Fabam
644 2532 702 2553 nec
719 2527 789 2552 tan-

121 2585 206 2616 gere,
245 2584 303 2604 nec
347 2573 507 2603 nominare
546 2571 633 2602 Diali
671 2571 789 2602 flamini

120 2625 216 2663 licet3
246 2623 331 2666 quod
361 2633 399 2653 ea
426 2628 555 2665 putatur
585 2621 625 2652 ad
654 2626 791 2652 mortuos

121 2675 297 2717 pertinere:
333 2684 407 2704 nam
428 2679 470 2711 ,et
498 2671 717 2703 Lemuralibus
739 2671 790 2713 ja.-

124 2724 206 2756 citur
220 2724 327 2759 larvis,
339 2729 371 2755 et
387 2722 608 2753 Parentalibus
623 2721 793 2753 adhibetur

125 2773 308 2814 sacrificii53
332 2779 365 2805 et
387 2772 420 2804 in
443 2773 517 2804 flore
540 2771 608 2813 ejus
630 2772 735 2803 luctus
754 2771 792 2802 li·

849 1487 922 1511 terae
952 1489 1103 1522 apparere
1128 1477 1311 1509 videntur.'’

849 1540 962 1572 nempe
979 1529 1081 1560 fabas.

893 1580 967 1610 441.
992 1577 1142 1609 Heinsius
1170 1588 1208 1608 ex
1235 1586 1298 1607 uno
1325 1575 1521 1607 Mazarinaeo

850 1629 970 1660 invexit
987 1640 1066 1669 aqua
1087 1630 1201 1669 tangit,
1217 1626 1340 1657 scilicet
1361 1637 1444 1664 aera5
1469 1625 1526 1657 sed

851 1678 902 1709 hic
923 1677 1002 1708 ritus
1020 1688 1082 1707 non
1099 1676 1229 1707 aliunde
1245 1681 1338 1706 notus
1353 1680 1411 1706 est.
1457 1676 1525 1706 Re-

852 1727 965 1758 vocavi
992 1726 1087 1768 igitur
1112 1738 1232 1767 aquam,
1256 1724 1341 1766 quod
1365 1726 1461 1755 etiam
1488 1725 1525 1756 τὸ

853 1787 963 1807 rursus
993 1776 1176 1807 confirmare
1205 1774 1343 1809 videtur,
1370 1774 1526 1816 respicere

853 1826 935 1857 enim
951 1825 1108 1867 nosjubet
1123 1835 1186 1855 ver.
1203 1825 1278 1855 435.
1310 1823 1526 1859 Temesa,urbs

853 1876 1050 1906 Bruttiorum
1076 1875 1145 1916 jam
1174 1873 1305 1905 Homeri
1334 1878 1429 1904 aetate
1457 1873 1527 1904 aeris

854 1925 969 1956 fodinis
998 1925 1107 1963 clara;
1145 1924 1269 1959 Strabo,
1303 1922 1346 1954 vi.
1377 1934 1409 1964 p.
1439 1925 1526 1963 3935

854 1975 950 2006 etiam
974 1976 1058 2006 Met.
1090 1974 1143 2005 vii.
1169 1974 1244 2005 207.
1296 1973 1440 2004 Temesaea
1465 1985 1527 2004 cera

853 2025 886 2056 in
903 2036 959 2056 usu
976 2024 1110 2065 magico.
1150 2023 1235 2054 AEris
1251 2027 1358 2053 autem
1374 2022 1526 2054 tinnitum

854 2080 962 2117 aptum
989 2085 1057 2105 esse
1084 2073 1229 2104 habitum
1257 2072 1298 2103 ad
1323 2079 1447 2114 spectra
1470 2072 1528 2114 eji-

853 2123 979 2160 cienda,
995 2123 1089 2154 docet
1108 2122 1273 2165 Neapolis.
1322 2122 1417 2159 Pure,
1440 2122 1526 2164 quod

854 2173 934 2205 alias
948 2175 1019 2204 rite.

1370 1477 1523 1519 Colligere

898 2224 974 2255 445.
998 2222 1144 2254 Nominis
1170 2223 1270 2264 orig0,
1294 2221 1334 2252 ad
1359 2232 1454 2263 quam
1479 2222 1527 2253 in-

856 2272 1058 2308 veniendam,
1074 2283 1160 2303 more
1181 2282 1237 2303 suo
1257 2276 1352 2313 poeta
1367 2271 1462 2302 deum
1478 2271 1526 2302 in-

858 2328 960 2357 vocat,
979 2327 1011 2353 et
1030 2321 1160 2363 quidem
1182 2321 1390 2357 Mercurium,
1407 2321 1458 2351 cui
1480 2332 1529 2353 res

858 2372 987 2403 infernae
1017 2377 1091 2402 sunt
1115 2371 1298 2407 notissimae,
1324 2376 1357 2401 et
1387 2370 1441 2412 qui
1468 2371 1527 2402 hoc

857 2432 966 2452 mense
1000 2421 1184 2459 colebatur3
1225 2431 1292 2451 ver.
1325 2421 1411 2457 6633
1450 2420 1526 2451 Plu-

858 2471 996 2508 tarchus,
1010 2472 1135 2508 Quaest.
1153 2472 1293 2502 Roman.
1308 2483 1338 2513 p.
1357 2473 1430 2503 148.
1473 2473 1527 2503 Ιη-

859 2523 972 2558 venire,
1005 2521 1204 2564 perscrutari.
1266 2521 1373 2562 Virga,
1405 2521 1527 2563 insigne

859 2571 1011 2603 Mercurii
1039 2577 1152 2611 potens,
1181 2581 1243 2612 quo
1272 2570 1374 2601 multa
1403 2571 1527 2602 efficere

859 2628 973 2665 potest,
1001 2633 1062 2664 quo
1087 2622 1182 2653 etiam
1209 2622 1336 2652 umbras
1360 2620 1400 2651 ad
1427 2622 1529 2662 Stygii

860 2672 956 2708 Jovis,
983 2672 1049 2703 sive
1079 2671 1223 2702 Plutonis
1251 2671 1371 2712 regiam
1400 2669 1530 2701 deducit

860 2720 1101 2764 ψυχοπομπός·
1127 2722 1238 2752 Horat.
1259 2721 1343 2751 dicto
1363 2720 1444 2753 loco.
1462 2730 1528 2751 ver.

868 2771 916 2802 17.
963 2773 1130 2807 Adam-atus,
1146 2770 1331 2812 imploratus
1347 2779 1364 2799 a
1380 2779 1440 2800 me.
