1809 3220
193 165 278 208 192

586 164 635 205 P.
671 163 883 205 OVIDII
918 162 1201 205 NASONIS

191 281 498 346 Dindymon,
521 287 572 328 et
599 279 846 343 Cybelen,
874 286 926 326 et
951 294 1197 326 amoenam
1222 277 1442 325 fontibus
1470 277 1596 326 Iden

257 360 483 422 Semper,
511 363 562 405 et
587 356 767 404 Iliacas
795 362 954 404 mater
979 355 1162 403 amavit
1186 371 1326 419 opes.

1499 358 1597 402 250

188 436 356 491 Quum
381 435 584 497 Trojam
610 433 794 481 AEneas
822 433 977 481 Italos
1004 439 1225 497 portaret
1250 432 1301 479 in
1325 448 1485 495 agros,

254 512 347 559 Est
373 511 484 560 Dea
508 510 767 558 sacriferas
793 526 938 574 paene
964 516 1140 557 secuta
1164 516 1314 557 rates.

190 590 291 638 Sed
317 590 539 637 nondum
564 588 678 635 fatis
706 588 850 635 Latio
876 604 968 634 sua
993 587 1198 634 numina
1222 587 1363 650 posci

258 666 523 722 Senserat3
567 665 791 712 adsuetis
818 664 1213 727 substiteratque
1239 664 1378 711 locis.

189 744 330 800 Post,
353 751 410 791 ut
435 743 599 790 Roma
619 749 799 806 potens
826 741 1005 805 opibus
1026 742 1132 805 jam
1157 742 1341 789 saecula
1368 741 1595 804 quinque

253 820 408 876 Vidit,
439 828 490 868 et
513 819 734 868 edomito
760 818 964 866 sustulit
987 819 1107 866 orbe
1133 826 1303 882 caput,

1498 821 1595 866 256

188 897 438 946 Carminis
466 897 677 945 Euboici
701 896 872 944 fatalia
895 897 1047 944 verba
1072 897 1304 944 sacerdos

254 974 495 1039 Inspicit:
535 976 818 1038 inspectum
845 975 943 1022 tale
968 973 1123 1022 fuisse
1149 973 1345 1022 ferunt:

189 1051 354 1100 Mater
379 1053 551 1108 abest;
592 1058 802 1099 matrem
821 1053 994 1115 jubeo,
1023 1052 1269 1107 Romane,
1297 1051 1551 1115 requiras:

255 1128 423 1183 Quum
447 1130 630 1185 veniet,
659 1137 799 1177 casta
823 1137 902 1177 est
927 1130 1224 1194 accipienda
1249 1145 1416 1176 manu.

1497 1131 1596 1175 260

190 1207 434 1254 Obscurae
462 1206 609 1254 sortis
635 1213 805 1271 patres
831 1207 1128 1270 ambagibus
1154 1213 1336 1262 errant,

257 1283 446 1338 Quaeve
473 1300 654 1347 parens
681 1285 829 1341 absit,
858 1301 1021 1348 quove
1045 1283 1267 1348 petenda
1291 1284 1418 1331 loco.

189 1361 482 1408 Consulitur
508 1360 693 1418 Paean;
737 1361 1022 1425 Divumque
1049 1361 1289 1409 arcessite
1314 1368 1540 1415 matrem,

254 1437 457 1501 Inquit:
498 1438 547 1484 in
576 1437 712 1485 Idaeo
738 1445 816 1486 est
841 1439 1137 1486 invenienda
1154 1440 1295 1502 jugo.

188 1514 464 1562 Mittuntur
484 1531 746 1579 proceres:
779 1515 1013 1579 Phrygiae
1039 1523 1145 1563 tum
1166 1522 1365 1579 sceptra
1389 1514 1594 1562 tenebat

255 1591 484 1639 Attalus:
527 1591 763 1639 Ausoniis
789 1608 894 1640 rem
919 1600 1069 1656 negat
1093 1593 1178 1640 ille
1202 1592 1335 1640 viris.

185 1743 212 1773 I.
228 1742 294 1773 Sat.
315 1741 358 1772 iv.
379 1742 439 1772 79:
465 1745 484 1758 “
503 1741 597 1772 Unde
624 1742 758 1783 petitum
784 1743 855 1773 Hoc

185 1790 216 1822 in
233 1802 282 1822 me
298 1790 378 1833 jacis
391 1790 429 1820 ’Ψ
454 1790 509 1821 Ide
525 1801 543 1822 a
555 1791 700 1832 sontibus
716 1791 830 1822 nobilis
845 1803 853 1829 ;

187 1840 268 1871 Met.
292 1840 327 1871 ii.
352 1840 428 1870 218.
453 1841 507 1870 ubi
535 1839 606 1871 vide
634 1846 698 1871 not.
744 1840 856 1871 Iliacas

184 1901 263 1929 opes,
285 1899 415 1930 regnum
436 1889 617 1930 Trojanum.
662 1889 726 1920 Hic
751 1889 856 1920 mirari

185 1939 255 1980 quis
269 1943 402 1980 poterat,
419 1938 502 1979 quod
521 1949 582 1969 non
601 1939 737 1969 AEnearn
752 1946 855 1970 secuta

184 1987 234 2018 sit.
283 1987 384 2022 Quum
402 1987 605 2026 Trojamaetc.
617 1998 655 2018 ex
672 1988 747 2018 AEn.
760 1987 781 2018 i.
795 1989 852 2018 68:

184 2041 205 2054 “
221 2036 316 2067 Ilium
339 2037 372 2067 in
386 2036 514 2066 Italiam
537 2041 678 2078 portans,
692 2036 853 2078 victosque

188 2085 358 2117 Penates.”
404 2085 584 2127 Sacrifhras,
614 2096 685 2127 quae
716 2086 853 2117 Penates

185 2140 216 2166 et
232 2134 364 2165 Vestam
379 2134 533 2165 ferebant.

227 2185 305 2215 255.
329 2183 422 2214 Anno
443 2184 517 2215 549.
534 2184 570 2214 Ρ.
586 2183 731 2215 Cornelio
751 2184 851 2226 Scipi-

184 2244 254 2269 one,
275 2234 313 2264 P.
330 2232 452 2264 Licinio
475 2233 588 2264 Crasso
613 2243 693 2264 coss.
714 2238 851 2276 tempore

183 2282 260 2313 belli
287 2282 399 2313 Punici
425 2282 567 2318 secundi,
591 2293 689 2324 quum
713 2282 853 2313 crebrius

185 2331 224 2363 de
241 2331 323 2362 coelo
342 2331 518 2373 lapidatum
535 2337 628 2368 esset,
643 2331 675 2361 in
697 2330 784 2362 libris
805 2331 852 2362 Si-

184 2380 313 2422 byllinis
348 2379 395 2423 id⁴
418 2390 546 2411 carmen
583 2380 746 2411 inventum
785 2386 851 2412 est:

184 2434 205 2448 ‘¹
223 2428 422 2470 Quandoque
444 2428 541 2459 hostis
566 2429 743 2470 alienigena
764 2435 852 2460 terrae

183 2477 287 2510 Italiae
301 2477 420 2508 bellum
436 2476 604 2514 intulisset,
614 2487 685 2508 eum
701 2478 777 2519 pelli
787 2479 853 2509 Ita-

183 2527 226 2558 lia
250 2525 397 2567 vincique
425 2536 528 2567 posse,
547 2526 572 2556 si
599 2532 698 2557 mater
720 2527 809 2558 Idaea
835 2538 853 2558 a

188 2575 376 2607 Pessinunte
406 2576 542 2605 Romam
575 2575 710 2606 advecta
738 2575 852 2607 foret.’'

184 2626 268 2657 Hinc
297 2630 401 2667 patres
430 2624 462 2655 id
493 2625 642 2666 cogitare,
672 2636 742 2667 quae
774 2625 852 2657 ratio

182 2674 430 2717 transportandae
465 2675 603 2705 Romam
640 2675 718 2705 Deae
756 2680 850 2711 esset,

185 2723 357 2765 praesertim
387 2734 483 2765 quum
512 2724 689 2766 Delphicus
726 2735 851 2766 quoque

1491 1593 1589 1638 266

924 1743 1041 1786 Apollo
1064 1742 1246 1779 monuisset,
1262 1752 1409 1784 magnam
1431 1739 1593 1772 victoriam

924 1792 1034 1823 adesse
1046 1792 1163 1834 populo
1174 1792 1332 1823 Romano.
1362 1790 1474 1832 Legati
1484 1789 1593 1820 Asiam

923 1846 1068 1883 petentes
1091 1841 1124 1871 in
1146 1840 1257 1872 itinere
1279 1840 1441 1871 oraculum
1457 1838 1593 1881 Delphi-

923 1901 996 1921 cum
1023 1890 1127 1921 denuo
1149 1890 1384 1926 consuluerunt,
1407 1899 1426 1920 a
1448 1899 1511 1930 quo
1532 1899 1594 1920 res-

923 1949 1055 1981 ponsum
1077 1939 1237 1970 tuleruntz
1263 1943 1284 1956 “
1304 1939 1365 1969 Per
1377 1938 1523 1969 Attalum
1546 1948 1594 1968 re-

923 1999 993 2029 gem
1006 1993 1166 2029 compotes
1178 1988 1245 2029 ejus
1257 1987 1333 2023 fore,
1343 1987 1429 2028 quod
1439 1991 1594 2029 peterent.

923 2038 1030 2074 Quum
1043 2037 1177 2067 Romam
1189 2037 1293 2067 Deam
1304 2035 1514 2071 devexissent,
1525 2041 1591 2066 tum

922 2091 1076 2121 curarent,
1094 2091 1128 2116 ut
1143 2096 1223 2121 eam,
1241 2085 1296 2127 qui
1313 2085 1357 2116 vir
1373 2083 1510 2126 optimus
1524 2085 1591 2116 Ro-

922 2145 980 2165 mae
1013 2140 1105 2171 esset,
1134 2134 1268 2176 hospitio
1298 2133 1493 2176 exciperet.''
1539 2133 1590 2164 Sic

921 2183 1040 2220 Livius,
1066 2194 1084 2214 a
1110 2194 1172 2225 quo
1201 2184 1235 2214 in
1260 2182 1421 2214 nonnullis
1446 2182 1591 2214 dissentit

921 2233 1066 2265 Ovidius.
1113 2235 1241 2264 Carmen
1261 2233 1436 2269 Euboicum,
1452 2232 1522 2263 libri
1542 2231 1590 2263 Si-

919 2281 1042 2324 byllini.
1088 2283 1174 2313 Nota
1197 2288 1265 2313 erat
1290 2281 1412 2324 Sibylla
1438 2281 1590 2319 Cumaea3

922 2331 992 2362 vide
1017 2342 1081 2362 ver.
1106 2332 1177 2362 158.
1222 2330 1332 2362 Cumae
1363 2335 1470 2361 autem
1495 2329 1590 2371 origi—

921 2391 993 2412 nem
1020 2380 1186 2411 trahebant
1209 2390 1228 2411 a
1249 2379 1404 2411 Chalcide
1429 2378 1590 2418 Euboica;

921 2430 993 2461 vide
1023 2430 1062 2461 ad
1083 2430 1218 2461 Metam.
1235 2428 1299 2460 xiv.
1318 2430 1390 2460 155.
1436 2429 1590 2465 Sacerdos,

921 2479 1113 2510 Decemviri.

964 2528 1039 2558 261.
1063 2529 1208 2569 Ambages
1227 2537 1313 2568 saepe
1335 2526 1374 2557 de
1391 2526 1586 2557 oraculorum

921 2577 1147 2618 ambiguitate3
1171 2587 1234 2608 ver.
1259 2577 1345 2613 668;
1375 2576 1512 2606 Metam.
1534 2575 1588 2606 vii.

922 2627 994 2657 761.
1023 2627 1074 2657 De
1088 2628 1222 2657 consulto
1235 2626 1344 2657 Paeane
1357 2625 1449 2656 modo
1464 2624 1584 2656 dictum

921 2676 960 2707 ad
976 2686 1097 2707 versum
1114 2677 1191 2707 255.

963 2725 1038 2756 265.
1061 2725 1201 2756 Profer-es
1213 2724 1259 2755 illi
1274 2729 1362 2755 erant
1376 2723 1425 2754 M.
1436 2723 1585 2754 Valerius
