1830 3220
265 197 323 238 24
664 196 715 237 P.
749 195 966 237 OVIDII
1000 194 1284 237 NASONIS

266 312 461 362 Felices
487 312 697 369 animos,
725 312 911 376 quibus
937 312 1046 359 haec
1072 327 1376 375 cognoscere
1403 311 1593 376 primis,

331 392 496 456 Inque
517 391 695 438 domos
721 406 930 455 superas
957 390 1201 437 scandere
1227 405 1349 437 cura
1372 388 1493 436 fuit!

266 469 524 517 Credibile
548 476 626 517 est
649 469 761 516 illos
782 467 970 533 pariter
993 467 1233 531 vitiisque
1257 467 1486 531 locisque

330 547 498 594 Altius
520 546 750 594 humanis
777 545 1063 594 exseruisse
1088 553 1260 610 caput.

1579 547 1678 593 300

263 625 379 673 Non
404 624 579 674 Venus
601 631 652 672 et
674 623 846 671 vinum
873 622 1106 671 sublimia
1125 630 1334 688 pectora
1351 622 1518 687 fregit,

333 703 632 750 Officiumve
657 701 766 758 fori,
795 700 1049 748 militiaeve
1073 701 1242 749 labor:

263 780 374 830 Nec
401 780 523 829 levis
550 779 772 836 ambitio,
801 777 1107 843 perfusaque
1133 778 1293 842 gloria
1315 778 1448 836 fuco,

332 858 698 922 Magnarumve
724 856 882 904 fames
909 855 1200 904 sollicitavit
1221 873 1392 922 opum.

260 935 544 985 Admovere
569 935 726 984 oculis
752 934 993 982 distantia
1018 934 1185 982 sidera
1208 936 1371 992 terris,

1578 937 1678 984 305

329 1014 640 1079 AEtheraque
665 1013 867 1077 ingenio
894 1029 1207 1077 supposuere
1233 1029 1342 1061 suo.

262 1091 349 1140 Sic
376 1092 564 1157 petitur
589 1092 801 1139 coelum:
832 1107 948 1147 non,
969 1098 1025 1138 ut
1049 1090 1176 1138 ferat
1198 1090 1368 1138 Ossan
1385 1089 1655 1155 Olympus,

331 1171 643 1235 Summaque
665 1170 901 1219 Peliacus
928 1169 1095 1218 sidera
1119 1176 1295 1233 tangat
1319 1184 1471 1233 apex.

263 1248 372 1297 Nos
398 1266 603 1313 quoque
624 1249 718 1296 sub
744 1247 961 1296 ducibus
980 1248 1164 1295 coelum
1189 1247 1493 1296 metabimur
1516 1247 1633 1305 illis,

329 1326 691 1392 Ponemusque
716 1343 834 1374 suos
860 1326 924 1373 ad
950 1332 1084 1373 stata
1108 1325 1253 1389 signa
1277 1326 1403 1374 dies.

256 1499 321 1530 que
355 1488 423 1520 scil.
460 1488 685 1531 vespertinum,
716 1499 812 1530 quum
849 1488 934 1520 idem

257 1538 294 1568 fit
322 1537 407 1569 circa
442 1538 516 1569 solis
543 1548 705 1569 occasum.
751 1538 829 1569 Mox
860 1538 932 1580 plu-

259 1587 343 1623 rimi,
367 1587 490 1619 Felices
513 1587 637 1619 animae.
689 1587 751 1619 Sed
780 1598 864 1619 nunc
893 1588 933 1620 de

259 1637 473 1678 cognoscendi
494 1637 599 1668 studio
614 1647 714 1669 sermo
731 1645 798 1676 est;
823 1637 932 1680 itaque

260 1687 377 1718 rectius
402 1693 478 1729 puto
507 1689 636 1719 animos.
679 1688 797 1719 Beatos
825 1694 931 1719 autem

259 1736 388 1768 eosdem
410 1737 564 1779 praedicat
591 1743 624 1768 et
649 1737 782 1774 Plinius,
806 1737 841 1768 ii.
872 1739 931 1777 123

259 1791 280 1804 ‘⁶
299 1786 401 1818 Macti
425 1786 552 1828 ingenio
577 1793 655 1824 este,
680 1787 756 1818 coeli
779 1787 934 1830 interpre-

259 1843 319 1873 tes,
344 1847 511 1880 rerumque
533 1843 655 1869 naturae
674 1847 822 1879 capaces,
839 1848 933 1879 argu-

261 1886 360 1917 menti
380 1892 565 1929 repertores,
583 1897 646 1929 quo
668 1887 810 1918 homines
830 1886 933 1919 Deos-

258 1946 322 1978 que
345 1935 500 1967 vicistis.’'
547 1937 610 1967 Eos
638 1936 733 1979 paulo
758 1942 831 1967 ante
854 1940 934 1968 viros

259 1987 398 2028 ingentes
421 1991 526 2022 vocat,
555 1996 714 2027 supraque
751 1986 930 2018 mortalium

261 2041 419 2071 naturam,
436 2034 491 2076 qui
512 2034 676 2065 numinum
693 2035 796 2076 legem
817 2035 930 2078 depre-

261 2083 439 2116 henderint.
477 2084 517 2115 In
532 2086 631 2115 domos
644 2095 767 2124 superas
776 2087 930 2123 scandere,

259 2133 364 2165 sidera
393 2132 467 2164 coeli
497 2133 727 2175 contemplari;
762 2133 873 2165 Horat.
903 2135 931 2166 Ι.

259 2182 325 2214 od.
351 2182 459 2214 xxviii.
483 2184 515 2214 5.
536 2182 576 2213 de
602 2182 757 2225 Archyta,
781 2187 802 2200 “
819 2183 932 2215 Aerias

239 2235 399 2263 'tentasse
422 2231 542 2268 domos,
565 2231 733 2274 animoque
762 2233 931 2264 rotundum

260 2280 454 2312 Percurrisse
476 2281 618 2323 polum-'³
667 2281 794 2313 Confer.
815 2283 932 2314 Lucre-

262 2331 335 2368 tiuS‚
347 2331 368 2362 i.
385 2331 440 2361 74.
488 2331 576 2362 Locis
598 2331 738 2362 humanis
757 2334 865 2363 exserit
881 2343 931 2363 ca-

256 2388 327 2421 put,
349 2380 403 2423 qui
428 2391 491 2411 non
516 2386 640 2411 tantum
663 2379 815 2417 intuetur,
845 2382 931 2423 quod

260 2437 334 2462 ante
358 2430 454 2472 pedes
480 2437 538 2467 est,
566 2430 622 2461 sed
648 2430 780 2471 suspicit
804 2436 836 2462 et
856 2442 929 2462 con-

261 2481 436 2523 templatur
457 2480 612 2512 coelestia.
650 2480 734 2511 Huic
754 2491 930 2512 accommo-

260 2530 360 2566 davit,
376 2535 412 2560 ut
435 2529 598 2571 ingeniose
621 2529 814 2571 loqueretur,
831 2536 863 2561 et
883 2531 928 2561 al-

260 2586 374 2616 terum,
390 2581 474 2611 vitiis
489 2581 647 2610 exseruisse
662 2586 764 2619 caput.

304 2629 380 2661 302.
417 2629 560 2672 Officium
586 2630 669 2671 fori,
697 2629 799 2660 omnis
836 2640 931 2672 opera

258 2680 280 2711 J
286 2679 428 2716 ctutum,
455 2685 656 2721 patronorum
693 2683 725 2709 et
760 2678 928 2710 advocato-

260 2739 341 2759 rum.
389 2728 521 2770 Pertusa
543 2728 635 2771 fuco,
665 2727 755 2770 cujus
783 2728 930 2770 splendor

261 2777 373 2809 fallax.
421 2777 572 2809 Heinsius
598 2778 692 2809 oculis
715 2785 819 2810 monet
842 2784 930 2810 sexto

1576 1328 1676 1373 310

1003 1498 1079 1519 casu
1106 1498 1174 1520 esse
1203 1487 1409 1530 capiendum,
1434 1492 1471 1518 ut
1498 1486 1567 1519 istis
1595 1492 1676 1519 tam·

1003 1549 1098 1580 quam
1120 1538 1336 1569 instrumentis
1360 1537 1554 1569 adduxerint
1572 1537 1678 1569 sidera

1002 1587 1173 1619 distantia:
1190 1588 1221 1619 id
1233 1587 1321 1630 quod
1332 1598 1445 1630 parum
1461 1587 1580 1630 placet.
1610 1588 1676 1619 Im-

1001 1648 1053 1668 mo
1070 1637 1175 1669 sidera
1191 1637 1282 1679 quasi
1303 1637 1343 1669 de
1362 1637 1446 1669 coelo
1462 1636 1602 1668 deducta
1620 1636 1677 1668 ad-

1002 1693 1169 1719 moverunt
1194 1687 1296 1719 oculis
1325 1687 1402 1724 suis,
1430 1691 1527 1729 atque
1553 1688 1676 1730 ingenio

1001 1747 1191 1777 supposuere,
1206 1736 1239 1768 id
1261 1743 1320 1774 est,
1337 1742 1402 1768 tam
1418 1736 1588 1778 diligenter
1602 1747 1677 1769 eon·

1002 1787 1148 1830 templati
1169 1793 1243 1819 sunt
1260 1786 1376 1824 sidera,
1392 1797 1430 1818 ac
1445 1787 1471 1818 si
1486 1787 1544 1818 illa
1558 1797 1675 1820 mensae

1002 1843 1107 1869 essent
1122 1837 1281 1880 imposita.

1046 1889 1122 1919 307.
1140 1887 1302 1924 Horatius,
1316 1887 1345 1918 I.
1359 1886 1423 1919 Od.
1433 1885 1478 1918 iii.
1492 1888 1545 1919 38.
1559 1886 1676 1919 Coelum

1001 1938 1098 1977 ipsum
1125 1939 1257 1977 petimus
1285 1938 1432 1973 stultitia,
1464 1936 1610 1968 alludens
1643 1942 1677 1968 et

1001 1985 1068 2029 ipse
1095 1986 1134 2017 ad
1159 1986 1318 2028 gigantas,
1334 1985 1400 2028 qui,
1417 1985 1578 2017 montibus
1600 1996 1675 2017 con-

998 2037 1106 2078 gestis,
1121 2037 1241 2068 coelum
1264 2036 1432 2079 petierant,
1450 2046 1583 2078 regnum
1607 2046 1674 2068 coe-

999 2087 1077 2118 leste
1103 2087 1303 2118 affectantes.
1341 2085 1495 2117 Ordinem
1519 2085 1674 2117 montiur'n

999 2142 1220 2178 congestorum
1249 2135 1397 2168 eumdem
1424 2135 1542 2166 Noster
1570 2141 1675 2167 servat

999 2192 1031 2217 et
1051 2186 1098 2217 II.
1116 2185 1225 2217 Amor.
1246 2186 1269 2216 i.
1296 2186 1347 2216 13.
1374 2190 1473 2227 atque
1495 2194 1513 2215 e
1539 2184 1674 2217 lectione

999 2241 1104 2267 nostra
1119 2236 1257 2266 Metam.
1274 2234 1295 2266 i.
1314 2236 1376 2267 154
1389 2245 1415 2265 s.
1434 2234 1577 2266 Peliacus
1587 2246 1673 2275 apex,

1001 2291 1159 2326 quatenus
1180 2284 1302 2322 Pelion,
1328 2283 1478 2314 minimus
1496 2294 1598 2321 mons,
1619 2294 1673 2316 su-

999 2344 1143 2376 premum
1164 2341 1300 2376 occupat
1323 2335 1440 2365 locum.
1487 2333 1604 2365 Metam*
1618 2345 1674 2377 pro

999 2384 1113 2415 metiri.
1159 2385 1295 2415 Sensus:
1331 2384 1380 2414 Ex
1404 2382 1542 2414 inventis
1565 2394 1674 2415 eorum

999 2434 1152 2465 nonnulla
1177 2440 1330 2476 repetam.
1376 2433 1464 2464 Statu
1494 2435 1595 2464 sidera
1617 2444 1674 2477 op-

998 2489 1157 2525 ponuntur
1167 2484 1255 2525 vagis
1265 2493 1310 2514 sc.
1324 2482 1466 2514 erraticis
1478 2494 1486 2521 ;
1505 2492 1579 2524 ergo
1587 2482 1651 2514 fixa
1665 2495 1673 2522 ;

999 2532 1190 2564 Censorinus
1218 2532 1260 2564 de
1291 2532 1335 2563 D.
1365 2533 1443 2563 Nat.
1476 2532 1507 2563 7.
1535 2531 1672 2563 “vitam

997 2587 1135 2613 nostram
1149 2582 1261 2619 stellis,
1273 2588 1338 2614 tam
1356 2581 1445 2623 vagis
1459 2592 1556 2624 quam
1571 2583 1672 2620 statis,

997 2642 1066 2663 esse
1094 2632 1270 2674 subjectam
1287 2632 1317 2671 ;’'
1352 2631 1487 2668 Plinius,
1512 2631 1587 2664 xvii.
1617 2633 1671 2664 25.

998 2685 1019 2698 “
1037 2686 1118 2712 stata
1141 2681 1246 2712 sidera
1267 2687 1299 2713 et
1319 2681 1402 2713 coelo
1424 2680 1552 2712 affixa.'’
1595 2682 1672 2713 Jam
1693 2676 1698 2679 ¹

994 2741 1105 2770 ponere
1123 2741 1202 2766 suns,
1229 2736 1291 2762 etc.
1320 2729 1388 2761 dies
1411 2735 1532 2766 notare,
1555 2729 1671 2772 quibus

997 2780 1101 2812 sidera
1113 2781 1170 2812 illa
1179 2781 1322 2812 oriuntur
1336 2786 1369 2812 et
1383 2779 1576 2811 conduntur.
