1809 3220
195 159 283 199 444

529 157 620 198 AD
654 156 892 198 LIVIAM
925 156 1285 199 AUGUSTAM

200 274 312 324 Hoc
339 276 520 323 domus
547 275 644 323 ista
669 275 836 332 docet,
858 291 949 340 per
969 283 1019 322 te
1047 291 1176 332 mea,
1201 275 1419 323 Caesaris
1445 276 1549 323 alti.

268 354 452 402 Exitus
481 353 581 411 hic,
611 361 788 411 mater,
817 354 996 403 debuit
1021 371 1133 403 esse
1161 364 1332 404 meus:

1520 357 1619 403 454

200 432 247 480 N
255 450 311 481 ec
350 433 557 489 meritis,
587 449 900 498 quamquam
934 433 1020 481 illa
1043 435 1225 497 juvant
1252 433 1430 496 magis,
1457 433 1621 482 abfuit

267 512 451 568 Mater,
479 513 668 560 honos:
699 512 859 560 titulis
886 512 1090 560 nomina
1110 513 1261 577 plena
1284 513 1440 562 vides,
1479 513 1618 576 [illis,

200 591 410 648 Consul,
440 599 490 639 et
516 591 675 655 ignoti
700 593 858 639 victor
886 591 1223 639 Germanicus
1249 591 1401 649 orbis,

267 670 365 718 Cui
387 669 480 718 fuit
505 671 632 718 heu!
673 670 847 718 mortis
875 670 1083 735 publica
1108 686 1278 727 causa,
1307 671 1462 734 legor.

199 749 390 813 Cingor
415 750 687 815 Apollinea
710 749 939 797 victricia
965 757 1195 814 tempora
1221 749 1380 807 lauro,

267 829 333 877 Et
359 830 494 878 sensi
521 830 794 894 exsequias
820 829 1010 877 funeris
1037 830 1145 895 ipse
1173 830 1301 888 mei3

1521 831 1621 877 460

199 908 566 974 Decursusque
591 910 752 957 virum
780 917 926 958 notos
952 909 1092 966 mihi,
1120 910 1356 974 donaque
1384 908 1614 973 Regum;

268 988 572 1054 Cunctaque
598 1006 688 1054 per
712 990 885 1037 titulos
912 989 1102 1054 oppida
1128 990 1264 1037 lecta
1287 1006 1432 1047 suos;

198 1066 267 1115 Et
292 1085 394 1132 quo
420 1085 500 1116 me
527 1069 690 1116 officio
717 1069 991 1134 portaverit
1016 1068 1102 1116 illa
1121 1069 1380 1132 juventus,

265 1146 392 1202 Quae
419 1147 514 1195 fuit
541 1155 658 1196 ante
685 1164 854 1197 meum
881 1156 984 1196 tam
1011 1164 1260 1212 generosa
1284 1155 1446 1196 torum
1471 1165 1480 1196 :

195 1225 434 1291 Denique
458 1226 653 1275 laudari
688 1234 884 1276 sacrato
913 1227 1133 1275 Caesaris
1160 1244 1244 1276 ore

1519 1228 1618 1274 465

267 1305 490 1364 Emerui,
518 1307 769 1372 lacrymas
797 1307 1052 1372 elicuique
1081 1307 1210 1356 Deo,

194 1471 292 1502 venit.
325 1471 442 1504 Merito
458 1471 554 1514 igitur
564 1472 674 1503 Horat.
687 1472 718 1503 in
730 1473 870 1504 carmine

188 1523 255 1563 jam
272 1522 422 1554 laudato:
450 1527 470 1540 “
483 1523 570 1560 Quid
584 1523 712 1560 debeas,
726 1522 743 1553 ὂ
756 1523 871 1561 Roma,

192 1572 374 1604 Neronibus
395 1573 499 1605 Testis
524 1574 707 1604 Metaurum
733 1574 870 1613 flumen3

191 1631 223 1654 et
240 1623 401 1655 Asdrubal
429 1624 598 1660 Devictus,
615 1630 646 1655 et
666 1624 798 1666 pulcher
821 1624 868 1656 fu-

192 1674 273 1715 gatis
292 1674 348 1705 Ille
363 1674 432 1706 dies
447 1675 539 1706 Latio
554 1675 727 1706 tenebris.''

235 1725 313 1756 453.
331 1724 395 1756 Ista
411 1728 525 1762 domus,
536 1737 591 1766 per
607 1732 636 1756 te
652 1725 743 1767 mem]
762 1726 871 1758 Ducta

190 1774 314 1807 scilicet
338 1787 435 1807 uxore
457 1776 613 1811 Antonia,
637 1786 708 1817 quae
733 1776 870 1818 Augusti

191 1829 306 1869 neptis,
323 1838 362 1858 ex
387 1827 526 1858 Octavia
551 1837 678 1865 sorore;
703 1826 787 1868 quod
809 1837 869 1858 non

191 1877 251 1908 nisi
274 1889 328 1918 per
355 1877 478 1908 Liviam
508 1877 640 1913 factum,
668 1877 760 1918 cujus
790 1877 870 1908 filios

190 1928 255 1959 suis
298 1927 506 1971 adscripserat
547 1928 655 1959 liberis
692 1928 869 1970 Augustus,

192 1989 289 2020 quum
308 1978 374 2021 ipse
390 1979 522 2010 nuberet
539 1977 650 2009 Liviae.

236 2030 313 2060 455.
330 2029 394 2060 Nec
409 2031 537 2065 meritis,
550 2041 730 2070 quamquam
747 2030 869 2070 illaju·

192 2086 265 2111 vant
281 2081 387 2121 magis,
402 2081 504 2122 algfuit
522 2081 595 2117 illis,
616 2080 730 2117 Mater,
747 2080 867 2122 honos]

191 2131 256 2167 Sic,
284 2136 316 2161 et
346 2131 506 2163 Gronovio
537 2131 568 2162 in
596 2130 661 2162 suis
693 2130 733 2162 ad
759 2130 870 2163 Heins-

192 2181 293 2223 Epist.
319 2192 417 2223 quum
447 2181 523 2212 olim
551 2181 732 2222 legeretur3
761 2186 781 2198 ¹‘
800 2182 870 2213 Nec

191 2231 312 2263 meritis
328 2231 502 2275 quicquam
528 2231 585 2263 illa
605 2232 740 2275 juvant:
768 2234 870 2274 magis

191 2282 283 2313 affuit
308 2281 369 2313 illis
392 2283 498 2313 Mater
526 2282 657 2314 honos.’¹
705 2282 800 2320 Quod
823 2282 868 2314 sic

190 2333 344 2369 modeste,
371 2339 404 2363 ut
432 2333 523 2369 solet,
550 2333 772 2373 corrigendum
799 2345 868 2376 pro-

190 2383 328 2426 ponebat
362 2383 517 2425 Micyllus
535 2396 541 2414 :
583 2389 603 2401 “
631 2384 700 2415 Nec
750 2384 870 2415 meritis

190 2434 362 2475 quicquam
402 2435 458 2464 illa
485 2436 582 2474 juvat
621 2433 740 2475 magis3
779 2434 870 2466 affuit

188 2483 289 2520 illis‚''
317 2490 378 2515 etc.
427 2484 471 2515 Ut
487 2491 570 2515 esset
584 2495 716 2515 sensus:
743 2495 801 2516 nec
818 2496 867 2515 me

188 2536 292 2565 domus
320 2532 376 2565 illa
397 2533 533 2565 Caesaris
556 2534 641 2565 facta
661 2546 726 2565 mea
751 2546 805 2574 per
829 2542 868 2571 te,

189 2585 283 2626 tnagis
296 2586 405 2624 jurat,
423 2583 453 2614 in
479 2590 636 2626 posterum
655 2584 869 2622 commendat,

187 2646 283 2677 quam
296 2647 366 2678 qua}
384 2636 423 2667 de
442 2636 543 2678 patria
559 2637 640 2667 bene
653 2639 774 2673 n1‹²n·ui‚·
791 2638 866 2679 quia

187 2685 310 2717 scilicet
325 2686 413 2717 testis
429 2686 521 2728 affuit
546 2692 659 2722 muter,
677 2689 770 2717 honor
786 2688 865 2729 ipsa.

190 2736 369 2773 honoribus,
386 2748 464 2778 quos
480 2736 689 2779 sequentibus
710 2742 865 2768 recenset.

232 2787 308 2818 456.
339 2787 450 2818 Tifatis
479 2790 598 2818 nomina
635 2789 724 2828 plena
758 2788 865 2828 videm]

944 1473 1036 1504 Forte
1063 1474 1164 1503 omnia
1199 1474 1302 1513 plena,
1333 1471 1438 1513 inquit
1468 1471 1623 1502 Burman.

942 1523 1029 1561 Quid
1045 1523 1130 1554 enim
1154 1525 1276 1554 nomina
1295 1523 1385 1563 plena
1403 1522 1527 1553 titulis?
1566 1521 1621 1553 In-

942 1574 1051 1605 dicant
1067 1584 1138 1616 quae
1160 1578 1354 1616 sequuntur:
1383 1572 1523 1603 Consulis
1537 1572 1621 1603 enim

941 1629 974 1655 et
1004 1625 1183 1656 Germanici
1212 1623 1314 1655 titulis
1340 1625 1463 1654 nomina
1485 1623 1622 1654 Neronis

942 1674 1072 1707 Claudii
1098 1674 1207 1712 Drusi,
1228 1681 1292 1706 etc.
1311 1674 1343 1705 in
1365 1673 1623 1717 inscriptionibus

941 1725 1094 1767 insignita
1111 1726 1302 1768 legebantur.

983 1778 1059 1808 458.
1086 1778 1145 1808 Cui
1161 1777 1236 1819 fuit
1264 1777 1342 1808 heu!
1366 1779 1472 1807 mortis
1496 1776 1621 1816 publica

940 1828 1060 1869 cansa]
1092 1828 1165 1865 Qui,
1196 1827 1248 1858 ed.
1271 1827 1364 1870 prim.
1382 1832 1414 1858 et
1440 1833 1524 1858 recte
1550 1825 1621 1868 qui-

939 1879 1026 1915 dem,
1046 1884 1080 1910 ut
1105 1877 1146 1909 ad
1167 1878 1275 1909 orbem
1294 1877 1522 1909 Germanicum
1541 1877 1622 1909 refe-

939 1940 1000 1966 ras,
1019 1928 1051 1961 in
1068 1939 1130 1971 quo
1145 1940 1201 1972 pro
1216 1929 1320 1972 patria
1343 1928 1516 1971 pugnando
1531 1928 1618 1959 Dru-

940 1990 994 2010 sus
1009 1979 1161 2010 occubuit
1175 1991 1182 2018 3
1207 1979 1343 2021 ideoque
1359 1978 1417 2010 fuit
1434 1980 1539 2009 mortis
1553 1978 1621 2021 ejus

939 2031 1061 2070 publica
1078 2040 1186 2061 causa.

985 2081 1059 2113 462.
1087 2080 1264 2121 Cunctaque
1289 2091 1344 2120 per
1375 2080 1481 2110 titulos
1510 2081 1621 2120 oppida

941 2132 1019 2163 lecta
1042 2131 1137 2172 sunan]
1166 2130 1305 2162 Nomina
1329 2136 1361 2162 et
1380 2130 1465 2162 tituli
1492 2129 1618 2162 urbium

941 2193 1021 2224 quas
1045 2188 1173 2225 ceperat
1189 2183 1325 2219 Drusus,
1341 2181 1374 2212 in
1393 2192 1510 2224 pompa
1529 2181 1619 2213 sune·

939 2233 999 2270 bri,
1017 2233 1102 2264 velut
1126 2234 1157 2264 in
1174 2232 1344 2275 triumpho,
1361 2232 1620 2275 praeferebantur.

985 2284 1061 2314 464.
1089 2283 1251 2326 Quaesnit
1271 2290 1343 2314 unte
1366 2295 1464 2314 meum
1485 2291 1546 2314 tam
1565 2293 1620 2326 ge-

940 2346 1043 2365 nerosa
1076 2334 1206 2375 torum]
1233 2333 1320 2372 Quid
1348 2334 1408 2365 sibi
1433 2334 1510 2366 velit
1534 2333 1618 2366 istud

939 2392 1011 2416 mite
1029 2392 1127 2416 torum
1144 2396 1204 2416 non
1225 2385 1376 2427 intelligit
1393 2384 1564 2428 Micyllus3
1588 2391 1620 2416 et

940 2434 1164 2478 interpretatur
1189 2436 1393 2467 Burmannus
1426 2435 1466 2467 de
1496 2435 1533 2467 iis
1563 2435 1618 2478 qui

940 2492 1042 2518 torum
1058 2487 1192 2528 (lectum
1208 2485 1240 2517 in
1256 2498 1318 2528 quo
1338 2486 1468 2529 jacebat
1483 2486 1619 2518 cadaver

938 2536 1139 2579 impositum)
1165 2537 1400 2580 praecedebant,
1427 2537 1554 2569 illorum
1573 2537 1616 2569 vi-

938 2598 1020 2624 cem,
1037 2589 1089 2630 qui
1107 2588 1305 2624 deserebant,
1323 2588 1498 2631 excepturi.
1544 2588 1616 2620 Ma-

936 2638 972 2669 lit
988 2645 1093 2670 himen
1111 2639 1173 2680 legi
1188 2663 1194 2669 .
1215 2644 1235 2656 ‘¹
1248 2640 1330 2677 Qum
1348 2638 1407 2670 fuit
1419 2645 1493 2670 ante
1510 2649 1615 2670 meum

936 2695 1001 2720 tam
1017 2700 1170 2731 generosa
1187 2690 1327 2731 r‹›gnm.”
1366 2689 1427 2720 Sed
1445 2689 1521 2732 quid
1537 2700 1617 2732 opus

937 2740 1172 2776 emendatione,
1198 2751 1296 2783 quum
1324 2741 1546 2772 difficultatem
1571 2741 1618 2782 (si

938 2801 1007 2831 qum
1026 2791 1150 2829 tamen)
1164 2790 1292 2822 solverit
1308 2790 1549 2833 interpretatio!
