1830 3220
538 166 888 210 FASTORUM
924 166 1047 209 LIB.
1075 165 1168 209 111.

1482 167 1567 209 165

141 284 388 332 Rusticus
414 284 478 332 ad
503 284 651 333 ludos
676 285 896 349 populus
925 284 1160 333 veniebat
1183 283 1235 331 in
1261 283 1475 332 urbem?

211 363 316 411 Sed
344 362 453 419 Dis,
478 378 577 410 non
604 363 786 410 studiis
813 363 898 411 ille
925 363 1143 411 dabatur
1168 363 1345 411 honos.

141 440 280 489 Luce
307 457 399 488 sua
423 441 571 488 ludos
597 458 706 489 uvae
732 448 1047 489 commentor
1072 441 1312 498 habebat,
1472 443 1569 488 785

209 519 352 575 Quos
378 536 497 567 cum
523 519 751 567 taedifera
776 536 910 568 nunc
937 520 1095 569 habet
1120 520 1230 584 ipse
1259 519 1388 568 Dea.

142 597 279 662 Ergo
305 605 362 646 ut
382 598 598 646 tironem
624 598 887 646 celebrare
914 597 1203 663 frequentia
1227 598 1405 663 possit,

209 677 335 725 Visa
359 676 469 724 dies
496 675 678 724 dandae
705 693 807 724 non
835 677 1001 725 aliena
1026 684 1174 740 togae.

143 754 290 812 Mite,
318 761 478 820 pater,
507 761 663 819 caput
686 755 787 802 huc
813 755 1120 819 placataque
1142 769 1331 802 cornua
1350 760 1546 812 vertas3

213 832 281 881 Et
305 834 396 881 des
423 833 626 896 ingenio
651 833 765 881 vela
791 833 1018 881 secunda
1043 849 1174 881 meo.

1475 835 1575 880 790

145 912 254 960 Itur
279 912 343 960 ad
370 911 583 975 Argeos,
612 911 699 975 qui
729 911 846 969 sint,
876 927 969 959 sua
994 911 1183 976 pagina
1207 911 1361 967 dicet,

212 989 343 1048 Hac,
373 990 415 1038 si
441 989 782 1046 commemini,
810 990 1170 1055 praeteritaque
1198 989 1298 1038 die.

148 1069 312 1118 Stella
338 1068 651 1134 Lycaoniam
677 1069 840 1132 vergit
865 1068 1108 1133 proclinis
1135 1069 1198 1117 ad
1222 1067 1432 1125 Arcton,

215 1148 437 1196 Miluus:
478 1148 587 1196 haec
614 1148 701 1195 illa
726 1155 878 1196 nocte
901 1147 1123 1196 videnda
1146 1147 1299 1195 venit.

146 1226 282 1282 Quid
309 1226 508 1274 dederit
533 1226 742 1282 volucri,
772 1226 813 1273 si
839 1226 912 1273 vis
939 1242 1266 1290 cognoscere,
1288 1226 1502 1285 coelum;

217 1305 467 1353 Saturnus
494 1304 663 1367 regnis
691 1304 755 1351 ab
781 1303 908 1352 Jove
933 1304 1112 1368 pulsus
1139 1311 1265 1352 erat.

1477 1306 1574 1352 796

148 1383 388 1433 Concitat
412 1383 569 1431 iratus
595 1382 789 1430 validos
815 1381 1026 1430 Titanas
1053 1382 1104 1430 in
1131 1398 1298 1440 arma3

215 1461 450 1526 Quaeque
476 1460 570 1509 fuit
595 1460 711 1508 fatis
737 1460 928 1517 debita,
956 1461 1125 1525 poscit
1150 1478 1318 1526 opem.

148 1540 317 1589 Matre
343 1548 484 1589 satus
509 1546 659 1597 terra,
687 1547 971 1587 monstrum
997 1540 1244 1599 mirabile,
1266 1547 1442 1589 taurus

217 1620 372 1668 Parte
400 1619 477 1667 sui
500 1635 712 1684 serpens
739 1619 1017 1684 posteriore
1043 1619 1153 1668 fuit.

1480 1623 1578 1668 800

149 1698 302 1747 Hunc
328 1698 515 1763 triplici
542 1715 684 1746 muro
711 1698 840 1746 lucis
868 1698 1144 1747 incluserat
1170 1699 1291 1747 atris

218 1777 497 1825 Parcarum
522 1776 717 1824 monitu
747 1776 879 1842 Styx
903 1776 1128 1825 violenta
1152 1777 1322 1825 trium.

149 1857 360 1905 Viscera
386 1856 474 1920 qui
501 1856 632 1904 tauri
658 1855 876 1904 flammis
903 1856 1155 1905 adolenda
1178 1856 1422 1912 dedisset,

221 1936 342 1984 Sors
368 1942 491 1993 erat,
521 1942 736 1983 aeternos
762 1935 964 1984 vincere
990 1952 1143 2001 posse
1170 1935 1327 1983 Deos.

197 2135 273 2166 789.
285 2134 412 2171 Preces,
428 2132 471 2165 sis
487 2132 565 2164 mihi
580 2133 664 2164 mitis
679 2137 711 2164 et
724 2132 832 2173 placa—

152 2192 212 2222 tus,
228 2185 336 2216 formae
362 2183 484 2215 Bacchi
512 2182 754 2215 accommodare
778 2192 830 2213 vo-

152 2235 223 2270 luit.
254 2234 307 2266 cui
338 2244 357 2265 a
381 2234 484 2276 poetis
521 2245 651 2269 cornua,
681 2231 832 2275 potentiae

152 2285 345 2327 symbolum,
358 2295 461 2326 eaque
478 2294 577 2327 parva
592 2283 832 2322 tribuebantur3

153 2335 293 2366 Metam.
318 2334 362 2366 iv.
390 2335 442 2365 19.
491 2334 534 2364 Et
559 2335 622 2370 des,
650 2339 711 2365 etc.
734 2332 780 2364 sic
803 2338 835 2363 et

153 2386 298 2427 Propert.
315 2384 381 2416 ΙΙΙ.
396 2396 451 2416 xv.
471 2385 511 2415 2:
531 2388 551 2401 “
581 2384 633 2414 Da
657 2383 734 2414 mihi
757 2383 833 2414 bac-

154 2434 251 2466 chato
264 2434 338 2465 vela
352 2434 497 2466 secunda
514 2433 638 2476 pater.’'

201 2486 275 2516 791.
292 2484 361 2515 Liv.
373 2485 394 2516 i.
410 2485 464 2515 21.
481 2484 520 2514 de
537 2485 666 2515 Numa:
687 2488 706 2501 “
725 2483 835 2514 Multa

156 2535 220 2566 alia
235 2533 392 2566 sacrificia
403 2534 538 2575 locaque
555 2533 652 2564 sacris
668 2532 833 2569 faciendis,

156 2595 229 2627 quae
245 2584 367 2626 Argeos
382 2583 550 2626 pontifices
565 2589 692 2619 vocant,
705 2582 834 2614 dedica-

154 2634 235 2667 vit.'’
285 2634 350 2667 Cur
373 2634 419 2665 ita
448 2633 535 2665 dicta
559 2633 633 2670 sint,
658 2638 744 2664 certo
771 2631 835 2664 dici

157 2684 279 2727 nequit.
331 2683 416 2715 Vide
447 2683 585 2716 conrad.
608 2683 649 2715 ad
680 2682 836 2720 Gellium,

158 2735 254 2767 Noct.
270 2733 372 2765 Attio.
389 2746 419 2765 x.
438 2735 489 2765 15.
510 2734 564 2765 ubi
587 2733 705 2765 flamen
728 2735 772 2764 ira
797 2736 836 2764 ad

159 2785 274 2826 Argeos
289 2784 415 2816 dicitur.
462 2784 524 2815 Sua
539 2784 657 2826 pagina
674 2785 768 2820 dicet,
781 2793 838 2815 suo

901 2132 972 2164 loco
987 2131 1132 2171 dicetur3
1146 2132 1264 2174 pagina
1275 2130 1316 2162 de
1333 2130 1423 2162 fastis
1436 2129 1579 2173 inprimis

902 2183 1094 2226 ponebatur.
1142 2181 1228 2214 Vide
1253 2180 1413 2212 Schwarz.
1446 2180 1487 2212 ad
1512 2180 1580 2212 Pli-

902 2232 1002 2269 nium,
1018 2242 1175 2274 panegyr.
1189 2232 1243 2262 92.

947 2282 1137 2313 793—808.
1156 2281 1254 2312 Miluz·
1269 2282 1376 2313 sideris
1389 2280 1502 2323 origo]
1529 2280 1581 2311 De

904 2342 941 2363 eo
970 2331 1105 2367 Plinius,
1135 2330 1226 2361 xviii.
1258 2331 1321 2361 652
1359 2342 1414 2362 xv.
1443 2329 1580 2361 Kalend.

904 2382 1009 2422 April.
1025 2380 1128 2411 Italiae
1146 2380 1284 2411 Milaum
1295 2381 1425 2411 ostendi.

949 2431 1024 2462 796.
1048 2429 1199 2472 Sequitur
1223 2440 1297 2473 pars
1315 2429 1579 2466 Titanomachiae,

904 2480 1074 2512 celebratae
1102 2480 1178 2511 olim
1201 2480 1339 2517 Eumeli,
1366 2479 1580 2521 Thamyridis,

904 2530 975 2561 Lini
1005 2529 1215 2562 carminibus,
1262 2528 1445 2560 Secundum
1475 2529 1580 2572 Hygi-

904 2591 992 2617 num,
1010 2579 1074 2611 sab.
1091 2580 1165 2611 150.
1182 2580 1268 2611 Juno
1282 2579 1415 2610 Titanas
1435 2578 1468 2609 in
1493 2589 1580 2609 arma

905 2630 1055 2667 concitat,
1075 2636 1110 2661 ut
1132 2640 1277 2671 regnum,
1299 2630 1380 2661 Jove
1405 2628 1508 2671 puISO,
1524 2628 1580 2659 Sa-

907 2687 996 2712 turno
1010 2680 1191 2712 restituant.

951 2731 1026 2762 801.
1054 2729 1161 2760 Etiam
1180 2728 1312 2760 AEneid.
1336 2728 1378 2758 vi.
1402 2728 1478 2759 549.
1494 2726 1580 2769 apud

906 2780 1022 2812 inferos
1045 2782 1155 2812 moenia
1170 2779 1294 2821 (locus)
1311 2779 1429 2818 triplici
1449 2778 1581 2809 circum-
