1830 3220
573 158 866 201 FASTORU
878 158 925 200 M
959 158 1080 201 LIB.
1116 158 1200 202 IV.

1509 163 1593 205 201

168 274 311 331 Haec,
340 274 426 331 ait,
454 275 539 323 illa
564 276 688 333 dies,
721 276 926 341 Libycis
953 293 1055 342 qua
1083 277 1257 326 Caesar
1282 277 1332 325 in
1359 278 1457 325 oris

236 353 440 401 Perfida
467 356 774 418 magnanimi
801 356 1036 404 contudit
1062 373 1203 405 arma
1226 356 1256 404 J
1263 357 1393 404 ubae.

1489 360 1589 406 380

166 431 288 478 Dux
314 431 435 479 mihi
465 432 639 480 Caesar
661 439 785 490 erat,
815 435 910 481 sub
938 450 1039 497 quo
1066 435 1311 483 meruisse
1338 435 1571 483 tribunus

234 509 461 558 Glorior:
503 511 667 559 officio
694 510 894 575 praefuit
919 511 1003 560 ille
1029 529 1159 562 ineo.

164 586 311 636 Hanc
338 605 433 652 ego
459 589 637 638 militia
662 590 854 647 sedem,
883 596 936 638 tu
964 607 1089 655 pace
1116 591 1322 656 parasti,

231 665 371 715 Inter
396 666 474 715 bis
501 667 682 732 quinos
709 685 832 716 usus
860 668 1047 717 honore
1073 670 1219 718 viros.

162 744 320 792 Plura
344 745 560 793 locuturi
587 746 758 794 subito
785 746 1077 795 seducimur
1102 748 1292 796 imbre:
1485 751 1583 796 385

229 822 462 872 Pendula
486 825 723 872 coelestes
752 824 903 873 Libra
929 827 1166 875 movebat
1191 843 1367 891 aquas

158 901 294 950 Ante
321 909 508 960 tamen,
538 918 692 967 quam
719 920 918 951 summa
942 904 1052 952 dies
1080 906 1375 969 spectacula
1399 906 1562 962 sistat,

227 980 444 1044 Ensiger
472 981 629 1030 Orion
656 999 860 1046 aequore
888 999 1081 1031 mersus
1107 983 1217 1032 erit.

158 1058 438 1106 PnoerA
460 1059 719 1108 victricem
740 1077 899 1125 quum
918 1061 1135 1109 Romam
1156 1062 1438 1126 inspexerit
1459 1061 1577 1119 Eos,

226 1136 293 1185 Et
318 1137 516 1185 dederit
542 1137 738 1186 Phoebo
765 1139 913 1188 stella
940 1139 1115 1203 fugata
1141 1139 1326 1197 locum,

154 1307 251 1344 atque
289 1301 371 1333 inter
411 1302 527 1345 pocula
567 1313 601 1334 se
641 1302 833 1334 interficien-

152 1350 230 1383 dum
256 1351 286 1382 ei
312 1351 466 1394 praebuit;
503 1352 624 1390 Florus,
648 1353 690 1384 iv.
714 1354 746 1384 2.
770 1354 834 1393 693

153 1412 347 1444 quamquam
381 1413 446 1434 rem
479 1403 576 1446 paulo
611 1402 704 1434 aliter
737 1403 834 1434 refert

153 1449 278 1483 Hirtius
294 1452 388 1484 Bello
402 1452 505 1484 Afric.
523 1453 575 1484 94.
607 1452 687 1484 Inde
704 1465 833 1496 magna-

151 1504 263 1539 nimus,
280 1502 401 1534 fortiter
420 1514 606 1546 procurrens
623 1503 663 1535 ad
684 1511 830 1536 mortem.

154 1553 315 1590 Contudit,
339 1553 536 1592 debellavit;
562 1554 730 1597 Virgilius,
750 1555 830 1586 AEn.

150 1604 171 1634 i.
189 1604 271 1635 264:
295 1604 602 1646 populosqueferoces
620 1605 808 1636 Contundet.

195 1654 274 1685 383.
299 1655 416 1691 Sedem,
432 1665 495 1686 non
513 1654 545 1685 in
565 1653 830 1693 Quatuordecim,

150 1708 186 1734 ut
210 1702 337 1746 Lipsius
361 1704 508 1746 putabat,
535 1703 618 1735 hauc
641 1703 726 1735 enim
752 1704 830 1735 Ovi-

150 1753 223 1785 dius
242 1764 281 1785 ex
300 1754 456 1796 equestris
474 1753 593 1785 ordinis
609 1754 680 1797 jure
700 1753 829 1785 obtinu-

148 1804 237 1841 isset,
259 1804 316 1836 sed
339 1805 372 1836 in
396 1804 573 1843 orchestra3
599 1815 696 1846 quam
720 1803 828 1836 sedem

148 1855 215 1897 ipse
234 1855 294 1886 sibi
313 1861 479 1894 paraverat
499 1865 628 1886 munere
644 1856 828 1885 decemvira-

150 1912 210 1942 tus,
227 1916 290 1948 quo
305 1905 385 1937 forte
407 1916 491 1937 anno
511 1905 615 1936 aetatis
631 1906 685 1936 21.
701 1911 756 1936 aut
771 1906 828 1936 22.

150 1955 280 1988 functus
295 1961 356 1988 est.
410 1955 657 1998 Vigintiviratus
672 1962 741 1987 erat
756 1965 828 1997 gra-

148 2005 209 2037 dus
227 2005 268 2037 ad
285 2011 441 2038 senatum.
487 2005 568 2037 Inde
585 2011 648 2036 tres
663 2004 721 2036 viri
738 2010 830 2036 erant

148 2066 252 2088 rerum
276 2055 475 2099 capitalium,
495 2061 559 2087 tres
582 2054 747 2098 signandae
771 2065 826 2097 pe-

147 2107 263 2142 cuniae,
280 2113 416 2148 quatuor
436 2106 558 2138 viarum
583 2113 755 2142 curatores,
771 2105 828 2136 de·

148 2156 359 2199 cemjudiciis
376 2156 661 2188 centumviralibus
674 2155 828 2198 praefecti,

149 2213 246 2249 atque
261 2206 336 2238 inde
351 2206 461 2238 litibus
472 2206 658 2250 judicandis
671 2205 761 2236 dicti.

192 2258 269 2289 385.
291 2256 428 2294 Plinius,
444 2257 530 2288 xviii.
547 2257 608 2288 66:
638 2256 750 2287 Caesari
770 2255 827 2286 VI.

150 2307 200 2340 Id.
226 2307 424 2350 significatur
449 2309 543 2338 imber
572 2307 672 2338 Librae
698 2317 828 2344 occasu,-

149 2356 341 2393 Columella,
359 2357 403 2389 ix.
418 2359 457 2388 2:
483 2357 528 2389 iv.
550 2357 600 2388 Id.
624 2358 754 2398 Aprilis,
771 2358 830 2388 sole

147 2409 273 2444 oriente,
299 2407 395 2438 Libra
423 2409 559 2439 occidere
584 2409 707 2447 incipit,
731 2409 828 2437 inter-

150 2459 224 2488 dum
240 2463 444 2498 tempestatem
459 2459 626 2501 significat.
657 2457 752 2488 Hunc
767 2457 826 2487 im-

147 2508 237 2539 brem
252 2508 414 2550 ingeniose
430 2514 527 2550 poeta
542 2507 742 2539 memoravit.
787 2507 827 2539 In

148 2557 281 2589 theatris
304 2557 444 2589 Romani
468 2558 527 2589 sub
551 2557 604 2589 dio
627 2558 827 2600 spectabant.

149 2608 294 2639 Pendula
309 2608 392 2640 bene
410 2607 506 2639 Libra
521 2607 652 2639 dicitur.
702 2607 826 2639 Summa

147 2659 222 2695 dies,
255 2658 368 2690 ultima
406 2657 651 2699 Megalensium,
687 2668 759 2700 quae
794 2657 828 2689 in

150 2707 349 2740 Kalendario
377 2708 515 2751 quodam
542 2713 649 2739 vetere
675 2707 828 2739 finiuntur

150 2757 192 2789 iv.
209 2757 262 2789 Id.

199 2808 301 2839 VOL.
320 2808 363 2840 V.

1482 1143 1582 1188 390

947 1305 1136 1336 389—620.
1165 1304 1284 1336 Cereris
1300 1306 1378 1336 ludi.
1420 1304 1516 1335 Hunc
1533 1304 1579 1335 lo-

903 1364 976 1385 cum
1011 1354 1055 1386 ita
1089 1359 1217 1391 tractat,
1248 1361 1284 1386 ut
1316 1353 1453 1398 primum
1489 1353 1581 1384 ludos

901 1404 985 1447 ipsos
1003 1405 1199 1444 391—393;
1224 1411 1289 1437 tum
1315 1404 1441 1436 Cereris
1466 1403 1581 1435 merita

901 1459 934 1485 et
950 1454 1086 1491 cultum,
1102 1456 1294 1494 394—4163
1310 1454 1440 1486 tandem
1455 1460 1581 1496 raptum

903 1504 1101 1547 Proserpinae
1119 1505 1196 1536 417.
1215 1516 1316 1547 usque
1338 1505 1378 1536 ad
1395 1504 1487 1535 finem
1509 1514 1581 1535 nar-

900 1561 958 1585 ret.
1005 1555 1152 1592 Constat,
1171 1555 1322 1587 Cereales
1338 1554 1434 1586 fuisse
1450 1554 1580 1585 Circen-

900 1615 969 1643 ses3
992 1605 1136 1641 Tacitus,
1158 1605 1278 1637 Annal.
1303 1616 1358 1636 xv.
1381 1605 1443 1636 53:
1471 1608 1491 1621 ‘¹
1509 1603 1580 1635 Cir-

901 1655 1044 1686 censium
1081 1655 1229 1687 ludorum
1267 1655 1331 1692 die,
1374 1655 1429 1697 qui
1469 1654 1579 1686 Cereri

901 1704 1078 1736 celebratur
1090 1705 1120 1735 :”
1137 1705 1234 1742 idem,
1252 1715 1323 1747 cap.
1335 1705 1388 1736 74.
1401 1704 1579 1740 decretum,

901 1760 935 1785 ut
954 1759 978 1771 “
993 1753 1193 1786 Circensium
1214 1754 1396 1785 Cerealium
1419 1753 1579 1784 ludicrum

899 1803 1044 1846 pluribus
1059 1814 1213 1846 equorum
1236 1804 1381 1835 cursibus
1400 1802 1577 1834 celebrare-

898 1854 982 1885 tur.'’
1029 1855 1070 1885 Et
1087 1855 1158 1885 hinc
1173 1853 1339 1886 commode
1357 1859 1460 1896 potest
1475 1852 1577 1895 expli-

898 1906 974 1942 cari,
999 1906 1038 1936 ab
1065 1905 1123 1936 hoc
1147 1904 1212 1941 die,
1238 1916 1300 1947 quo
1325 1904 1428 1935 circus
1451 1903 1578 1934 celeber

897 1966 1026 1998 pompa,
1044 1955 1204 1998 incipiunt
1228 1953 1296 1986 ludi
1321 1953 1459 1986 Cereris.
1504 1952 1578 1984 Scio

898 2006 1040 2048 quidem.
1053 2005 1087 2036 in
1102 2004 1301 2037 Kalendario
1317 2004 1457 2047 quodam
1471 2010 1578 2035 vetere

899 2056 939 2088 ad
963 2055 1048 2088 diem
1073 2056 1154 2099 prid.
1179 2055 1229 2087 Id.
1245 2060 1373 2086 notatos
1398 2065 1467 2086 esse
1492 2055 1578 2085 ludos

901 2107 1032 2144 Cereris,
1048 2112 1080 2138 et
1099 2106 1199 2138 biduo
1221 2112 1296 2137 ante
1320 2107 1406 2136 ludos
1426 2107 1458 2136 in
1477 2104 1577 2141 Circo,

898 2157 954 2189 sed
976 2157 1040 2189 alia
1063 2156 1263 2188 Kalendaria
1287 2161 1426 2187 nostram
1450 2161 1579 2186 tuentur

899 2209 1100 2240 sententiam.
1147 2206 1308 2245 Quaeritur
1332 2217 1434 2249 porro,
1449 2218 1506 2247 quo
1529 2208 1579 2236 die

898 2257 1025 2289 initium
1046 2257 1159 2288 horum
1176 2255 1322 2287 ludorum
1347 2255 1452 2287 fuerit.
1499 2256 1575 2287 Ple-

899 2307 987 2349 rique
1004 2306 1189 2348 intelligunt
1204 2306 1286 2349 prid.
1332 2306 1411 2336 Idus
1432 2305 1500 2336 sive
1523 2305 1579 2336 xii.

899 2356 1003 2399 April.
1018 2358 1096 2399 quia
1119 2356 1164 2387 sic
1190 2355 1390 2387 Kalendaria
1414 2355 1579 2391 nonnulla,

899 2413 932 2438 et
956 2406 1032 2449 quia
1048 2417 1138 2438 versu
1155 2406 1230 2438 377.
1246 2407 1370 2436 tertiam
1394 2406 1491 2436 lucem
1515 2415 1578 2435 non

896 2465 982 2489 recte
998 2462 1163 2500 ceperunt.
1187 2457 1266 2487 Eam
1283 2456 1436 2487 rationem
1450 2454 1578 2497 Lipsius

897 2507 938 2539 ad
950 2507 1055 2539 Tacit.
1077 2506 1162 2538 Hist.
1175 2506 1212 2538 ii.
1228 2509 1281 2538 55.
1298 2517 1335 2537 eo
1352 2505 1458 2537 'etiam
1482 2505 1574 2547 adju-

896 2557 963 2590 vari
992 2562 1097 2600 putat,
1127 2556 1213 2599 quod
1241 2557 1297 2593 ibi,
1323 2556 1451 2588 Othone
1480 2555 1577 2586 inter-

895 2608 989 2644 fecto,
1008 2607 1146 2638 Cereales
1162 2608 1230 2638 ludi
1250 2617 1313 2638 non
1329 2604 1508 2647 interrupti,
1524 2606 1575 2634 sed

896 2668 931 2688 ex
945 2668 1026 2688 more
1046 2658 1175 2698 spectati
1194 2666 1262 2688 esse
1283 2661 1468 2693 narrantur3
1492 2664 1574 2684 mor-

898 2713 964 2738 tem
989 2712 1096 2738 antem
1121 2706 1259 2738 Othonis
1285 2704 1434 2736 incidisse
1459 2703 1491 2734 in
1520 2702 1576 2735 xii.

901 2757 1040 2789 Kalend.
1058 2756 1149 2793 Maii,
1165 2757 1232 2788 sive
1247 2756 1329 2787 diem
1349 2765 1399 2786 xx.
1416 2753 1520 2796 April.
1534 2753 1575 2784 ad

1035 2808 1066 2837 D
1084 2806 1102 2837 d
