1809 3220
165 164 253 207 364
702 157 968 202 EXCURS
979 157 1052 200 US

169 281 360 323 exhibet.
431 278 533 323 Vide
552 278 602 319 cle
624 293 669 319 eo
698 277 890 321 Vossium
908 276 962 317 de
985 274 1197 316 historicis
1222 273 1405 322 Graecis,
1431 288 1472 328 p.
1492 271 1597 314 337.

171 357 217 393 et
238 351 293 392 de
314 355 430 406 poet.
451 348 596 390 Graec.
618 362 659 402 p.
678 346 778 388 225.
816 345 889 386 An
912 345 953 386 in
976 344 1125 386 ordine
1144 344 1273 385 etiam
1297 344 1349 384 ad
1373 342 1472 385 anni
1489 347 1595 383 tem-

171 435 276 475 pora
299 419 538 475 digerendo
565 423 611 459 et
637 417 680 458 in
707 416 800 458 aliis
826 415 1011 457 Ovidius
1039 429 1136 456 eum
1164 414 1288 469 sequi
1313 412 1518 468 potuerit,
1541 410 1596 452 ob

170 505 329 545 pancas
353 491 407 531 de
430 504 481 530 eo
504 488 678 530 notitias
703 502 779 542 pro
802 491 923 528 certo
947 486 1031 526 dici
1055 484 1220 539 nequit,
1244 498 1374 539 quum
1398 481 1475 538 ipsi
1503 480 1596 523 Ha-

169 560 288 601 raldo
320 560 375 601 ad
406 558 647 600 Arnobium
681 557 706 598 l.
737 572 772 598 c.
804 556 863 597 ita
895 556 1066 611 ignotus
1098 554 1335 601 videretur,
1362 559 1410 593 ut
1442 564 1596 593 nomen

170 630 300 671 Butae
328 630 371 670 in
399 627 632 670 Plutarcho
663 627 968 682 corrigendum
1000 639 1095 666 esse
1127 630 1316 679 putaret,
1343 622 1416 663 ubi
1444 621 1596 662 miran-

170 700 271 741 dum
295 705 374 746 est,
402 699 531 740 etiam
552 697 928 739 NVittenbachium
955 712 993 737 v.
1019 712 1055 737 c.
1079 695 1274 750 (Proleg.
1296 694 1350 735 ad
1377 691 1597 734 Plutarch.

170 770 294 824 praef.
323 785 364 824 p.
392 770 482 819 46.)
512 783 606 810 cum
641 783 692 809 eo
720 767 962 808 consentire
990 766 1140 807 videri.
1205 764 1335 817 Quod
1358 763 1472 804 idem
1494 777 1535 804 v.
1559 776 1597 803 c.

172 840 374 888 Lenzius,
408 855 448 894 p.
481 840 523 880 4.
555 839 756 893 conjecit,
787 837 923 878 simile
957 834 1210 878 Callimachi
1245 834 1448 881 Carmen,
1480 831 1597 887 quod

170 912 277 950 Λῖτια
307 909 566 957 inscribitur,
593 908 753 949 Ovidio
784 907 927 962 quoad
959 920 1096 961 genus
1127 911 1171 946 et
1197 903 1379 945 sormam
1409 902 1450 943 in
1477 901 1601 943 fastis

171 995 288 1034 saepe
330 985 430 1020 ante
468 977 614 1019 oculos
654 978 787 1018 fuisse
831 981 875 1017 et
912 974 1202 1016 Valkenarius
1245 973 1298 1014 ad
1343 970 1598 1014 Callimachi

171 1049 408 1105 elegiarum
438 1049 693 1103 fragmenta,
718 1062 759 1102 p.
782 1047 852 1087 10.
876 1052 920 1087 et
945 1045 1107 1088 Jacobs
1136 1044 1177 1085 in
1202 1041 1599 1084 Animadversioni-

172 1119 251 1159 bus
281 1118 335 1159 ad
365 1117 544 1159 Anthol.
575 1131 637 1172 gr.
665 1116 748 1157 vol.
781 1115 873 1157 III.
904 1130 946 1170 p.
975 1115 1016 1156 ii.
1048 1130 1087 1170 p.
1121 1113 1219 1155 182.
1248 1112 1436 1167 amplexi
1471 1117 1601 1153 sunt:

174 1189 255 1229 etsi
278 1188 407 1243 prior,
431 1202 472 1242 p.
496 1186 537 1227 8.
565 1201 648 1227 non
676 1185 885 1241 elegiaco,
909 1184 986 1225 sed
1014 1183 1185 1225 heroico
1212 1189 1348 1224 metro
1370 1181 1598 1224 concinna-

171 1264 262 1299 tum
296 1258 429 1299 fuisse
460 1257 578 1298 velit.
647 1256 746 1298 Hoc
776 1270 964 1303 carmen,
997 1255 1120 1309 cujus
1149 1254 1393 1308 fragmenta
1422 1256 1599 1293 exstant

170 1328 213 1369 iu
257 1329 326 1369 ed.
368 1327 572 1374 Eruesfii,
605 1326 900 1368 Romanorum
945 1325 1074 1366 etiam
1110 1322 1305 1364 manibus
1344 1322 1599 1376 frequenter

171 1397 317 1438 tritum
347 1411 456 1444 esse,
482 1395 703 1443 Varronis,
730 1395 871 1436 Servii
902 1394 1168 1448 aliorumque
1199 1392 1331 1433 citata
1357 1391 1530 1439 docent,
1554 1396 1601 1431 et

173 1467 312 1521 ipsum
353 1465 575 1514 Ovidium,
614 1465 743 1505 Trist.
783 1463 839 1505 V.
882 1479 922 1504 v.
959 1463 1032 1504 33,
1073 1463 1114 1504 in
1156 1461 1354 1517 prodigii,
1398 1460 1513 1515 quod
1555 1459 1598 1500 in

173 1534 365 1577 Eteoclis
403 1541 448 1575 et
484 1533 701 1590 Polynicis
738 1533 867 1574 sacris
903 1532 1047 1580 fiebat,
1086 1532 1330 1573 narratione
1369 1529 1460 1572 haeo
1492 1529 1598 1568 αἴτια.

173 1606 415 1661 respexisse
433 1604 647 1659 judicavit
669 1603 973 1646 Ruhnkenius.

334 1720 420 1758 Hoc
442 1719 640 1770 (memini)
663 1719 854 1771 quondam
877 1719 959 1757 fieri
981 1733 1056 1757 non
1073 1732 1180 1770 posse
1201 1718 1397 1770 loquebar,

388 1784 441 1822 Et
461 1798 522 1821 me
546 1783 748 1822 Battiades
764 1783 896 1835 judice
917 1783 1035 1821 falsus
1056 1791 1150 1821 erat.

232 1893 510 1948 Epigramma
529 1891 808 1946 Antliologiae
831 1891 937 1943 (vid.
964 1890 1106 1932 Bentl.
1130 1891 1182 1932 ad
1208 1888 1458 1932 Callimach.
1484 1888 1599 1945 frag-

173 1969 333 2010 menta,
355 1978 394 2016 p.
415 1962 518 2002 416.
542 1961 610 2002 ed.
632 1961 827 2011 Ernest.)
846 1966 984 2002 totum
1007 1975 1179 2002 carmen
1203 1960 1365 2002 somnio
1387 1958 1601 2001 contineri

174 2032 304 2080 canit,
328 2032 370 2072 in
400 2046 485 2086 quo
516 2030 806 2072 Callimachus
827 2031 877 2081 ‚in
911 2029 1173 2071 Heliconem
1205 2029 1375 2070 delatus
1404 2043 1429 2070 a
1456 2027 1599 2070 Musis

172 2101 274 2156 ipsis
293 2101 346 2141 de
366 2101 493 2142 rebus
512 2100 714 2154 antiquis,
732 2100 968 2155 priscorum
994 2099 1210 2140 hominum
1229 2099 1318 2140 vita
1334 2105 1380 2139 et
1397 2097 1599 2146 moribus,

176 2177 261 2212 etc.
280 2185 479 2226 quaerens
505 2185 604 2225 quae
630 2170 816 2217 volebat,
841 2170 1022 2211 edoctus
1049 2170 1115 2211 sit.
1181 2167 1336 2210 Ultimi
1359 2182 1522 2216 versus,

440 2284 482 2318 Αἱ
502 2281 537 2317 δέ
557 2284 584 2316 οἱ
607 2282 772 2330 εἶρῡμένῳ,
794 2285 885 2331 ἀμφ’
906 2283 1078 2329 Ὠγιγίων
1096 2282 1230 2329 Ἡρώων

491 2345 595 2383 Αἴτια
615 2349 674 2383 καὶ
690 2349 855 2398 μακάρων
876 2352 957 2396 εἶρον
979 2346 1223 2394 ἀμειβόμεναι,

172 2450 464 2505 conjecturam
497 2450 814 2497 commendant,
851 2448 1056 2489 Ovidium
1091 2447 1361 2502 potissimum
1398 2447 1441 2487 in
1477 2446 1595 2488 Deo-

171 2534 266 2560 rum
305 2519 622 2574 Musarumque
657 2519 907 2566 ministerio,
946 2533 1031 2574 quo
1068 2518 1224 2559 eodem
1260 2531 1434 2572 prorsus
1470 2516 1597 2557 modo

172 2589 308 2630 utitur
336 2589 411 2643 (iv,
440 2588 549 2637 1913
583 2604 622 2629 v.
652 2589 680 2630 7
712 2603 817 2643 sqq;
850 2589 906 2629 vi.
940 2587 1041 2629 798.
1069 2590 1174 2639 etc.)
1205 2585 1518 2628 Callimachum
1544 2585 1598 2626 ob

173 2659 318 2700 oculos
343 2657 556 2698 habuisse.
591 2657 778 2698 Veteres
795 2658 902 2699 ritus
925 2657 983 2698 ibi
1001 2656 1238 2712 explicatos
1260 2656 1421 2697 habent
1441 2655 1594 2710 fragm.

171 2727 199 2768 8
222 2735 266 2768 et
285 2728 339 2775 9;
371 2733 416 2767 et
444 2727 631 2768 Lenzius
654 2727 744 2782 jam
777 2727 1013 2775 annotavit,
1043 2726 1258 2767 historiam
1293 2723 1522 2779 Hippolyti
1553 2722 1595 2763 in
