1830 3220
561 189 911 231 FASTORUM
945 188 1068 231 LIB.
1101 188 1185 231 IV.

145 306 281 354 Exta
306 307 446 354 bovis
471 306 657 354 dantur
682 305 922 369 gravidae:
963 305 1156 353 felicior
1181 322 1342 354 annus

214 384 470 441 Provenit,
499 391 550 432 et
573 384 793 431 fructum
819 391 952 432 terra
977 400 1240 448 pecusque
1265 383 1449 432 ferunt.

143 461 291 510 Hanc
317 462 576 526 quondam
603 462 864 526 Cytherea
888 462 1023 509 diem
1050 462 1402 526 properantius
1430 462 1501 509 ire

212 539 243 586 J
249 540 393 598 ussit,
420 547 473 588 et
499 539 735 587 aetherios
762 539 1098 604 praecipitavit
1122 556 1308 604 equos;

147 618 221 666 Ut
244 619 448 666 titulum
474 618 670 683 imperii
697 635 850 682 quam
877 619 1097 683 primum
1122 619 1236 666 luce
1263 618 1499 682 sequenti

212 697 447 761 Augusto
466 697 640 762 juveni
667 713 911 762 prospera
934 697 1072 745 bella
1091 697 1287 744 darent.

1470 699 1568 744 676

149 775 264 823 SED
285 777 393 840 jam
419 775 700 840 praeteritas
727 782 939 839 quartus
965 775 1057 822 tibi
1085 773 1284 822 Lucifer
1309 773 1432 821 Idus

217 853 478 919 Respicit:
520 854 616 901 hac
639 852 853 918 Hyades
882 853 1076 900 Dorida
1100 860 1247 900 nocte
1274 858 1472 916 petunt.

144 931 365 979 TERTIA
395 938 512 997 post
537 931 749 997 Hyadas
776 948 935 996 quum
960 931 1050 978 lux
1076 930 1172 978 erit
1196 937 1305 977 orta
1329 936 1564 986 remotas,

215 1009 435 1059 Carcere
460 1010 672 1075 partitos
699 1010 863 1058 circus
890 1009 1101 1057 habebit
1126 1024 1303 1072 equos.

191 1234 379 1264 673—676.
408 1234 466 1264 Die
482 1245 534 1264 xv.
550 1235 682 1274 Aprilis,
701 1234 827 1275 Augus-

152 1288 200 1312 tus
216 1282 387 1323 Imperator
402 1284 512 1314 dictus.
538 1283 588 1313 De
602 1282 717 1324 triplici
733 1293 829 1314 sensu

150 1332 236 1363 vocis
256 1332 426 1372 Imperator
443 1333 515 1364 vide
531 1333 673 1364 Casaub.
690 1333 730 1363 ad
750 1334 828 1364 Sue-

151 1383 272 1414 tonium
296 1383 417 1414 Caesar.
456 1384 509 1414 76.
546 1383 597 1414 Ob
623 1394 672 1414 res
695 1382 831 1414 feliciter

150 1439 257 1475 gestas
284 1444 515 1475 numerumque
542 1432 680 1464 hostium
710 1432 829 1464 occiso-

152 1493 222 1514 rum
258 1483 330 1525 lege
366 1483 533 1514 definitum
578 1483 743 1524 Augustus
780 1493 828 1513 se-

152 1533 214 1565 mel
238 1540 270 1565 et
289 1533 388 1565 vicies
414 1544 432 1564 a
456 1534 573 1565 victore
599 1532 740 1564 exercitu
764 1533 828 1563 Im-

150 1590 275 1626 perator
297 1584 454 1615 salutatus
469 1589 516 1615 est
533 1595 541 1622 ;
565 1583 707 1619 Tacitus,
725 1583 791 1614 An.
808 1583 829 1614 i.

153 1635 192 1664 9:
227 1634 283 1666 sed
313 1634 421 1666 Julius
450 1634 558 1666 Caesar
587 1633 707 1675 primus
735 1633 831 1674 caepit

152 1683 212 1714 hoc
243 1694 371 1718 nomen.
401 1691 436 1715 ut
472 1693 665 1725 praenomen,
695 1683 740 1713 ita
770 1682 830 1713 sibi

154 1744 310 1775 arrogare,
327 1740 362 1764 ut
381 1733 539 1769 eamdem,
555 1743 651 1775 quam
669 1731 829 1774 αὐτοκρά-

152 1795 221 1825 τωρ
235 1789 266 1814 et
281 1782 402 1825 κύριος,
417 1783 479 1814 vim
496 1783 638 1818 haberet,
654 1793 830 1813 summum-

154 1844 218 1876 que
244 1833 411 1876 imperium
437 1833 616 1870 indicaret3
649 1832 724 1868 Dio,
750 1832 830 1863 xliii.

154 1885 208 1915 22.
245 1884 331 1915 Hinc
348 1883 444 1915 etiam
463 1884 628 1924 Augustus
645 1893 718 1913 ann.
735 1883 776 1913 U.
792 1883 831 1914 C.

155 1935 230 1964 724.
247 1945 346 1976 quum
363 1944 402 1965 ex
418 1933 562 1975 AEgypto
578 1931 732 1968 rediisset,
748 1931 832 1962 idem

155 1994 339 2026 praenomen
360 1983 472 2014 eodem
494 1993 588 2014 sensu
609 1982 768 2018 assumsit,
785 1988 831 2012 at-

157 2044 219 2075 que
235 2033 309 2064 inde
321 2032 444 2075 imperii
454 2032 502 2063 sui
515 2043 614 2063 annos
628 2031 807 2062 numeravit
823 2043 830 2069 3

158 2083 234 2120 Dio,
246 2082 292 2115 lii.
303 2084 341 2113 41
355 2088 435 2114 extr.
459 2082 498 2112 ln
508 2081 633 2113 honoris
648 2081 834 2123 laetitiaeque

157 2133 244 2165 illius
271 2133 457 2165 societatem
491 2133 640 2174 Cytherea
665 2131 698 2162 in
726 2132 835 2174 primis

157 2184 266 2216 venire
303 2183 452 2220 debebat,
482 2194 501 2214 a
538 2193 601 2224 qua
638 2192 716 2223 gens
748 2182 767 2213 J
773 2181 837 2212 ulia

159 2245 259 2277 genus
279 2233 418 2265 ducebat
440 2234 556 2275 (supra
578 2243 641 2263 ver.
660 2232 735 2272 20.)
757 2242 836 2273 qua-

160 2291 286 2327 propter
306 2290 338 2315 et
359 2283 444 2326 apud
460 2282 643 2325 Virgilium,
669 2282 788 2323 Georg.
812 2281 835 2312 i.

160 2336 214 2366 28.
241 2334 353 2366 eadem
383 2334 522 2376 Augusti
545 2332 665 2364 coelum
691 2331 838 2363 intrantis

162 2393 305 2427 tempora
333 2389 437 2426 myrto
467 2382 578 2425 cingit.
625 2381 690 2420 Qui
721 2381 837 2423 cupide

161 2434 331 2467 sollemnia
353 2434 429 2464 laeta
450 2438 627 2475 exspectat,
643 2432 672 2463 ei
693 2431 761 2462 dies
780 2441 836 2462 an-

162 2484 313 2517 tecedens
359 2483 449 2515 tarde
498 2482 653 2514 decedere
704 2481 836 2512 videtur.

163 2534 322 2567 Eumdem
342 2533 438 2575 igitur
459 2543 597 2568 sensum,
628 2538 664 2562 ut
687 2530 838 2562 transitus

163 2585 205 2617 ad
236 2584 403 2627 sequentia
434 2582 617 2624 ingeniosus
648 2586 743 2618 esset,
778 2591 837 2612 nec

162 2636 315 2679 vulgaris,
337 2642 432 2679 poeta
453 2634 570 2666 Veneri
595 2633 706 2664 tribuit
724 2644 731 2671 ;
765 2643 837 2674 quae

164 2698 238 2719 vero
260 2686 345 2717 diem
366 2685 459 2716 illum
477 2685 693 2725 properantius
712 2685 757 2713 ire
776 2693 839 2713 non

166 2736 258 2768 modo
272 2736 371 2778 cupit,
386 2735 455 2771 sed,
476 2741 511 2765 ut
528 2734 611 2771 Dea,
627 2733 722 2764 etiam
735 2734 838 2774 jubet.

166 2787 273 2823 Quum
306 2793 411 2817 autem
449 2785 584 2816 aethcrios
619 2795 716 2825 equos,
742 2793 841 2824 equos

1470 1011 1569 1056 680

897 1233 988 1270 Solis,
1003 1234 1187 1274 prcfcipitass
1204 1232 1386 1263 festinanter
1407 1231 1573 1264 decurrere

894 1284 999 1326 jubet,
1032 1283 1148 1315 Phoebi
1187 1289 1292 1325 partes
1321 1282 1381 1313 sibi
1418 1282 1572 1314 vindicat.

900 1336 1102 1374 Praecipz'tare
1113 1335 1243 1365 verbum
1256 1334 1287 1364 in
1302 1334 1362 1364 hac
1375 1344 1406 1365 re
1418 1333 1572 1370 solemne,

899 1383 1042 1426 inprimis
1069 1390 1175 1414 tamen
1202 1383 1242 1414 de
1265 1393 1392 1419 occasu,
1416 1383 1469 1414 ubi
1491 1394 1572 1425 prae-

900 1444 976 1476 ceps
997 1434 1078 1465 Solis
1094 1434 1164 1471 via3
1191 1434 1328 1464 Metam.
1347 1433 1390 1463 iv.
1406 1434 1462 1464 91.
1479 1437 1500 1450 “
1517 1433 1572 1464 lux

900 1484 990 1515 tarde
1035 1484 1189 1515 decedere
1234 1482 1314 1519 visa,
1351 1484 1576 1526 Praecipitatur

900 1533 1026 1575 aquis.”
1052 1534 1131 1564 AEn.
1149 1532 1183 1563 ii.
1201 1534 1221 1564 9
1239 1545 1244 1563 :
1273 1537 1292 1550 ‘³
1306 1533 1378 1564 Nox
1395 1533 1479 1564 coelo
1495 1544 1576 1576 prae-

899 1583 1049 1626 cipitat.'’
1097 1583 1259 1614 Caeterum
1272 1582 1374 1614 simile
1389 1583 1576 1625 figmentum

899 1633 1054 1665 habemus
1070 1645 1100 1664 v.
1117 1634 1193 1665 545.
1239 1634 1318 1664 Mox
1337 1633 1521 1665 Burmanno
1537 1646 1577 1665 ex

900 1695 963 1714 uno
972 1685 1086 1715 Patav.
1096 1685 1224 1714 titulum
1236 1685 1363 1723 imperii,
1375 1695 1428 1714 sua
1438 1686 1575 1723 praemz'a,

900 1734 1019 1776 placet.
1066 1734 1168 1764 Immo
1189 1745 1278 1774 quam
1298 1734 1432 1773 primum
1457 1734 1576 1776 optime

900 1784 1048 1815 convenit
1068 1783 1237 1826 cupiditati
1254 1783 1400 1814 Veneris.
1445 1784 1575 1816 Juveni.

901 1835 1005 1864 Natus
1021 1840 1084 1865 tum
1102 1839 1169 1864 erat
1182 1843 1281 1864 annos
1297 1832 1426 1874 triginta
1442 1839 1516 1864 tres.

945 1885 1018 1915 677.
1043 1884 1102 1914 Die
1123 1882 1199 1915 xvii.
1216 1884 1344 1923 Aprilis,
1364 1882 1430 1914 sive
1450 1886 1499 1915 die
1521 1896 1576 1916 xv.

901 1935 1038 1966 Kalend.
1060 1935 1138 1965 Maii
1154 1934 1281 1975 Hyades
1295 1936 1462 1972 occiduam
1486 1935 1531 1966 sic
1547 1940 1580 1966 et

903 1985 1011 2016 Caesar
1040 1984 1151 2016 Germ.
1182 1983 1268 2025 apud
1296 1983 1381 2014 Plin.
1411 1984 1497 2015 xviii.
1527 1986 1581 2016 26.

904 2036 1010 2071 Doris,
1029 2034 1094 2065 fllia
1110 2034 1244 2070 Oceani,
1260 2033 1375 2075 conjux
1391 2034 1500 2070 Nerei,
1512 2045 1580 2066 ma-

904 2091 951 2116 ter
977 2083 1212 2126 quinquaginta
1240 2083 1478 2125 Nympharum;
1514 2084 1581 2115 He—

902 2134 1118 2175 siod.Theog.
1131 2134 1196 2164 240
1211 2145 1217 2163 :
1234 2143 1318 2163 nunc
1335 2144 1390 2174 pro
1406 2131 1474 2175 ipso
1490 2133 1582 2171 mari,

905 2190 939 2216 ut
957 2185 1068 2225 Thetys
1083 2183 1170 2214 alibi.

950 2235 1137 2265 679—712.
1155 2233 1216 2264 Die
1232 2233 1296 2264 xix.
1308 2234 1412 2273 April.
1429 2235 1534 2273 vulpes
1548 2235 1581 2264 in

909 2285 1104 2315 Circencibus
1138 2284 1383 2320 comburuntur5
1417 2283 1508 2325 cujus
1538 2283 1581 2314 rei

906 2345 1036 2366 causam
1066 2335 1106 2364 ab
1137 2333 1260 2375 hospite
1290 2332 1451 2374 cognitam
1489 2339 1584 2376 poeta

908 2390 1024 2416 narrat.
1073 2385 1346 2424 Camere—aqum,
1365 2382 1398 2413 in
1419 2383 1503 2414 circo
1527 2383 1582 2414 de-

907 2441 1038 2465 currunt
1053 2433 1139 2475 equi,
1156 2439 1251 2464 antea
1266 2432 1435 2464 duodecim
1451 2435 1583 2464 carceri-

906 2486 960 2516 bus
975 2484 1118 2516 distenti.
1166 2484 1311 2514 Partitus
1335 2482 1460 2525 passivo
1479 2494 1583 2514 sensu.

906 2534 1134 2576 Intelliguntur
1149 2540 1256 2565 autem
1270 2533 1438 2565 Circenses
1459 2533 1584 2565 Cereris

906 2584 1008 2627 pridie
1036 2584 1124 2621 Idus,
1155 2594 1220 2615 ver.
1248 2584 1325 2614 390.
1354 2583 1453 2625 coepti
1482 2588 1514 2613 et
1543 2582 1582 2613 ad

906 2635 991 2666 hunc
1001 2645 1100 2676 usque
1107 2634 1191 2665 diem
1201 2632 1388 2669 continuati,
1397 2632 1481 2674 quod
1489 2632 1585 2663 etiam

908 2683 1107 2716 Kalendaria
1136 2684 1263 2715 docent.

907 2734 940 2764 in
956 2735 1098 2766 circum.
1139 2733 1234 2764 Ferre
1257 2739 1366 2774 terga,-

909 2785 985 2815 284.

1320 2683 1430 2717 Μίεειε,
1461 2682 1584 2712 emissae

1392 2731 1464 2763 vide
1490 2730 1530 2761 ad
1550 2730 1584 2762 ii.
