1830 3220
492 200 566 242 IN
601 197 820 242 OVIDII
852 199 1112 242 FASTOS.
1430 201 1519 244 375

151 317 241 360 Sed
270 319 314 359 in
337 318 499 360 Ovidio
531 318 662 359 etiam
695 323 785 359 tum
815 318 1082 366 illustrando,
1105 323 1196 358 tum
1227 317 1520 360 confirmando

94 401 261 443 magnae
285 388 378 443 ejus
408 393 552 443 partes
575 394 690 436 sunt,
714 388 767 429 ad
797 403 922 429 suum
954 388 1114 443 ubique
1145 387 1287 429 locum
1312 388 1356 428 in
1384 388 1520 429 subsi-

93 457 211 498 dium
233 459 440 500 vocandae
456 464 485 499 Ρ.
549 458 612 500 Η.
634 459 660 500 l.
684 458 883 513 quaedam
915 458 1008 513 ejus
1033 457 1125 499 loca
1148 450 1408 513 pertingam,
1431 458 1520 508 ubi,

95 541 194 581 quae
222 528 390 569 diverse
422 528 474 569 ab
504 527 653 569 Ovidii
681 527 947 583 aliorumque
979 527 1236 568 auctoritate
1267 527 1414 576 tradit,
1436 542 1522 569 non

94 602 180 638 tam
201 597 373 639 diverso
399 612 487 639 suae
510 597 650 639 aetatis
672 597 793 646 mori,
818 611 947 652 quam
971 597 1103 638 turbis
1127 597 1180 637 ab
1201 597 1294 651 ipso
1318 597 1522 653 compila-

95 671 188 707 tore
212 666 406 722 ingestis,
429 667 516 716 ubi,
536 681 634 722 quae
657 667 709 708 ad
735 666 880 722 plures
900 667 1190 721 pertinebant,
1215 666 1258 706 in
1279 680 1408 708 unam
1431 682 1523 709 rem

96 737 358 786 cumulabat,
382 738 620 779 tribuerim.
684 737 914 792 Ejusmodi
946 736 1085 777 locum
1115 736 1206 791 jam
1239 736 1293 777 ad
1323 736 1445 778 Fast'.
1466 737 1524 779 iv.

94 807 195 849 635.
231 807 478 850 exhibuisse
516 808 618 849 mihi
655 809 771 850 visus
808 822 915 849 sum.
980 806 1270 848 Probabiliter
1308 806 1390 847 huc
1425 822 1523 862 per-

97 877 220 927 tinet,
257 892 368 933 quae‚
405 893 446 933 p.
470 877 542 920 71.
577 878 631 919 de
668 877 972 919 Parentalibus
1009 876 1201 918 exhibet.
1265 876 1391 917 Bene
1427 891 1525 918 cum

97 948 258 991 Ovidio
291 948 471 1004 aliisque
505 949 723 998 convenit,
754 949 789 989 si
823 949 877 989 ob
914 948 1072 990 Manes
1108 947 1343 1002 placandos
1373 947 1425 988 ab
1455 946 1523 989 Id.

96 1018 227 1060 Febr.
252 1018 355 1059 hora
383 1023 508 1060 sexta
536 1033 674 1074 usque
703 1018 757 1059 ad
783 1017 868 1059 viii.
893 1017 997 1059 Kal.
1022 1016 1156 1059 Mart.
1189 1031 1310 1058 sacra
1336 1031 1523 1066 cessare,

96 1094 142 1130 et
168 1089 387 1144 principes
421 1089 590 1144 privato
622 1089 769 1131 habitu
798 1088 1002 1129 incedere
1033 1087 1152 1128 dicit.
1185 1086 1320 1128 Ovid.
1344 1085 1459 1128 enim
1481 1086 1525 1127 ii.

94 1158 207 1200 567:
241 1158 332 1200 Nec
365 1165 505 1200 tamen
534 1158 624 1200 lioec
653 1159 789 1207 ultra,
810 1173 939 1215 quam
973 1163 1037 1198 tot
1065 1156 1116 1197 cle
1143 1170 1276 1197 mense
1306 1156 1526 1211 supersint

96 1227 306 1285 Luciferi,
330 1235 433 1284 quot
462 1228 616 1270 liabent
642 1230 837 1270 carmina
863 1234 1016 1269 nostra
1035 1226 1180 1284 pedes.
1249 1225 1412 1266 Ultima
1426 1225 1526 1281 pla-

95 1297 246 1338 candis
266 1297 472 1339 Manibus
497 1298 574 1339 illa
605 1298 720 1346 dies,·
752 1298 868 1353 quod
898 1298 1008 1338 bene
1038 1311 1083 1337 se
1113 1295 1299 1337 invicem
1329 1295 1527 1336 illustrat.

98 1367 189 1409 Sed
227 1367 300 1409 vix
342 1367 424 1408 huc
465 1367 668 1422 pertinet,
705 1368 822 1422 quod
860 1367 1002 1408 statim
1042 1365 1277 1421 subjungit,
1312 1370 1528 1406 matronas

100 1436 321 1479 Romanas
355 1451 407 1478 eo
442 1437 680 1492 procedere
715 1436 951 1492 pudicitiae,
983 1441 1031 1477 ut
1062 1436 1104 1476 in
1140 1435 1318 1483 balneis,
1351 1449 1405 1476 ne
1436 1434 1527 1489 ple-

98 1507 207 1549 beiis
233 1507 483 1549 mulieribus
507 1508 785 1556 misceantur,
809 1506 1100 1562 peculiaribus
1128 1505 1230 1546 locis
1254 1508 1529 1562 (ματρωνικίοις)

100 1583 300 1627 utantur3
333 1593 430 1620 nam
461 1577 504 1619 in
532 1577 836 1619 Parentalibus
867 1576 1130 1618 lavationum
1159 1575 1320 1616 nullam
1349 1573 1529 1615 mentio-

101 1662 199 1689 nem
227 1662 410 1703 usquam
440 1647 552 1702 legi3
583 1648 815 1689 referenda
842 1652 988 1688 autem
1010 1645 1102 1686 haec
1134 1651 1236 1686 nota
1259 1643 1373 1685 haud
1396 1644 1528 1685 dubie

101 1718 155 1758 ad
187 1718 227 1759 d.
260 1717 286 1758 1
309 1716 488 1772 Aprilis,
522 1717 594 1758 ubi
626 1718 871 1759 humiliores
907 1717 1036 1758 etiam
1056 1715 1248 1772 feminas
1283 1715 1326 1755 in
1363 1713 1529 1756 balneis

102 1786 237 1828 lavari
258 1801 407 1828 omnes
429 1793 647 1828 annotant.
681 1786 795 1844 Lyd.
818 1787 890 1828 91.
919 1786 1096 1830 Verrius
1116 1785 1177 1826 ad
1196 1785 1219 1825 l
1240 1785 1389 1841 April.
1452 1784 1529 1825 Sa-

102 1856 309 1898 crificium
332 1857 520 1911 denique
542 1864 830 1898 matronarum
860 1857 902 1897 in
928 1855 1130 1897 honorem
1154 1854 1282 1894 Bruti
1304 1860 1422 1895 certo
1446 1868 1530 1894 non

103 1932 189 1968 tam
213 1927 267 1968 ad
291 1926 403 1968 hunc
434 1927 563 1976 diem,
591 1941 718 1982 quam
745 1927 798 1968 ad
823 1926 1109 1982 Regifugium
1133 1925 1175 1966 d.
1198 1924 1257 1965 24
1279 1924 1409 1965 Febr.
1434 1938 1530 1978 per-

105 1997 258 2044 tinere,
290 1996 473 2051 quisque
504 1996 639 2045 videt,
664 2011 705 2051 p.
724 1996 821 2038 101.
853 1996 927 2037 ubi
958 1995 1133 2051 Lydus:
1165 2002 1278 2050 πρώτη
1298 2000 1333 2036 δὲ
1357 2000 1452 2049 ἑορτὴ
1472 2004 1531 2036 τοῦ

105 2073 219 2109 Μαΐου
237 2073 336 2123 παρὰ
349 2073 528 2121 Ῥωμαίοις
547 2075 585 2108 αἱ
603 2074 678 2122 περὶ
698 2076 850 2120 σεισμῶν
872 2072 1022 2115 ἱκεσίαις
1054 2063 1331 2106 commutatio
1361 2062 1535 2103 Videtur

104 2150 202 2176 cum
227 2134 419 2176 Kalend.
439 2135 543 2177 Jun.
566 2136 619 2176 ad
645 2150 752 2190 quas
771 2134 1065 2190 Tempestatis
1086 2134 1217 2175 ferias
1240 2132 1374 2174 refert
1395 2131 1530 2174 Ovid.

105 2205 160 2246 vi.
179 2205 256 2247 19]
271 2237 280 2246 .
345 2205 534 2247 Nonnisi
555 2206 608 2246 de
639 2205 781 2260 priore
803 2204 927 2246 Junii
950 2210 1086 2259 parte,
1110 2203 1187 2244 sed
1211 2203 1266 2244 de
1290 2207 1380 2243 toto
1413 2201 1531 2242 Maio

106 2275 290 2316 Ovidius
312 2275 458 2324 edicit,
482 2276 597 2330 quod
619 2276 767 2332 Lydus
791 2275 846 2315 de
870 2280 959 2315 toto
976 2273 1125 2322 Junio,
1148 2272 1259 2313 male
1281 2271 1341 2312 ibi
1362 2271 1533 2326 nuptias

104 2343 213 2393 fieri,
235 2360 277 2399 p.
293 2344 394 2386 107.
423 2353 436 2387 ὃ
464 2352 498 2387 δὲ
525 2352 656 2394 Ἰούνιος
680 2352 747 2400 μὴν
767 2350 996 2395 ἀνεπιτήδειος
1019 2350 1095 2399 πρὸς
1119 2351 1264 2398 γάμους,
1289 2341 1534 2383 differentia

104 2429 128 2455 e
152 2415 333 2456 duorum
355 2415 566 2455 mensium
588 2414 906 2469 permutatione
929 2412 1043 2453 haud
1067 2412 1198 2453 dubie
1220 2416 1334 2452 nata.

165 2483 258 2525 III.
293 2483 346 2524 In
379 2484 523 2525 multis
552 2483 832 2538 scriptoribus
862 2482 992 2524 etiam
1021 2497 1208 2524 nummos
1236 2496 1320 2522 non
1345 2495 1440 2521 raro
1469 2479 1531 2520 in-

106 2553 227 2609 signe
251 2552 619 2608 interpretationis
640 2559 686 2595 et
705 2552 999 2594 illustrationis
1022 2552 1257 2594 subsidium
1280 2565 1392 2599 esse,
1416 2549 1532 2604 apud

147 2726 164 2748 ¹⁰
187 2723 226 2754 P.
243 2723 298 2754 91.
321 2721 362 2753 de
387 2721 574 2753 mulieribus
598 2721 657 2752 sub
681 2725 784 2762 myrto
854 2718 918 2756 riis,
935 2723 968 2750 et
988 2718 1148 2750 asinorum
1164 2716 1415 2749 coronandorum
1436 2725 1533 2752 more,

107 2773 205 2805 lavari
222 2772 345 2811 solitis3
369 2784 401 2815 p.
415 2773 487 2803 107.
503 2772 543 2803 de
565 2771 718 2815 pistorum
738 2771 784 2802 fe·
854 2775 918 2802 etc.
