1830 3220
183 183 241 223 44
578 178 628 219 P.
665 176 881 219 OVIDII
919 174 1201 217 NASONIS

188 295 566 358 Constituitque
593 294 703 350 sibi,
732 309 846 356 quae
873 291 1104 339 Maxima
1128 290 1328 346 dicitur,
1352 305 1507 344 aram,

257 374 355 421 Hic
381 373 465 420 ubi
493 389 608 437 pars
637 371 790 418 Urbis
816 371 879 419 de
904 371 1034 417 bove
1060 385 1244 416 nomen
1268 368 1438 415 habet.

191 452 300 500 Nec
323 458 458 498 tacet
485 449 705 496 Evandri
731 455 907 504 mater,
935 462 1094 511 prope
1120 453 1321 509 tempus
1347 444 1527 493 adesse

259 528 480 577 Hercule
506 543 606 590 quo
630 527 781 573 tellus
808 525 874 573 sit
898 525 1021 572 satis
1048 540 1140 570 usa
1165 540 1272 570 suo.

190 609 259 656 At
283 608 403 656 felix
423 614 580 661 vates,
609 613 664 652 ut
692 605 782 652 Dis
810 603 1098 668 gratissima
1121 602 1263 659 vixit,

1506 601 1603 647 585

259 685 499 734 Possidet
522 684 654 730 hunc
680 681 797 729 Jani
824 682 895 729 sic
924 681 1036 728 Dea
1060 696 1234 728 mense
1259 679 1411 726 diem.

194 765 392 812 IDIBUS
420 764 471 810 in
497 761 665 825 magni
693 768 864 808 castus
889 759 1029 807 Jovis
1056 759 1164 807 aede
1190 757 1426 806 sacerdos

266 840 558 889 Semimaris
585 838 801 887 flammis
825 837 1019 885 viscera
1043 838 1168 884 libat
1192 837 1297 884 ovis
1319 853 1328 883 :

197 919 525 981 Redditaque
548 924 626 965 est
651 915 812 964 omnis
839 916 1027 980 populo
1053 915 1311 980 provincia
1333 921 1531 970 nostro;

265 996 332 1043 Et
356 1003 472 1042 tuus
500 994 733 1057 Augusto
760 993 960 1041 nomine
987 993 1152 1041 dictus
1179 1009 1319 1040 avus.

1512 993 1611 1039 590

198 1073 411 1135 Perlege
437 1071 710 1135 dispositas
737 1087 982 1134 generosa
1007 1087 1097 1135 per
1123 1071 1249 1118 atria
1273 1086 1444 1127 ceras;

269 1150 606 1213 Contigerunt
631 1150 753 1197 nulli
780 1149 982 1198 nomina
1007 1158 1148 1198 tanta
1171 1150 1291 1197 viro.

243 1313 318 1344 587.
344 1313 420 1343 Idus
446 1322 555 1343 omnes
581 1312 653 1344 Jovi
682 1322 791 1343 sacrae.
828 1312 872 1342 lis

199 1363 266 1393 ovis
288 1361 404 1398 eidem,
421 1361 494 1392 inde
520 1363 613 1392 idulis
638 1360 736 1398 dicta,
754 1367 871 1393 maeta-

200 1414 305 1449 batur,
334 1412 390 1443 sed
426 1411 538 1442 Idibus
575 1412 706 1443 Januar.
744 1422 872 1442 vervex.

202 1464 279 1504 Sqq.
315 1463 615 1502 redditaque—arus
649 1460 743 1503 paulo
775 1461 875 1502 negli—

201 1511 328 1553 gentius
352 1510 471 1553 scripta
493 1517 524 1541 et
544 1510 665 1547 addita,
681 1521 875 1552 quamquam

202 1561 244 1592 ad
268 1560 448 1603 Augustum
473 1559 643 1603 pertinent.
690 1560 754 1592 An.
773 1560 814 1592 U.
838 1561 876 1592 C.

203 1611 278 1642 727.
295 1621 392 1652 quum
409 1610 605 1642 Octavianus
620 1610 794 1647 simularet,
810 1621 875 1641 om-

204 1670 244 1691 ne
260 1671 293 1691 se
308 1660 524 1702 depositurum
540 1670 608 1691 esse
627 1660 806 1702 imperium,
821 1661 875 1691 Se-

204 1716 310 1747 natuS,
337 1715 465 1741 auctore
500 1710 648 1741 Munatio
686 1710 818 1747 Planco,
849 1710 878 1742 ei

205 1762 340 1803 Augusti
364 1771 479 1791 nomen
508 1760 616 1799 dedit3
641 1762 768 1791 Sueton.
790 1761 878 1803 Aug.

207 1811 237 1842 7.
275 1810 326 1841 De
350 1809 402 1840 die
427 1816 545 1846 autern,
567 1820 630 1851 quo
654 1809 687 1840 id
711 1820 824 1841 nomen
851 1810 879 1841 ei

205 1859 360 1896 oblatum,
376 1859 570 1891 dissentiunt
584 1859 763 1902 scriptores.
803 1859 880 1891 Vid.

207 1909 332 1952 Lipsius
363 1909 404 1940 ad
432 1909 539 1940 Tacit.
571 1909 659 1941 Ann.
690 1909 711 1940 i.
742 1910 773 1941 9.
819 1910 881 1942 Sed

206 1960 302 2002 paulo
333 1965 407 1990 ante
442 1969 588 1990 onerosas
614 1962 787 1999 provincias
814 1960 882 2001 ipse

207 2008 347 2051 suscepit
371 2008 648 2045 administrandas,
672 2015 802 2051 pacatas
830 2022 882 2050 po-

206 2060 281 2099 pulo
304 2058 453 2090 restituit.
491 2057 575 2089 vide
600 2059 725 2090 Ernesti
750 2060 829 2091 Exc.
848 2061 880 2091 6.

211 2107 252 2138 ad
267 2108 356 2138 Suet.
373 2108 458 2148 Aug.

254 2158 440 2189 591—616.
464 2157 515 2189 De
541 2157 571 2188 vi
591 2158 726 2190 nominis
749 2160 885 2202 Augusti

210 2218 266 2249 per
282 2207 562 2250 comparationem.
611 2208 717 2250 Atque
737 2210 782 2240 ita
797 2216 885 2242 cata-

210 2256 319 2298 logum
357 2256 470 2288 struxit
500 2258 635 2289 virorum
666 2259 885 2291 Romanorum

212 2306 453 2347 cognominibus
475 2306 660 2349 insignium.
694 2308 788 2345 Ceroe,
804 2309 883 2340 ima-

212 2356 302 2397 gines
326 2366 424 2387 cereae
447 2356 582 2387 virorum
609 2357 790 2395 illustrium,
812 2370 883 2400 quae

210 2416 266 2444 per
294 2409 377 2437 atria
407 2407 553 2446 disposite?
586 2407 748 2439 habebant
778 2409 885 2440 titulos

213 2454 279 2486 sive
294 2454 514 2497 inscriptiones
526 2466 627 2487 rerum
644 2464 815 2498 gestarum,
830 2458 885 2490 lio—

213 2513 390 2545 norumque
413 2504 645 2536 attributorum.
689 2506 768 2538 Inde
791 2507 886 2548 igitur

213 2559 246 2584 et
266 2553 455 2595 cognomina
475 2555 629 2597 cujusque
650 2558 886 2598 cognosceban-

215 2608 278 2633 tur.
327 2602 491 2639 Generosa,
513 2603 702 2635 familiarum
723 2605 887 2637 nobilium.

216 2653 268 2683 De
290 2652 531 2694 cognominibus
555 2653 709 2685 nobilium
725 2655 887 2687 Romano·

216 2713 296 2739 rum,
312 2702 409 2734 etiam
425 2713 544 2740 eorum,
561 2704 615 2745 qui
626 2704 693 2746 jam
710 2715 886 2736 memoran-

219 2757 281 2788 tur,
306 2752 377 2783 vide
406 2752 550 2785 Perizon.
574 2753 605 2784 in
630 2753 739 2784 Anim.
759 2754 832 2787 hist.
856 2767 887 2797 p.

942 1313 994 1343 41.
1010 1319 1041 1343 et
1063 1313 1138 1343 272.
1177 1313 1214 1343 P.
1230 1312 1393 1347 Servilius,
1409 1310 1545 1342 devictis
1568 1309 1614 1353 pi-

943 1363 1028 1399 ratis,
1060 1362 1236 1403 lsauroque,
1264 1362 1333 1404 ipsa
1371 1360 1492 1393 Ciliciae
1531 1370 1617 1396 arce,

944 1422 1064 1447 eversa.
1083 1412 1216 1442 Isaurici
1237 1421 1412 1452 cognomen
1435 1409 1620 1448 adamavit;

946 1463 1067 1499 Florus,
1084 1462 1147 1493 111.
1164 1461 1206 1493 vi.
1222 1464 1252 1494 5.
1277 1462 1319 1498 Q.
1335 1461 1485 1492 Caecilius
1500 1459 1617 1492 Metel-

944 1514 994 1544 lus
1030 1513 1166 1549 cretum,
1196 1512 1250 1554 qui
1288 1511 1470 1542 Mithridati
1503 1510 1618 1541 favisse

946 1562 1148 1599 videbantur,
1174 1573 1239 1603 opes
1262 1563 1390 1598 domuit,
1410 1566 1508 1592 totam
1532 1561 1618 1592 insu-

945 1613 1010 1644 lam
1033 1612 1098 1654 igni
1121 1614 1263 1654 ierroque
1284 1612 1454 1654 populatus
1469 1616 1528 1648 est,
1544 1610 1618 1642 inde

949 1663 1089 1693 Creticus
1108 1662 1235 1700 dictus;
1261 1662 1382 1698 Florus,
1404 1661 1452 1693 iii.
1476 1662 1517 1700 6;
1541 1661 1617 1697 Dio,

947 1711 1004 1742 lib.
1023 1711 1132 1742 xxxvi.
1150 1711 1219 1742 init.
1267 1711 1294 1741 A
1310 1711 1470 1753 Jugurtha
1493 1710 1620 1742 devicto

953 1761 1111 1792 Numidici
1136 1771 1310 1802 cognomen
1334 1762 1378 1798 Q.
1394 1760 1526 1792 Caecilio
1548 1761 1620 1792 Me-

948 1810 1038 1846 tello,
1057 1810 1093 1841 L.
1109 1810 1203 1842 Calvi
1224 1810 1288 1841 filio
1307 1810 1480 1849 tributum3
1505 1808 1623 1841 Vellei.

950 1860 995 1890 11.
1022 1860 1066 1891 xi.
1095 1861 1126 1891 2.
1175 1860 1338 1891 Messanici
1366 1870 1542 1901 cognomen
1566 1869 1620 1891 ne-

950 1909 1027 1940 mini
1055 1909 1187 1947 datum3
1210 1909 1266 1940 sed
1293 1909 1449 1941 Claudius
1475 1908 1621 1946 Caudex,

950 1959 1154 1990 Mamertinis
1169 1959 1286 1990 auxilio
1301 1958 1426 1996 missus,
1441 1959 1550 1991 urbem
1567 1960 1623 1991 ob-

950 2008 1072 2040 sidione
1087 2009 1244 2040 liberavit.
1274 2008 1425 2050 Polyb.i.
1446 2009 1473 2040 l.
1509 2010 1623 2051 Neque

952 2060 1069 2090 Noster
1094 2059 1133 2090 de
1159 2059 1346 2100 cognomine
1367 2058 1526 2101 loquitur3
1550 2066 1622 2091 tan—

953 2114 1019 2140 tum
1035 2109 1113 2140 dicit
1127 2110 1299 2148 superbum,
1313 2108 1396 2150 quod
1412 2109 1522 2140 crebro
1537 2109 1625 2152 apud

953 2166 1063 2203 poetas
1092 2159 1132 2191 de
1158 2159 1330 2190 victoribus
1355 2159 1482 2200 legitur.
1530 2160 1624 2197 Nota,

954 2210 1000 2246 id,
1019 2221 1081 2252 quo
1097 2209 1168 2251 quis
1187 2209 1233 2240 ita
1246 2207 1425 2250 insignitur,
1441 2215 1476 2240 ut
1491 2209 1626 2249 discerni

956 2261 996 2291 ab
1010 2260 1080 2291 aliis
1091 2259 1200 2301 possit.
1237 2259 1333 2290 Nunc
1344 2269 1531 2299 cognomen,
1541 2259 1627 2302 quod

953 2310 1093 2353 Scipioni
1122 2310 1295 2341 AEmiliano
1332 2308 1527 2352 impositum.
1573 2310 1626 2341 De

954 2360 1089 2391 formula
1108 2360 1229 2390 trahere
1250 2365 1352 2390 notam
1375 2358 1439 2389 vid.
1458 2359 1567 2390 Bentl.
1585 2359 1627 2392 ad

954 2411 1066 2442 Horat.
1080 2410 1142 2441 IV.
1159 2409 1262 2441 Od.ii.
1276 2410 1331 2440 59.
1380 2409 1513 2446 Drusus,
1529 2409 1627 2442 Liviae

955 2471 993 2491 ex
1010 2459 1111 2502 priore
1126 2458 1240 2490 marito
1249 2458 1376 2489 Tiberio
1391 2459 1518 2490 Nerone
1533 2459 1629 2498 filius,

954 2509 1072 2541 Tiberii
1085 2509 1192 2546 frater,
1203 2509 1296 2540 rebus
1312 2518 1345 2538 tn
1357 2508 1531 2540 Germania
1544 2519 1627 2551 prae·

956 2560 1042 2591 clare
1071 2560 1179 2601 gestis,
1203 2559 1244 2590 ad
1272 2558 1424 2589 Rhenum
1449 2558 1481 2589 in
1510 2559 1628 2590 aestivis

957 2609 1081 2645 castris,
1105 2619 1144 2640 ex
1169 2609 1318 2645 fractura,
1335 2618 1419 2650 equo
1441 2618 1536 2650 super
1557 2619 1629 2640 crus

957 2659 1025 2701 ejus
1041 2659 1195 2701 collapso,
1212 2670 1264 2690 an.
1283 2659 1321 2690 U.
1337 2658 1378 2690 C.
1395 2658 1472 2689 745.
1488 2665 1628 2690 mortuus

957 2714 1022 2740 est:
1047 2709 1087 2740 de
1104 2719 1168 2751 qua
1183 2714 1282 2739 morte
1304 2709 1362 2738 sub
1378 2707 1486 2738 Ovidii
1502 2707 1628 2739 nomine

956 2758 1129 2789 consolatio
1152 2763 1255 2790 exstat
1288 2756 1329 2788 ad
1353 2756 1478 2788 Liviam
1501 2756 1630 2798 Augus-
