1830 3220
582 145 933 188 FASTORUM
968 146 1090 188 LIB.
1115 147 1198 188 IV.

1508 152 1594 195 239

179 261 334 310 Nulla
358 278 497 310 mora
518 270 596 310 est
618 279 809 327 operae:
839 271 1061 311 vestrum
1080 264 1224 322 dare;
1254 264 1454 313 vincere
1480 283 1594 315 nos-

243 339 409 394 Quam
433 341 554 388 velit
579 341 765 389 AEneas
791 341 889 388 ista
913 349 1096 404 negata
1121 341 1270 388 mihi!
1317 344 1472 406 [trum
1498 353 1594 393 est.

173 418 471 467 Annuerant
497 419 692 466 Rutuli.

767 419 1057 467 Mezentius
1084 420 1248 468 induit
1273 437 1438 470 arma:

1498 427 1590 472 891

246 496 423 544 Induit
447 497 664 554 AEneas3
707 498 1085 561 alloquiturque
1111 498 1319 547 Jovem:

178 573 392 622 Hostica
416 574 680 639 Tyrrheno
703 583 821 622 vota
846 582 924 623 est
949 576 1203 623 vindemia
1228 578 1350 640 regi,

242 651 461 716 Jupiter,
490 669 517 700 e
545 652 687 699 Latio
713 653 920 717 palmite
947 662 1114 701 musta
1138 654 1286 702 feras,

173 731 305 778 Vota
324 731 491 778 valent
517 730 751 779 meliora:
781 732 918 779 cadit
945 732 1233 780 Mezentius
1260 734 1456 796 ingens,
1498 737 1595 783 895

240 807 412 871 Atque
439 809 720 871 indignanti
747 818 952 874 pectore
979 811 1174 875 plangit
1199 812 1426 859 humum.

174 884 396 933 Venerat
420 886 709 934 Autumnus
735 889 944 935 calcatis
972 889 1207 936 sordidus
1234 890 1371 937 uvis:

241 963 550 1011 Redduntur
575 966 753 1013 merito
779 967 954 1013 debita
973 967 1089 1014 vina
1108 966 1138 1013 J
1143 967 1239 1014 ovi.

176 1040 328 1089 Dicta
352 1042 461 1090 dies
488 1042 603 1090 hinc
630 1053 709 1091 est
733 1044 959 1092 Vinalia:
1001 1045 1204 1109 Jupiter
1228 1046 1364 1093 illam

240 1119 494 1176 Vindicat,
523 1128 575 1168 et
599 1120 740 1169 festis
766 1122 955 1185 gaudet
980 1123 1148 1171 inesse
1175 1123 1296 1170 suis.

1497 1127 1596 1173 900

175 1195 290 1243 SEX
320 1198 422 1255 ubi,
451 1214 565 1261 quae
591 1206 800 1254 restant,
828 1200 968 1247 luces
994 1199 1183 1264 Aprilis
1209 1201 1447 1259 habebit;

242 1274 301 1322 In
328 1275 496 1323 medio
522 1292 672 1323 cursu
700 1284 930 1341 tempora
953 1279 1082 1325 veris
1109 1286 1274 1325 erunt.

172 1350 240 1400 Et
262 1352 448 1401 frustra
472 1355 724 1418 pecudem
751 1372 947 1419 quaeres
969 1355 1363 1404 Athamantidos
1385 1355 1562 1404 Helles
1581 1375 1592 1415 ;

240 1430 503 1496 Signaque
529 1433 652 1480 dant
676 1433 892 1490 imbres3
936 1434 1264 1498 exoriturque
1292 1434 1466 1482 Canis.

173 1507 283 1557 Hac
310 1510 432 1558 mihi
461 1509 718 1559 Nomento
746 1512 963 1560 Romam
993 1529 1151 1576 quum
1177 1513 1291 1560 luce
1318 1513 1551 1571 redirem,

242 1587 457 1636 Obstitit
483 1589 533 1637 in
559 1589 727 1637 media
752 1591 972 1638 candida
998 1607 1187 1655 pompa
1210 1590 1306 1638 via.

216 1693 291 1724 895.
316 1691 430 1734 Ingens
446 1693 495 1724 vel
511 1704 652 1735 corpore,
669 1693 758 1736 quali
774 1699 849 1725 sunt

171 1741 281 1773 heroes
303 1747 437 1779 veteres,
464 1743 516 1774 vel
543 1743 668 1785 opibus.
718 1744 849 1786 Plangz't

171 1793 318 1829 humum,-
344 1792 389 1823 sic
412 1793 529 1834 passim
551 1793 590 1824 de
607 1793 814 1825 morientibus
831 1804 848 1825 e

170 1841 319 1881 vulnere3
344 1842 577 1874 Met.iii.l25:
606 1843 847 1885 “sanguineam

171 1891 294 1935 trepido
310 1892 504 1934 plangebant
522 1899 649 1935 pectore
666 1899 798 1924 matrem
815 1893 848 1931 ;⁷’

170 1942 247 1973 AEn.
261 1954 292 1973 x.
307 1942 388 1973 720:
417 1947 437 1959 “
454 1942 597 1973 calcibus
612 1950 712 1974 atram
727 1943 849 1974 Tundit

170 1992 303 2023 humum
337 1992 534 2035 exspirans.’'
580 1993 679 2035 Apud
708 1993 846 2035 Dionys.

169 2041 334 2073 Halicarn.
361 2042 438 2074 dict.
466 2042 527 2074 loc.
553 2043 743 2079 Mezentius,
768 2054 847 2085 pace

169 2091 348 2134 impetrata,
364 2091 398 2123 in
415 2092 598 2124 Latinorum
617 2093 758 2124 amicitia
773 2104 848 2124 con-

169 2147 289 2173 stanter
304 2142 500 2184 permansit;
524 2143 579 2174 sed
596 2143 730 2175 AEneid.
748 2155 778 2174 x.
791 2154 845 2174 ex-

169 2198 278 2228 tremo,
295 2198 315 2209 “
332 2192 478 2223 Undanti
493 2193 630 2224 animam
647 2193 799 2223 diffundit
814 2193 847 2224 in

169 2252 256 2273 arma
284 2242 432 2273 cruore.''
480 2242 560 2279 Quae
592 2242 664 2284 quis
687 2242 785 2279 vovit,
809 2253 848 2274 ea

169 2292 273 2322 debere
311 2291 427 2322 dicitur
443 2304 451 2330 3
501 2292 651 2323 Horatius
681 2292 748 2322 III.
781 2291 846 2323 Od.

170 2341 270 2372 xxvii.
298 2343 359 2372 30:
398 2346 421 2359 “
439 2341 547 2373 debita
576 2342 736 2384 Nymphis
761 2353 847 2373 coro·

170 2402 211 2422 na
223 2391 253 2430 ;”
277 2391 435 2428 Tibullus,
451 2392 511 2423 IV,
528 2392 570 2423 iv.
586 2393 628 2422 23
643 2404 648 2421 :
679 2391 780 2426 Quum
797 2394 849 2423 de-

170 2444 233 2474 bita
249 2443 354 2473 reddet
367 2441 517 2472 Certatim
530 2443 644 2473 sanctis
662 2443 748 2472 Iaetas
763 2448 849 2472 uter-

168 2492 325 2533 quefocis.
373 2491 534 2522 Caeterum
552 2490 744 2522 Plutarchus
765 2490 850 2521 dicto

168 2544 248 2579 loco,
265 2541 360 2572 etiam
377 2541 437 2572 hoc
454 2540 560 2578 tradit,
574 2541 629 2572 illo
643 2540 695 2571 die
712 2541 848 2571 multum

169 2592 234 2623 vini
250 2590 370 2622 effundi
387 2590 428 2621 ad
443 2591 598 2632 templum
615 2589 760 2622 Veneris.

214 2641 401 2672 901—904.
434 2641 514 2672 VII.
542 2641 699 2671 Kalendas
730 2640 844 2677 DIaias,

171 2691 236 2723 sive
249 2694 297 2722 die
309 2703 383 2722 xxV.
396 2693 522 2732 Aprilis,
535 2691 593 2721 Ver
607 2693 749 2728 medium,
760 2692 849 2725 Arie-

173 2742 213 2770 tis
223 2751 355 2777 occasus,
365 2742 483 2777 imbres,
495 2747 614 2771 exortus
625 2743 719 2772 canis.
753 2741 849 2772 Plura

1496 1593 1594 1638 906

917 1694 1013 1736 igitur
1026 1694 1244 1725 memorabilia
1255 1694 1354 1725 habet
1368 1694 1421 1725 ille
1433 1693 1512 1725 dies.
1541 1695 1598 1726 Sex

917 1746 981 1780 ubi,
997 1756 1060 1785 qaae
1085 1750 1213 1780 restant,
1229 1750 1290 1775 etc.
1309 1744 1342 1774 id
1370 1750 1428 1780 est,
1451 1755 1514 1786 quo
1540 1755 1594 1775 sex

918 1794 986 1825 dies
1004 1794 1124 1836 Aprilis
1140 1800 1270 1824 restant.
1312 1794 1370 1825 l'er
1385 1795 1516 1824 medium
1535 1793 1596 1825 Co-

918 1843 1049 1875 lumella
1073 1843 1105 1874 in
1127 1844 1194 1885 ipso
1210 1843 1362 1874 Palilium
1384 1842 1435 1874 die
1457 1843 1499 1874 xi.
1517 1843 1594 1874 Kal.

918 1893 1027 1936 ponit;
1052 1892 1177 1924 initium
1194 1893 1263 1935 ejus
1284 1892 1335 1924 die
1352 1893 1395 1924 ix.
1412 1893 1597 1932 Februarii3

918 1943 951 1974 ii.
970 1945 1042 1975 150.
1088 1943 1233 1974 Arietem
1255 1943 1307 1974 hic
1324 1953 1462 1984 quoque,
1479 1948 1514 1973 ut
1531 1954 1595 1975 ver.

919 1993 993 2024 715.
1017 2004 1034 2024 e
1065 1993 1174 2024 fabula
1202 1992 1474 2034 circumloquitur,
1501 2003 1597 2034 quam

917 2042 961 2074 iii.
989 2044 1049 2074 851
1082 2053 1154 2084 sqq.
1185 2043 1335 2073 narravit.
1381 2042 1478 2083 Signa
1508 2044 1598 2080 dant,

917 2093 1090 2124 ostendunt
1104 2103 1150 2132 se,
1162 2092 1292 2129 cadunt,
1304 2092 1372 2124 uti.
1382 2094 1457 2123 315.
1484 2092 1598 2124 Canem

918 2142 977 2173 hoc
1002 2142 1054 2173 die
1079 2153 1142 2173 non
1167 2142 1292 2178 exoriri,
1315 2142 1369 2173 sed
1397 2141 1541 2174 occidere
1567 2150 1599 2174 et

919 2193 1071 2224 Ovidium
1088 2193 1212 2235 lapsum
1228 2203 1308 2229 esse,
1324 2192 1469 2223 certatim
1486 2203 1599 2224 monu-

917 2249 1009 2274 erunt
1022 2243 1201 2284 interprett.
1211 2238 1396 2274 'Columella
1411 2242 1454 2273 xi.
1465 2243 1501 2273 2:
1522 2243 1597 2273 Pri-

917 2295 966 2324 die
991 2293 1150 2324 Kalendas
1176 2293 1278 2323 Maias
1306 2293 1399 2323 Canis
1422 2304 1451 2323 se
1478 2304 1595 2333 vespere

918 2343 1012 2373 celat.

961 2393 1037 2423 905.
1076 2391 1241 2433 Robigalia
1271 2391 1311 2422 ad
1343 2390 1549 2422 avertendam
1580 2402 1598 2422 a

918 2441 1061 2483 frugibus
1084 2440 1271 2482 robiginem.
1318 2441 1370 2472 De
1394 2440 1444 2471 his
1461 2440 1596 2478 Plinius,

918 2491 1007 2523 xviii.
1020 2493 1073 2523 69.
1087 2502 1150 2522 sec.
1168 2492 1204 2522 3:
1231 2496 1250 2508 ‘¹
1265 2490 1337 2521 Tria
1352 2496 1496 2533 tempora
1511 2491 1593 2522 fruc-

918 2542 1003 2572 tibus
1040 2540 1249 2572 metuebant'’
1286 2540 1396 2582 prisci,
1429 2542 1450 2557 “
1471 2546 1597 2582 propter

919 2591 1002 2633 quod
1018 2591 1220 2622 instituerunt
1238 2589 1332 2621 ferias
1343 2589 1475 2631 diesque
1488 2589 1594 2625 festos,

920 2640 1107 2682 Rubigalia,
1122 2640 1280 2671 Floralia”
1299 2639 1358 2682 (de
1384 2639 1499 2682 quibus
1523 2649 1596 2669 mox

919 2701 984 2720 ver.
1000 2690 1094 2730 943.)
1111 2694 1131 2707 ‘¹
1144 2689 1296 2722 Vinalia’'
1316 2689 1407 2731 (quae
1423 2698 1487 2719 ver.
1501 2688 1596 2726 863.)

920 2744 939 2757 “
954 2739 1130 2781 Rubigalia
1143 2740 1253 2771 Numa
1265 2737 1399 2770 instituit
1411 2747 1495 2768 anno
1507 2737 1594 2778 regni
