1809 3220
235 173 320 215 2:20

617 172 668 213 P.
704 170 911 213 OVIDII
946 169 1228 211 NASONIS

238 290 328 337 Bis
355 296 509 353 caput
534 289 790 335 intonsum
815 287 1022 334 fontana
1047 285 1302 350 spargitur
1329 284 1495 342 unda3
1554 286 1652 331 655

305 367 396 414 Bis
422 383 514 414 sua
538 366 743 429 faginea
767 373 998 428 tempora
1022 363 1198 411 fronde
1223 363 1425 426 premit.

239 445 377 492 Usus
404 445 550 492 abest
574 443 789 491 Veneris
812 460 821 490 :
863 459 958 489 nee
984 441 1058 489 fas
1086 440 1322 488 animalia
1348 441 1535 488 mensis

306 522 533 579 Ponere;
577 537 670 568 nec
698 519 871 583 digitis
898 519 1112 567 annulus
1137 519 1270 566 ullus
1296 519 1445 566 inest.

239 599 394 647 Veste
419 599 531 646 rudi
556 606 723 646 tectus
750 613 903 662 supra
928 613 1056 644 nova
1079 597 1266 644 vellera
1290 613 1474 661 eorpus

308 677 477 734 Ponit,
507 678 714 725 adorato
740 691 829 741 per
855 691 948 722 sua
971 675 1125 721 verba
1152 674 1280 722 Deo.

1558 675 1658 720 660

240 755 446 803 Interea
472 755 725 820 placidam
751 753 983 801 redimita
1008 768 1258 816 papavere
1284 751 1498 799 frontem

309 834 427 883 Nox
452 834 606 891 venit,
634 841 685 882 et
710 850 884 881 seeum
911 832 1106 880 somnia
1130 831 1273 894 nigra
1295 830 1466 878 trahit.

240 913 442 962 Faunus
455 914 619 971 adest,
645 912 917 975 oviumque
930 927 1164 975 premens
1175 911 1305 974 pede
1317 910 1503 957 vellera
1513 908 1656 963 duro,

312 992 486 1040 Edidit
512 1008 540 1039 a
565 992 746 1039 dextro
772 990 893 1038 talia
918 989 1058 1036 dicta
1081 996 1221 1036 toro:

243 1069 411 1118 Morte
437 1071 591 1117 boum
616 1068 725 1124 tibi,
754 1083 860 1123 rex,
890 1066 1064 1114 Tellus
1091 1065 1342 1130 placanda
1366 1066 1580 1113 duarum
1603 1084 1613 1122 ;

312 1148 417 1195 Det
441 1147 597 1195 sacris
623 1146 815 1194 animas
843 1161 943 1192 una
967 1152 1147 1192 necata
1172 1144 1316 1191 duas.

1562 1147 1660 1192 666

243 1225 516 1273 Excutitur
541 1232 728 1273 terrore
756 1222 901 1286 quies
923 1241 934 1279 3
978 1221 1149 1270 Numa
1173 1223 1280 1270 visa
1303 1222 1511 1270 revolvit
1532 1241 1545 1280 ;

311 1303 380 1351 Et
405 1320 578 1351 secum
605 1303 846 1365 ambages
872 1317 1111 1364 caecaque
1131 1303 1277 1365 jussa
1301 1300 1468 1349 refert.

242 1381 470 1446 Expedit
494 1388 746 1429 errantem
772 1380 963 1427 nemori
989 1379 1278 1443 gratissima
1302 1381 1412 1443 conj
1424 1396 1518 1438 ux3

309 1460 377 1508 Et
401 1459 546 1518 dixit,
575 1459 810 1507 Gravidae
838 1458 1060 1524 posceris
1087 1465 1207 1506 exta
1232 1457 1389 1505 bovis.

244 1619 388 1650 solebant
422 1617 581 1655 Romani;
619 1616 653 1647 ii.
681 1618 743 1656 303
781 1619 919 1647 intonsus

247 1669 351 1699 Numa
365 1673 413 1699 est
428 1667 469 1697 vi.
485 1668 560 1698 264.
606 1667 690 1708 Fago
706 1666 814 1707 religio
830 1676 916 1707 quae-

243 1718 317 1749 dam
343 1723 435 1756 erat,
461 1717 596 1753 Plinius,
623 1717 689 1747 xvi.
719 1717 778 1755 143
807 1717 920 1746 Festus

242 1773 262 1785 “
278 1769 425 1810 Fagutal,
445 1767 598 1799 sacellum
615 1766 716 1803 Jovis,
733 1766 765 1797 in
782 1777 844 1808 quo
861 1765 920 1796 fuit

242 1819 334 1861 fagus
347 1819 448 1854 arbor,
464 1828 535 1860 quae
551 1817 624 1849 Jovi
637 1817 761 1848 sacra.”
801 1816 921 1857 Digitis

245 1869 396 1899 annulus.
444 1867 569 1909 Nempe
606 1866 796 1897 incubantes
825 1864 920 1896 soluti

245 1929 314 1949 esse
340 1917 499 1948 debebant
525 1916 610 1947 omni
636 1916 764 1947 vinculo
785 1914 920 1952 cinctus,

247 1968 440 2003 calceorum,
452 1967 655 1998 annulorum.
682 1966 795 2001 Rudis,
815 1976 831 1996 e
848 1966 922 1996 lana

247 2017 317 2050 rudi
333 2022 483 2048 contexta
498 2016 594 2047 vestis
610 2021 775 2047 nocturna.
823 2015 920 2051 Nova,

245 2066 397 2098 recentia.
443 2066 506 2096 Sua
525 2067 627 2102 verba,
644 2065 799 2096 solemnia
820 2065 851 2095 in
866 2065 921 2096 tali

247 2127 297 2155 re3
322 2116 354 2147 ii.
370 2118 445 2147 542.

290 2167 365 2197 661.
390 2165 519 2196 Plenius
540 2165 653 2196 Noctis
673 2164 846 2196 adventum
865 2164 920 2195 de-

245 2215 354 2247 scribit
372 2214 530 2251 Tibullus,
546 2215 591 2245 II.
610 2214 631 2245 i.
648 2215 701 2246 87.
723 2214 777 2245 ubi
800 2214 832 2245 in
852 2214 921 2256 ejus

247 2264 399 2296 comitatu
429 2266 545 2295 incerto
572 2265 693 2295 Somnia
719 2266 811 2306 m'groe
836 2266 921 2304 pede.

249 2312 553 2356 Μελανοπτέρυγες
581 2314 698 2356 ὄνειροι
733 2319 807 2344 sunt
837 2314 921 2355 apud

246 2363 442 2405 Euripidem,
460 2363 541 2394 Hec.
556 2364 608 2393 71.
655 2363 714 2394 Sed
735 2374 817 2393 nunc
833 2364 920 2394 Som-

247 2414 368 2444 niorum
400 2424 474 2443 usus
511 2412 630 2448 nullus,
663 2411 922 2454 quandoquidem

248 2464 379 2493 Faunus
391 2462 457 2503 ipse
467 2472 618 2504 responsa
628 2461 738 2492 dabat.
770 2462 921 2501 Papauer,

249 2512 374 2554 nigrum
404 2511 556 2554 inprimis,
582 2511 658 2553 quia
687 2511 750 2541 vim
779 2511 920 2553 soporifi-

250 2562 344 2593 candi
355 2561 463 2597 habet,
477 2561 591 2591 Somno
604 2560 802 2592 tribuebatur
815 2572 824 2599 3
842 2561 922 2591 Met.

249 2612 292 2642 xi.
303 2612 388 2649 6053
412 2610 467 2642 Sil.
481 2610 626 2646 Italicus,
641 2622 670 2641 x.
682 2611 745 2641 353
761 2622 769 2648 3
792 2610 922 2648 Statim,

248 2660 349 2692 Theb.
370 2659 404 2690 ii.
434 2661 518 2698 1433
542 2670 615 2701 ergo
640 2666 671 2690 et
701 2660 801 2690 Nocti.
848 2660 922 2690 Non

251 2717 356 2742 autem
384 2721 467 2741 nune
494 2710 575 2740 illud
605 2709 740 2740 effundit
768 2720 783 2739 e
813 2720 921 2745 cornu,

251 2759 306 2790 sed
321 2761 451 2791 frontem
465 2771 502 2790 eo
515 2759 693 2790 redimitam
710 2759 818 2789 habet.
848 2760 921 2789 Tra-

1554 1461 1656 1505 670

987 1616 1032 1645 hit
1057 1615 1137 1646 bene
1163 1614 1202 1646 de
1227 1614 1401 1653 comitatu3
1432 1615 1514 1645 Met.
1536 1615 1557 1646 i.
1583 1617 1661 1648 219.

987 1669 1008 1682 ‘¹
1023 1665 1182 1696 traherent
1192 1675 1290 1706 quum
1304 1674 1373 1695 sera
1386 1665 1574 1706 crepuscula
1587 1676 1661 1697 noc-

988 1714 1086 1746 tem.'’

1032 1766 1108 1797 663.
1134 1766 1258 1795 Durum
1271 1763 1428 1796 Gesenius
1438 1764 1664 1807 interpretatur

989 1826 1148 1847 corneum.
1194 1814 1284 1846 Talis
1303 1825 1359 1856 pes
1379 1824 1455 1845 sane
1474 1815 1584 1846 Fauno
1605 1815 1663 1846 da-

989 1866 1094 1902 batur,
1133 1865 1261 1907 quando
1298 1863 1553 1896 confundebatur
1589 1875 1662 1896 cum

991 1917 1089 1952 Pane,
1105 1922 1141 1946 ut
1156 1915 1190 1946 ii.
1201 1916 1276 1946 361.
1299 1914 1362 1946 Sed
1377 1923 1410 1946 et
1424 1925 1481 1956 pes
1496 1914 1664 1952 humanus,

991 1977 1053 2007 quo
1074 1965 1256 2007 premimus,
1272 1965 1433 1996 calcamus
1452 1963 1585 2006 aliquid,
1604 1967 1663 1997 du-

991 2026 1044 2045 rus
1059 2015 1121 2045 dici
1137 2014 1227 2050 solet,
1243 2021 1278 2045 ut
1293 2015 1427 2045 Metam.
1443 2013 1479 2044 ii.
1495 2015 1571 2046 852.
1615 2015 1664 2046 Si-

990 2065 1107 2096 militer
1133 2065 1269 2095 Metam.
1299 2063 1356 2094 xii.
1389 2064 1462 2094 140.
1485 2064 1664 2105 “genibus-

991 2125 1054 2156 que
1082 2125 1228 2156 premens
1262 2112 1437 2155 praecordia
1463 2113 1588 2145 duris.‘'
1635 2119 1662 2146 A

991 2167 1106 2200 dextro,
1137 2163 1213 2206 quia
1248 2162 1403 2206 propitius
1432 2169 1552 2200 monet,
1585 2164 1664 2206 quid

992 2214 1151 2256 agendum
1168 2213 1220 2244 sit.

1035 2264 1110 2294 668.
1134 2264 1281 2306 Ambages
1301 2268 1334 2294 et
1349 2265 1533 2303 caecajussa,
1549 2263 1663 2294 obscu-

991 2324 1060 2344 rum
1072 2324 1274 2355 responsum3
1298 2314 1433 2344 Metam.
1443 2313 1466 2344 i.
1476 2314 1550 2344 388.
1566 2318 1587 2331 ‘¹
1598 2324 1663 2345 cae-

991 2363 1036 2394 eis
1051 2364 1186 2395 obscura
1196 2363 1326 2395 latebris
1337 2363 1433 2394 verba
1443 2363 1526 2394 datae
1543 2363 1666 2395 sortis.’'

994 2413 1110 2444 Errare
1134 2424 1218 2456 saepe
1241 2419 1289 2444 est
1315 2413 1480 2449 fluctuare,
1505 2413 1665 2445 dubitare.

991 2463 1153 2494 Dubitans
1167 2465 1336 2504 expeditur,
1353 2473 1451 2504 quum
1466 2463 1579 2494 certior
1594 2462 1665 2494 red-

991 2512 1086 2549 ditur,
1109 2512 1271 2543 edocetur.
1315 2513 1406 2554 Saepe
1429 2518 1535 2543 autem
1554 2523 1666 2544 oracu-

992 2562 1092 2593 lorum
1109 2562 1261 2603 ambages
1277 2561 1450 2604 interprete
1463 2561 1663 2603 indigebant.

995 2612 1142 2654 Conjugis
1161 2611 1282 2653 Egeriae
1301 2621 1361 2653 ope
1378 2611 1486 2642 Numa
1505 2611 1601 2642 etiam
1619 2611 1666 2643 iii.

992 2663 1068 2692 275.
1092 2672 1164 2703 sqq.
1190 2661 1300 2692 utitur.
1348 2662 1468 2696 Annus,
1494 2666 1664 2702 proventus

993 2721 1135 2748 annuus,
1160 2711 1232 2742 vide
1248 2711 1409 2742 Schwarz.
1426 2711 1466 2742 ad
1485 2710 1662 2742 Plin.Pan.

993 2761 1079 2792 xxix.
1096 2762 1126 2791 3.
