1809 3220
172 172 259 213 204
555 169 607 212 Ρ.
642 169 859 211 OVlDll
895 168 1182 211 NASONIS

172 290 310 354 Apta
327 289 452 352 jugo
478 287 648 335 cervix
676 303 775 334 non
801 294 881 334 est
905 285 1133 334 ferienda
1156 285 1349 345 securi3
1499 289 1599 335 415

241 367 407 423 Vivat,
435 372 487 414 et
512 364 562 413 in
587 365 714 413 dura
739 381 876 430 saepe
903 365 1099 413 laboret
1123 364 1293 412 humo.

174 445 350 509 Exigit
375 445 484 510 ipse
510 444 670 501 locus,
699 451 873 510 raptus
901 451 957 492 ut
981 443 1187 507 virginis
1213 443 1392 492 edam:

243 523 399 571 Plura
423 539 788 586 recognosces3

832 538 996 587 pauca
1020 521 1284 570 docendus
1311 522 1425 570 eris.

173 601 329 650 Terra
349 601 509 650 tribus
536 601 760 666 scopulis
786 608 984 650 vastum
1012 599 1262 666 procurrit
1282 599 1332 647 in
1358 616 1534 664 aequor

240 680 494 729 Trinacris
511 699 521 738 ;

564 698 593 729 a
618 680 788 746 positu
815 697 998 729 nomen
1025 680 1214 744 adepta
1238 679 1353 727 loci.
1499 682 1601 727 420

174 759 334 807 Grata
357 759 538 807 domus
566 759 769 808 Cereri:
810 759 996 808 multas
1024 759 1093 807 ibi
1120 758 1349 823 possidet
1374 758 1540 815 urbeS,

243 837 302 885 In
328 838 514 902 quibus
541 846 621 886 est
645 838 781 886 culto
807 838 983 886 fertilis
1012 836 1195 886 Henna
1220 837 1345 884 solo.

175 915 379 979 Frigida
399 916 665 964 coelestum
693 924 879 965 matres
908 915 1163 964 Arethusa
1187 922 1418 963 vocarat:

242 994 464 1044 Venerat
489 996 551 1044 ad
578 1012 746 1044 sacras
772 1003 823 1044 et
850 995 961 1044 Dea
986 995 1115 1043 flava
1139 994 1316 1058 dapes.

218 1121 293 1151 417.
306 1120 426 1160 Raptus
440 1121 627 1161 Proserpina
642 1131 714 1164 pars
730 1120 849 1163 gravis-

175 1169 254 1201 sima
270 1169 458 1213 hymnorum
476 1171 507 1202 in
523 1172 684 1208 Cererem,
701 1170 851 1213 idemque

176 1220 284 1252 multis
299 1221 492 1253 carminibus
508 1222 701 1253 celebratus.
734 1222 851 1254 Confer

174 1272 256 1302 Met.
278 1282 308 1302 v.
332 1272 393 1302 341
423 1283 494 1314 sqq.
542 1273 626 1303 Nam
654 1272 697 1304 ibi
723 1283 851 1315 quoque

175 1321 290 1352 Noster
305 1332 378 1352 eum
392 1321 607 1364 copiosissime
623 1322 754 1354 cecinit.
783 1323 850 1354 An-

174 1370 371 1413 tiquissimus
401 1378 511 1403 auctor
542 1371 643 1403 fuerat
674 1372 850 1414 Pamphus,

173 1431 268 1463 quem
304 1420 413 1463 hymni
441 1421 603 1453 Homerici
641 1422 674 1453 in
703 1422 850 1454 Cererem

172 1478 282 1503 auctor
297 1477 427 1503 secutus
442 1482 511 1503 esse
527 1471 661 1504 videtur.

220 1521 327 1563 Exigit
342 1522 402 1561 ipse
418 1522 510 1558 locus,
526 1521 586 1552 hac
600 1522 765 1554 occasione
779 1533 850 1554 nar-

172 1570 291 1602 randus
319 1577 368 1602 est
398 1571 475 1602 mihi
505 1577 625 1614 raptus.
674 1573 793 1604 Verum
824 1573 849 1604 si

172 1622 309 1658 abesset,
321 1632 383 1652 non
399 1631 589 1664 magnopere
606 1622 850 1660 desideraretur,

173 1682 272 1714 quum
294 1671 345 1703 hic
367 1671 407 1703 de
431 1682 561 1703 munere
585 1677 706 1703 tantum
728 1678 760 1704 et
780 1684 850 1715 pro-

173 1721 284 1754 merito
310 1722 435 1754 Cereris
456 1728 579 1764 agatur.
628 1722 738 1759 Edere,
764 1723 848 1754 indi-

172 1782 258 1809 care,
287 1782 425 1803 narrare.
474 1771 558 1803 Vide
587 1771 627 1803 ad
656 1772 791 1804 Metam.
818 1773 849 1804 ii.

172 1823 226 1854 43.

216 1872 358 1904 419.1n
385 1871 471 1914 hym.
498 1872 666 1903 Homerico
687 1873 718 1904 in
741 1872 849 1905 Ceret.

174 1922 225 1954 17.
241 1922 430 1964 Proserpina
454 1933 471 1953 e
495 1932 608 1964 campo
631 1923 742 1964 Nysae,
762 1923 847 1965 quod

174 1972 277 2004 Caria:-
293 1971 458 2014 oppidum,
471 1972 604 2014 rapitur.
630 1973 659 2003 V
663 1972 706 2004 id.
715 1978 746 2004 et
761 1974 848 2004 Stra-

171 2021 224 2058 bo,
240 2021 305 2052 xiv.
326 2032 360 2062 p.
377 2022 454 2052 969.
495 2020 560 2052 Alii
585 2019 618 2052 in
644 2021 766 2057 Attica,
793 2029 847 2053 aut

170 2071 202 2102 in
233 2070 369 2113 Cyllene
397 2070 547 2101 Arcadiae
581 2076 699 2107 monte,
731 2076 786 2102 aut
815 2072 846 2103 in

171 2122 268 2153 Creta
283 2121 316 2152 id
331 2120 450 2152 factum
466 2131 534 2152 esse
550 2121 732 2152 narrabant.
764 2121 847 2154 Vide

170 2170 278 2203 Schol.
295 2170 521 2213 Hesiodi,pag.
533 2171 610 2202 303.
628 2177 660 2202 et
675 2171 847 2213 Spanhem.

170 2221 211 2253 ad
227 2220 460 2252 Callimachum
477 2220 584 2252 Cerer.
599 2222 630 2252 9.
664 2221 780 2253 Noster
795 2221 846 2254 hic

170 2277 203 2303 et
225 2271 361 2302 Metam.
378 2281 410 2301 v.
433 2271 568 2302 Siciliam
594 2271 746 2313 praetulit.
794 2272 846 2304 Sic

170 2320 310 2364 plurimi,
330 2327 365 2351 ut
380 2320 506 2357 Cicero,
520 2321 611 2352 Verr.
627 2320 671 2352 iv.
689 2322 744 2352 48.
759 2322 814 2364 qui
829 2333 847 2354 e

171 2370 383 2402 monumentis
412 2370 535 2402 Graecis
573 2370 647 2402 huic
685 2371 846 2404 traditioni

170 2420 266 2452 fidem
288 2419 391 2456 addit,
409 2425 441 2451 et
462 2420 672 2452 Claudianus.
714 2422 766 2453 De
790 2433 844 2453 no-

170 2469 256 2501 mine
266 2469 382 2501 Siciliae
399 2469 533 2506 Plinius,
546 2469 592 2500 iii.
608 2471 646 2501 14
660 2483 666 2500 :
687 2476 709 2488 “
722 2471 844 2509 Sicilia,

170 2519 299 2552 Sicania
333 2518 514 2561 Thucydidi
551 2519 649 2557 dicta,
682 2521 846 2553 Trinacria

169 2569 327 2613 pluribus,
351 2569 521 2612 Triquetra
546 2580 565 2601 a
594 2570 752 2612 triangula
773 2582 844 2613 spe-

170 2620 257 2652 cie.’'
319 2620 454 2661 Scopuli,
482 2620 592 2662 ἄκραι,
619 2620 843 2663 promontoria,

171 2681 243 2714 quae
259 2681 351 2702 versu
368 2671 445 2702 479.
457 2677 682 2702 memorantur.
710 2672 843 2710 Positns,

169 2730 206 2754 ut
230 2722 307 2753 alibi
334 2724 422 2759 situs,
450 2721 560 2753 forma.
607 2721 710 2753 Grata
739 2724 844 2754 domus

172 2772 299 2810 Geren]
323 2771 448 2809 Cicero,
470 2770 558 2803 dicto
587 2771 675 2803 loco:
702 2773 841 2804 “Vetus

921 1125 969 1151 est
988 1119 1057 1150 haec
1077 1117 1195 1161 opinio,
1213 1129 1283 1161 quae
1306 1124 1432 1150 constat
1453 1128 1492 1150 ex
1516 1118 1597 1150 anti-

921 1168 1083 1212 quissimis
1099 1170 1284 1200 Graecorum
1300 1167 1400 1200 literis
1416 1174 1513 1211 atque
1533 1177 1599 1200 mo—

922 1219 1092 1255 numentis,
1110 1218 1245 1250 insulam
1270 1217 1387 1250 Siciliae
1409 1223 1507 1250 totam
1529 1229 1599 1250 esse

922 1270 1028 1302 Cereri
1053 1275 1085 1300 et
1102 1269 1221 1300 Liberae
1239 1274 1466 1300 consecratam.
1513 1268 1599 1300 Nam

921 1330 954 1351 et
976 1326 1068 1351 natas
1089 1329 1157 1351 esse
1174 1318 1231 1350 has
1246 1319 1278 1349 iu
1295 1318 1344 1350 his
1359 1318 1437 1350 locis
1451 1318 1553 1356 Deas,
1568 1325 1601 1350 et

921 1370 1027 1412 fruges
1057 1370 1089 1401 in
1119 1380 1158 1401 ea
1187 1375 1270 1400 terra
1300 1369 1436 1412 primum
1461 1375 1602 1412 repertas

920 1420 1126 1455 arbitrantur,
1147 1425 1179 1450 et
1208 1425 1330 1461 raptam
1356 1430 1424 1450 esse
1451 1419 1599 1450 Liberam

921 1480 959 1501 ex
986 1470 1181 1501 Ennensium
1209 1469 1370 1501 nemore.’'
1416 1469 1472 1501 Dii
1499 1470 1600 1507 urbe-r,

921 1521 953 1552 in
979 1520 1096 1563 quibus
1122 1520 1284 1563 praecipua
1312 1519 1463 1561 religione
1488 1519 1599 1552 colun-

921 1578 981 1608 tur,
1007 1573 1168 1612 possidere,
1189 1570 1297 1613 ibique
1321 1571 1460 1602 habitare
1482 1569 1596 1602 dicun—

919 1628 980 1653 tur.
1025 1621 1077 1653 Sic
1097 1627 1129 1653 et
1146 1621 1243 1652 Ilium
1257 1622 1363 1652 dictim
1383 1622 1500 1658 domus,
1518 1621 1599 1652 AEn.

919 1671 952 1702 ii.
983 1673 1059 1703 241.
1120 1671 1235 1702 Henna
1258 1678 1314 1702 aut
1339 1670 1442 1707 Enna,
1463 1671 1539 1713 quia
1565 1671 1598 1703 in

919 1721 1025 1753 media
1054 1721 1158 1752 insula
1187 1720 1260 1757 sita,
1285 1722 1448 1752 umbilicus
1472 1721 1597 1758 Sicilie,

919 1772 1069 1813 ὀμφαλὸς
1092 1772 1252 1808 Σικελίας,
1267 1770 1367 1802 dicta.
1415 1770 1487 1802 Cic.
1508 1770 1598 1803 dicto

918 1820 989 1853 loco
1003 1833 1010 1860 ;
1035 1820 1229 1853 Callimach.
1255 1820 1361 1852 Cerer.
1391 1821 1450 1860 15;
1474 1820 1597 1852 Diodo-

917 1882 970 1902 rus
985 1871 1083 1903 Sicul.
1095 1883 1125 1903 v.
1138 1882 1170 1913 p.
1187 1872 1265 1902 287.
1313 1871 1431 1902 Merito
1446 1876 1541 1914 poeta
1556 1881 1596 1903 ex

918 1922 1049 1953 urbibus
1077 1921 1194 1953 Siciliae
1223 1921 1369 1952 Hennam
1397 1920 1596 1964 potissimum

918 1971 1103 2002 nominavit.
1143 1971 1316 2002 Hennensis
1335 1970 1418 2002 enim
1437 1970 1526 2002 Ceres
1540 1981 1596 2014 per

917 2027 1016 2052 totam
1038 2020 1177 2052 Siciliam
1204 2021 1283 2052 mira
1306 2020 1468 2063 religione,
1490 2020 1597 2063 priva-

917 2071 972 2102 tim
1004 2082 1042 2103 ac
1070 2071 1212 2114 publice,
1242 2071 1431 2111 colebatur3
1467 2071 1594 2109 Cicero,

917 2121 1003 2153 dicto
1018 2121 1099 2153 loco.

961 2173 1036 2203 423.
1050 2171 1192 2203 Absente
1209 2178 1308 2204 matre
1323 2178 1414 2214 rapta
1428 2177 1476 2203 est
1490 2171 1592 2214 virgo.

916 2223 967 2254 De
985 2223 1289 2265 Arethusa‚fu·igido
1312 2223 1400 2254 sonte
1420 2222 1593 2265 Syracusa-

916 2283 985 2304 rum
1010 2272 1082 2304 vide
1107 2272 1194 2304 Met.
1215 2283 1246 2304 v.
1271 2273 1347 2304 409.
1393 2272 1472 2315 Ejus
1497 2272 1593 2304 fontis

916 2322 1070 2365 Nympha
1097 2333 1188 2354 sacra
1217 2322 1357 2354 faciebat
1381 2321 1528 2360 Deabus,
1555 2328 1592 2354 ut

916 2373 1007 2414 Virg.
1023 2374 1144 2415 Georg.
1162 2372 1204 2404 iv.
1215 2372 1291 2403 380.
1303 2372 1429 2414 Cyrene
1440 2372 1572 2404 Oceano
1583 2384 1594 2411 ;

915 2433 1010 2465 supra
1035 2422 1070 2454 ii.
1090 2423 1166 2454 247.
1185 2422 1330 2454 Phoebus
1352 2421 1444 2462 Jovi;
1469 2427 1502 2453 et
1523 2432 1591 2453 om-

915 2473 991 2504 nino
1006 2472 1062 2504 Dii
1078 2473 1215 2504 minores
1233 2471 1416 2515 majoribus.
1461 2471 1526 2509 Qui
1541 2481 1591 2504 sa·

915 2533 969 2554 cra
1005 2521 1138 2559 faciunt,
1168 2533 1276 2554 vocare
1307 2522 1386 2554 Deos
1420 2521 1592 2561 dicuntur;

914 2572 1028 2604 Horat.
1044 2573 1073 2603 Ι.
1091 2572 1155 2604 Od.
1171 2583 1246 2603 xxx.
1259 2573 1311 2603 2.:
1336 2583 1445 2604 vocans
1468 2578 1538 2604 ture
1559 2578 1590 2603 te

913 2624 1023 2654 multo.
1070 2623 1186 2654 Vocati
1202 2624 1360 2654 veniebant
1375 2622 1416 2654 ad
1431 2623 1533 2662 dapes,
1547 2621 1590 2654 de

913 2674 1030 2716 quibus
1058 2673 1099 2704 ad
1128 2673 1162 2704 ii.
1192 2674 1268 2705 362.
1295 2672 1430 2704 dictum.
1488 2671 1588 2703 Flam

911 2733 995 2765 saepe
1024 2723 1121 2755 Ceres
1141 2730 1273 2755 vocatur
1296 2732 1315 2754 a
1343 2722 1446 2754 colore
1472 2720 1589 2753 maturi

911 2773 1075 2805 frumenti.

1792 2149 1809 2297 ·-.1nden‹
1799 2063 1809 2141 :ud
1798 1903 1809 2055 Q,-
1804 1837 1809 1877 -,
