1809 3220
199 208 260 251 86
598 206 648 247 Ρ.
684 205 901 247 OVIDII
936 204 1222 247 NASONIS

190 325 327 373 Dum
352 325 491 380 latet,
519 322 737 370 intonuit
760 329 910 370 vento
936 337 1142 370 nemus:
1183 321 1270 370 illa
1295 321 1474 369 timore

256 402 441 458 Pallet,
469 407 521 449 et
546 400 756 448 hostiles
782 400 945 450 credit
970 399 1152 448 adesse
1178 416 1377 448 manus.

200 479 375 543 thue
402 479 513 526 sinu
539 485 714 526 natum
738 479 917 535 tenuit,
948 477 1240 526 Succurrite
1268 477 1542 543 Nymphae,

258 556 326 604 Et
351 556 442 603 Dis
469 554 716 603 auxilium
746 555 873 604 ferte
899 556 1117 611 duobus,
1146 555 1232 603 ait.

1510 557 1612 603 470

189 633 299 682 Nec
325 649 478 690 mora,
507 633 767 697 prosiluit3
810 633 988 682 Pisces
1014 634 1216 681 subiere
1241 632 1474 697 gemelli:

254 711 356 759 Pro
384 727 485 775 quo
510 727 661 767 nunc,
689 711 870 769 cernis,
898 711 1066 759 sidera
1091 726 1274 758 munus
1300 710 1506 758 habent.

187 789 314 838 Inde
340 789 482 837 nefas
507 788 702 836 ducunt
727 805 887 852 genus
914 790 1008 838 hoc
1035 790 1295 855 imponere
1320 788 1529 845 mensis,

253 867 302 915 N
308 883 365 915 ec
389 866 580 915 violant
603 865 767 914 timidi
794 866 1021 931 piscibus
1047 883 1135 915 ora
1164 866 1299 931 Syri.

185 945 466 993 PRox1MA
494 945 584 992 lux
607 961 768 993 vacua
791 952 871 993 est
892 963 902 994 :
944 953 996 994 at
1019 946 1169 994 tertia
1193 945 1332 993 dicta
1357 943 1600 1003 Quirin03

254 1022 355 1077 Qui
380 1029 520 1070 tenet
544 1023 640 1071 hoc
667 1039 869 1080 nomen,
900 1023 1150 1072 Romulus
1177 1031 1296 1071 ante
1320 1022 1431 1070 fuit.

1505 1025 1605 1071 476

188 1099 304 1148 Sive
331 1100 469 1164 quod
495 1101 644 1157 hasta
668 1101 801 1148 curis
828 1101 1008 1165 priscis
1035 1109 1115 1149 est
1139 1101 1279 1149 dicta
1305 1100 1527 1158 Sabinis,

253 1178 479 1226 Bellicus
507 1195 536 1226 a
561 1180 665 1228 telo
690 1180 829 1227 venit
853 1179 903 1227 in
931 1187 1066 1228 astra
1092 1180 1252 1236 Deus,

185 1255 301 1304 Sive
328 1273 474 1304 suum
500 1258 605 1321 regi
634 1273 818 1306 nomen
845 1275 1059 1322 posuere
1086 1258 1328 1314 Quirites,

253 1335 354 1383 Seu
381 1336 503 1400 quia
530 1336 774 1385 Romanis
794 1338 1036 1401 junxerat
1060 1337 1144 1386 ille
1172 1336 1352 1385 Cures.

179 1538 263 1581 conj.
280 1549 309 1569 os
328 1550 452 1580 quoque,
468 1550 532 1571 non
551 1545 674 1571 tantum
697 1541 852 1574 inferioris

177 1588 315 1631 corporis
339 1595 455 1631 partes,
481 1590 537 1621 sed
565 1595 597 1621 et
622 1597 729 1633 caput.
778 1592 853 1634 Tegi

177 1643 282 1669 autem
300 1646 404 1670 monet
420 1639 541 1671 dictum
557 1650 636 1677 esse,
650 1647 684 1672 ut
698 1641 769 1673 Liv.
786 1642 850 1673 xxi.

175 1688 234 1719 54:
261 1689 400 1720 “Locus
427 1689 527 1731 equiti
561 1700 687 1732 quoque
715 1691 850 1733 tegendo

176 1737 252 1769 satis
269 1738 478 1770 latebrosus.''

220 1787 297 1818 468.
322 1788 503 1819 Secundum
529 1788 649 1831 Hygia.
678 1789 712 1820 d.
738 1788 761 1820 l.
785 1790 847 1831 Ty-

174 1836 260 1879 phon
274 1847 383 1868 revera
400 1839 543 1881 apparuit
558 1851 564 1869 z
591 1850 654 1881 quo
670 1839 765 1876 facto,
782 1840 847 1871 Ve-

173 1897 232 1917 nus
258 1897 330 1918 cum
351 1887 416 1918 filio
442 1887 474 1918 in
500 1888 632 1919 fluvium
655 1900 687 1920 se
711 1889 847 1932 projicit,

173 1935 280 1978 ibique
297 1936 430 1977 figuram
454 1937 587 1978 piscium
613 1939 712 1969 forma
734 1945 848 1970 mutat.

173 1985 308 2022 Subiere,
324 1991 410 2026 tergo
427 1986 604 2018 sustinuere
620 1992 715 2029 atque
733 1998 846 2020 vexere

171 2034 271 2066 Deos.
317 2035 435 2071 Sidera,
456 2043 491 2066 ut
511 2036 626 2073 sidera,
643 2037 724 2068 inter
742 2037 846 2069 sidera

170 2084 274 2116 relati.
319 2085 442 2116 Passim
467 2086 564 2116 Ovid.
596 2087 713 2129 aliique
739 2095 842 2130 poetae

170 2137 268 2166 cernis
291 2141 323 2166 et
346 2137 436 2172 rides,
462 2136 532 2167 scil.
557 2143 590 2167 ut
611 2137 772 2176 δεικτικῶς
795 2139 842 2170 in-

169 2190 286 2216 serunt.
305 2185 410 2216 Genus
421 2187 483 2223 hoc,
498 2198 610 2230 nempe
622 2188 842 2221 animantium.

170 2234 260 2274 Syros
281 2234 414 2277 piscium
439 2247 494 2267 esu
520 2237 708 2269 abstinuisse
736 2238 842 2280 plures

169 2283 309 2315 tradunt.
355 2284 438 2316 Vide
458 2286 564 2328 Neap.
590 2287 696 2318 Etiam
722 2288 841 2330 llygin.

168 2332 200 2363 d.
216 2333 305 2364 loco:
334 2338 356 2350 “
368 2334 483 2376 Itaque
499 2335 602 2377 Syros,
621 2336 675 2378 qui
698 2337 746 2367 his
764 2338 842 2369 locis

168 2389 242 2413 sunt
257 2383 400 2424 proximi,
417 2384 577 2416 destitisse
593 2386 696 2428 pisces
711 2387 837 2423 esitare,

168 2432 255 2473 quod
274 2439 441 2464 vereantur
463 2444 516 2464 eos
536 2444 660 2476 capere,
685 2446 724 2466 ne
745 2437 840 2467 simili

164 2491 261 2512 causa
273 2487 328 2512 aut
344 2482 484 2513 Deorum
496 2483 640 2524 praesidia
654 2484 839 2527 impugnare

164 2531 343 2568 videantur,
374 2539 429 2563 aut
465 2544 518 2564 eos
555 2534 640 2575 ipsos
677 2536 839 2577 captare.''

165 2580 250 2612 Hinc
262 2587 412 2613 vocantur
428 2582 548 2619 Timidi,
559 2590 738 2615 reverentes
751 2585 839 2617 Deo-

165 2642 246 2663 rum.
280 2631 409 2669 molare,
425 2633 502 2674 quia
516 2633 589 2664 talis
605 2644 676 2665 esus
692 2635 841 2667 nefarius.

210 2681 395 2713 475—512.
420 2682 612 2720 Quirinalia,
628 2689 697 2726 post
712 2685 841 2716 Romuli

164 2741 333 2763 excessum
367 2731 522 2770 instituta,
552 2739 583 2765 et
613 2733 668 2764 xiii
699 2734 838 2767 Kalend.

1500 1338 1600 1384 480

920 1544 1017 1574 Mart.
1040 1543 1106 1574 sive
1129 1543 1181 1574 die
1209 1542 1285 1574 xvii.
1311 1543 1403 1574 Febr.
1423 1541 1598 1574 celebrata.

924 1592 1038 1629 Vacua,
1052 1603 1164 1636 nempe
1179 1592 1277 1624 sacris
1293 1591 1436 1634 adeoque
1449 1591 1600 1634 profesta.

920 1642 1026 1678 Dicta,
1043 1649 1241 1674 consecrata.
1271 1642 1423 1677 Quirinus
1434 1641 1549 1678 dictus,
1563 1647 1598 1672 ut

917 1692 1027 1731 Deus3
1056 1693 1216 1729 Romulus,
1233 1698 1268 1723 ut
1289 1691 1393 1723 homo.
1440 1691 1520 1723 Inde
1540 1691 1596 1724 Ci-

917 1752 999 1778 cero,
1027 1742 1120 1773 Offic.
1146 1742 1191 1773 iii.
1221 1742 1271 1773 10.
1293 1745 1313 1758 ‘⁴
1332 1741 1418 1783 quod
1439 1751 1518 1783 pace
1544 1740 1595 1774 vel

918 1792 1054 1829 Quirini,
1070 1792 1121 1823 vel
1139 1791 1274 1823 Romuli
1289 1791 1459 1823 dixerim.''
1495 1790 1594 1834 Apud

918 1841 1139 1878 Plutarchum,
1162 1841 1228 1873 vit.
1250 1841 1346 1872 Rom.
1366 1841 1421 1872 28.
1442 1840 1474 1872 in
1495 1840 1594 1872 collo-

917 1891 991 1933 quio
1007 1902 1080 1923 cum
1093 1891 1181 1923 Julio
1197 1891 1333 1923 Proculo
1349 1891 1415 1934 ipse
1434 1901 1467 1923 se
1485 1891 1593 1926 Quiri-

916 1953 989 1973 num
1005 1942 1157 1984 appellat.
1204 1942 1303 1973 Hasta
1319 1943 1413 1972 curis.
1458 1941 1590 1973 Festus:

918 1991 1044 2023 “Curis
1066 1990 1192 2022 Sabinis
1213 1996 1261 2022 est
1284 1990 1393 2022 hasta:
1420 1989 1505 2022 unde
1525 1990 1592 2022 Ro-

915 2042 1021 2073 mulus
1042 2041 1204 2079 Quirinus,
1221 2041 1275 2083 qui
1296 2051 1368 2072 eam
1390 2040 1524 2077 serebat,
1545 2047 1594 2072 est

912 2090 1049 2123 dictus.'’
1095 2090 1147 2121 Sic
1172 2096 1204 2122 et
1227 2092 1341 2126 Varro,
1367 2089 1532 2121 Plutarch.
1557 2096 1590 2122 et

912 2140 978 2172 alii.
1023 2140 1103 2172 Inde
1128 2147 1161 2172 et
1191 2140 1300 2172 Sabini
1325 2140 1464 2171 Martem
1489 2139 1590 2182 primo

914 2191 1078 2228 Cui-inum,
1093 2191 1211 2222 deinde
1229 2196 1333 2222 tractu
1350 2189 1500 2232 temporis
1512 2189 1591 2225 Qui-

912 2243 1012 2272 rinum
1033 2241 1246 2284 appellarunt.
1292 2240 1333 2271 In
1352 2247 1449 2276 astra,
1467 2239 1500 2270 in
1520 2250 1590 2272 coe-

910 2290 987 2322 lum.
1015 2291 1131 2328 Telum,
1147 2291 1247 2322 hasta.
1273 2289 1305 2321 Si
1319 2289 1407 2321 venit
1423 2290 1462 2321 ab
1480 2289 1583 2327 hasta,

910 2340 1055 2372 hastatus
1069 2341 1134 2372 dici
1152 2341 1285 2379 meruit;
1309 2339 1354 2370 iii.
1374 2340 1445 2370 186.
1462 2340 1584 2371 Romu-

909 2389 959 2420 lus
979 2402 994 2420 e
1014 2392 1128 2430 stipula
1153 2390 1185 2421 in
1205 2396 1291 2421 astra
1312 2388 1434 2420 venisse
1460 2389 1590 2421 dicitur.

909 2439 1133 2471 Sive—Cures.
1181 2439 1303 2476 Livius,
1316 2439 1337 2470 i.
1354 2440 1392 2470 13
1407 2452 1413 2469 :
1440 2443 1460 2456 “
1472 2439 1517 2470 Ut
1529 2440 1584 2470 Sa-

908 2488 990 2520 binis
1013 2495 1119 2521 tamen
1142 2488 1263 2531 aliquid
1287 2488 1426 2525 daretur,
1441 2487 1585 2526 Quirites

908 2548 927 2569 a
943 2539 1081 2570 Curibus
1101 2539 1287 2582 appellati.'’
1333 2538 1385 2569 Ab
1401 2538 1490 2570 initio
1506 2538 1584 2570 scri-

906 2587 1041 2619 bebatur
1074 2589 1207 2620 Curites.
1252 2588 1342 2619 Male
1371 2598 1444 2630 ergo
1473 2594 1522 2619 est
1550 2587 1583 2619 in

909 2637 1023 2668 nostris
1051 2637 1163 2680 Regiis
1190 2637 1289 2669 tribus
1321 2637 1427 2672 Quiris
1451 2639 1582 2677 priscis,-

908 2685 1001 2716 litera
1026 2686 1111 2718 enim
1135 2700 1151 2728 q
1179 2697 1242 2718 non
1265 2687 1436 2718 utebantur
1459 2685 1582 2718 Sabini.

908 2734 996 2766 Lm.
