1830 3220
553 160 906 204 PASTORUM
941 161 1060 204 LIB.
1097 161 1187 204 ΙΙΙ.
1502 165 1584 207 151

155 276 398 327 Protinus
424 278 673 326 invadunt
702 278 941 328 Numidae
968 279 1077 329 sine
1103 280 1304 329 vindice
1331 297 1562 344 regnum,

222 357 292 406 Et
317 358 508 423 potitur
532 365 685 423 capta
711 357 926 407 Maurus
954 358 1106 409 Iarba
1134 359 1319 417 domo;

155 437 329 502 Seque
364 454 557 486 memor
592 444 838 504 spretum,
873 437 1134 486 Thalamis
1166 445 1359 496 tamen,
1401 437 1583 503 inquit,

360 516 543 565 Elissae

227 593 306 642 En
332 611 445 659 ego,
474 611 630 659 quem
656 595 806 643 toties
833 595 1058 661 reppulit
1083 595 1187 652 illa,
1217 595 1369 645 fruor.

153 672 442 737 Diffugiunt
460 672 619 737 Tyrii,
642 689 745 737 quo
767 689 1027 738 quemque
1054 674 1161 738 agit
1181 690 1347 723 error:
1390 682 1445 722 ut
1466 675 1586 722 olim

221 752 427 800 Amisso
452 752 621 800 dubiae
648 768 768 815 rege
792 760 1040 816 vagantur
1066 769 1208 817 apes.

1490 756 1588 801 556

155 829 328 879 Tertia
354 831 623 879 nudandas
651 839 923 896 acceperat
949 848 1067 880 area
1095 848 1290 880 messes
1313 851 1323 889 ;

225 908 392 974 Inque
418 926 572 958 cavos
598 910 761 958 ierant
786 911 936 959 tertia
961 918 1132 959 musta
1155 911 1328 959 lacus:

155 987 373 1038 Pellitur
394 989 546 1038 Anna
564 988 739 1046 domo;
773 989 1169 1055 lacrymansque
1192 989 1382 1038 sororia
1400 989 1588 1054 linquit

225 1066 448 1126 Moenia3
491 1083 745 1132 germanae
766 1069 908 1132 justa
932 1069 1023 1116 dat
1049 1074 1167 1116 ante
1194 1084 1315 1116 suae.

1488 1071 1587 1117 560

156 1144 328 1195 Mixta
353 1146 538 1195 bibunt
563 1147 742 1195 molles
769 1147 1007 1213 lacrymis
1036 1155 1299 1211 unguenta
1323 1147 1535 1205 favillae3

223 1225 431 1275 Vertice
457 1226 641 1274 libatas
669 1226 1033 1292 accipiuntque
1057 1243 1247 1276 comas.

155 1303 376 1369 Terque,
405 1304 549 1361 Vale,
578 1304 731 1354 dixit:
773 1306 969 1354 cineres
996 1314 1073 1354 ter
1099 1306 1162 1354 ad
1189 1321 1276 1353 ora
1301 1306 1486 1354 relatos

226 1381 439 1440 Pressit,
467 1390 519 1432 et
543 1389 622 1432 est
647 1384 745 1431 illis
772 1384 879 1433 visa
904 1385 1118 1433 subesse
1145 1399 1300 1432 soror.

157 1461 327 1511 Nacta
341 1470 519 1520 ratem,
532 1463 878 1528 comitemque
894 1462 1045 1528 fugae,
1065 1464 1198 1528 pede
1213 1462 1402 1511 labitur
1418 1478 1583 1527 aequo,

223 1541 420 1591 Moenia
444 1542 740 1607 respiciens,
769 1542 920 1591 dulce
947 1542 1134 1591 sororis
1160 1558 1307 1607 opus.

201 1710 278 1742 552.
301 1709 354 1742 De
369 1708 472 1747 Iarba,
482 1708 751 1742 JovisAmmonis
761 1709 836 1747 filio,

156 1771 231 1802 rege
253 1760 478 1797 Numidarum,
495 1762 632 1801 despecto
655 1770 673 1791 a
696 1760 837 1798 Didone,

155 1810 229 1843 vide
249 1810 431 1853 Virgilium,
448 1812 526 1843 [ΕΠ.
542 1810 584 1843 iv.
601 1811 656 1842 36.
674 1811 736 1842 198
757 1822 837 1854 Sqq3

156 1861 333 1899 Justinum,
357 1861 448 1893 xviii.
476 1862 509 1893 6.
557 1861 741 1893 Secundum
768 1862 838 1893 Ser-

158 1911 257 1948 vium,
273 1911 362 1943 Dido
382 1912 504 1944 bellum
525 1912 565 1943 ab
581 1922 619 1944 eo
641 1918 787 1944 metuens
802 1923 836 1944 se

157 1963 344 1995 combussit.
363 1963 491 2000 Vindex,
505 1962 664 1994 defensor.
681 1963 718 1993 In
736 1964 836 1994 thalu-

156 2015 212 2045 mis
231 2013 320 2045 lusus
335 2019 395 2051 est,
411 2013 488 2055 quia
510 2014 639 2044 thalami
655 2019 687 2045 et
707 2012 747 2044 de
764 2023 838 2045 con-

151 2063 254 2106 jugio.
301 2064 464 2105 Reppulit,
492 2063 674 2107 repudiavit
711 2064 841 2106 nuptias

157 2114 227 2157 ejus
241 2119 416 2156 petentem.

200 2166 276 2197 555.
294 2164 610 2207 Error-‚perturbatio
619 2163 747 2196 mentis.
768 2163 839 2195 Ali-

156 2213 204 2249 bi,
229 2226 290 2255 qua
307 2216 437 2256 impetus
459 2217 526 2257 ugit
551 2219 607 2246 aut
631 2215 739 2246 trahit.
787 2214 838 2246 De

157 2266 265 2305 apibus
281 2263 396 2308 Virgil.
413 2265 531 2307 Georg.
547 2264 589 2296 iv.
604 2265 681 2296 213.
723 2265 840 2296 Amisso

156 2327 227 2358 rege
257 2327 369 2356 rupere
386 2316 497 2357 fidem.
543 2314 747 2358 Comparatio
776 2326 839 2346 non

157 2366 268 2405 mala3
294 2366 413 2398 etenim
440 2366 598 2408 “Regem
623 2376 687 2397 non
709 2365 754 2396 sic
781 2367 839 2396 ΞΕ-

157 2419 288 2460 gyp'tus,
308 2428 367 2449 nec
385 2416 499 2458 ingens
521 2416 637 2459 Lydia,
654 2426 712 2447 nec
729 2416 839 2459 populi

157 2466 350 2499 Parthorum
387 2466 594 2504 observant‚'’
629 2476 726 2508 quam
764 2476 841 2509 apes

158 2528 265 2550 suum.

203 2569 282 2599 557.
307 2566 474 2599 Annorum
490 2577 641 2599 numerus
653 2577 671 2598 a
684 2567 840 2598 messibus

159 2623 192 2649 et
217 2618 351 2657 mustis,
387 2617 433 2649 sic
457 2623 489 2649 et
513 2617 651 2649 Metam.
673 2616 741 2649 xiv.
766 2618 840 2649 146.

161 2668 273 2700 Messes
294 2679 380 2700 nunc
404 2673 478 2700 sunt
492 2678 604 2710 grana,
621 2678 693 2709 quae
715 2669 840 2699 nudan-

161 2726 227 2757 tur,
257 2729 357 2761 quum
382 2718 477 2762 palea
506 2722 678 2750 exuuntur.
727 2717 842 2755 Lacus,

162 2769 241 2802 alibi
253 2771 352 2807 labra,
368 2780 445 2801 vasa
462 2768 502 2801 ad
518 2768 736 2811 recipiendum
752 2780 839 2800 mus·

1487 1543 1585 1589 566

907 1716 987 1742 tum.
1033 1709 1133 1752 Apud
1164 1709 1278 1742 Silium
1307 1709 1405 1740 Anna
1435 1708 1590 1741 maturius

908 1761 1000 1803 fugit,
1018 1761 1117 1801 tepido
1133 1759 1239 1791 adhuc
1255 1758 1368 1791 sororis
1382 1771 1468 1802 rogo.

953 1812 1030 1844 561.
1046 1811 1161 1848 Mina,
1178 1811 1261 1852 etc.]
1287 1811 1357 1842 Hoc
1370 1809 1510 1842 suaviter
1522 1810 1590 1842 dic-

909 1869 989 1893 tum.
1037 1861 1088 1892 Cf.
1109 1872 1140 1892 v.
1159 1862 1247 1899 454;
1273 1860 1386 1892 Horat.
1401 1860 1448 1892 11.
1468 1859 1533 1891 Od.
1549 1859 1589 1893 vi.

906 1914 961 1944 22.
985 1916 1006 1929 “
1019 1911 1069 1943 Ibi
1087 1917 1121 1943 tu
1143 1911 1304 1943 calentem
1319 1910 1443 1942 Debita
1459 1921 1591 1953 sparges

907 1964 1051 2006 lacryma
1066 1961 1212 1993 favillam
1229 1961 1323 1994 Vatis
1339 1961 1467 1993 amici.''
1492 1961 1589 1993 Cine-

909 2024 958 2044 res
978 2012 1130 2044 collectos
1150 2022 1214 2043 non
1236 2010 1389 2055 lacrymis
1408 2011 1514 2048 modo,
1532 2011 1589 2043 sed

910 2069 943 2096 et
958 2063 1109 2095 odoribus
1125 2062 1262 2105 vinoque
1283 2061 1414 2104 irrigare
1440 2072 1588 2094 nonnun-

910 2125 1007 2157 quam
1030 2113 1179 2145 solebant
1192 2126 1201 2154 ς
1223 2112 1372 2145 Kirchm.
1390 2112 1432 2144 de
1457 2112 1589 2145 Funeri-

908 2165 968 2196 bus
1005 2165 1148 2196 Roman.
1178 2175 1210 2207 p.
1240 2165 1316 2196 365.
1374 2163 1503 2201 Libatae,
1541 2174 1589 2196 re-

908 2220 1019 2252 sectae,
1049 2215 1090 2246 de
1119 2217 1233 2246 vertice
1255 2225 1355 2246 comae
1379 2214 1430 2246 vel
1456 2214 1589 2246 tumulis

908 2265 1028 2308 imponi
1056 2265 1214 2302 solebant,
1239 2265 1291 2297 vel
1317 2264 1393 2296 addi
1420 2264 1591 2297 cineribus.

908 2316 1015 2348 Etiam
1031 2317 1134 2347 oscula
1153 2316 1284 2347 mortuis
1301 2321 1334 2347 et
1353 2315 1514 2348 cineribus
1532 2315 1590 2348 da-

907 2367 1037 2398 bantur.

952 2417 1031 2448 565.
1054 2417 1093 2447 In
1110 2427 1192 2448 nave
1204 2418 1293 2457 pedes
1311 2421 1386 2448 sunt
1401 2415 1502 2453 funes,
1519 2416 1590 2458 qui-

897 2467 970 2499 ·bus
990 2466 1156 2498 interiores
1173 2467 1236 2498 veli
1253 2466 1364 2508 anguli
1384 2477 1493 2499 versus
1508 2477 1588 2510 pup-

909 2517 976 2560 pim
1001 2518 1183 2550 trahuntur.
1231 2517 1313 2548 Inde
1335 2519 1461 2558 pedibus
1483 2520 1587 2559 (equis,

910 2567 976 2599 leni
1000 2573 1118 2607 vento3
1149 2567 1218 2599 Cic.
1246 2567 1349 2599 Attio.
1375 2569 1444 2599 xvi.
1474 2569 1505 2599 6.
1536 2566 1591 2598 ubi

909 2617 983 2650 vide
1002 2618 1192 2658 Graevium;
1217 2619 1295 2649 AEn.
1314 2616 1360 2648 iv.
1376 2619 1455 2649 587.
1476 2628 1532 2659 pro
1553 2627 1590 2647 eo

910 2675 970 2705 est,
995 2669 1164 2711 “aequatis
1185 2669 1319 2701 classem
1344 2668 1514 2711 procedere
1538 2678 1591 2699 ve-

910 2719 983 2751 lis.''
1030 2719 1152 2751 Mirum
1182 2730 1257 2761 ergo
1287 2724 1346 2755 est,
1376 2718 1480 2760 ipsum
1505 2719 1589 2749 Bur-

911 2779 1064 2801 mannum
1080 2768 1140 2800 hoc
1156 2769 1226 2800 loco
1241 2768 1382 2799 haesisse.
