1830 3220
569 191 643 234 IN
676 192 892 235 OVIDII
925 191 1086 234 IBIN.
1450 191 1537 233 525

623 351 893 400 CAPUT
944 351 1046 399 III.

124 487 446 518 ARGUMENTUM
470 490 664 518 LIBELLI.
714 490 867 521 QUARE
896 490 1212 519 CALLIMACHUS
1244 492 1537 523 APOLLONIUM

182 559 320 586 IBIDIS
343 560 524 587 NOMINE
548 560 823 596 DEVOVERIT,
847 560 1030 587 CONTRA
1052 561 1318 599 MINUTIANI,
1341 564 1539 600 ALCIATI,

184 626 415 664 BISClOLAE,
439 628 495 655 ET
526 628 731 655 ALIORUM
767 628 1076 656 SENTENTIAM.
1130 630 1322 658 JOANNIS
1353 632 1540 660 MEURSII

185 696 360 725 LAPSUS.
394 697 677 725 PHILIPPICAE.
711 697 818 725 ALIA
840 698 966 725 SCITU
989 698 1146 726 DlGNA.

129 797 422 859 OVIDIUS
457 815 534 857 hoc
569 816 710 857 libello
748 817 892 858 nescio
926 832 1055 872 quem
1091 818 1169 858 sub
1207 818 1342 860 Ibidis
1373 820 1545 862 nomine

129 885 332 941 graphice
355 892 611 927 exornatum
639 886 756 927 Diris
783 887 993 928 devovet:
1027 901 1157 928 causa
1184 887 1343 941 triplex
1363 889 1416 929 ab
1438 889 1548 944 ipso-

131 961 220 995 met
241 955 430 996 affertur.
484 954 575 995 Ibis
594 955 745 996 Ovidii
767 970 920 996 nomen
947 956 1106 1010 ubique
1128 956 1368 998 maledictis
1389 957 1548 999 lacera-

131 1023 219 1072 bat,
254 1023 483 1077 ipsumque
511 1023 555 1064 in
584 1023 787 1064 invidiam
815 1029 945 1078 atque
980 1025 1124 1065 odium
1158 1026 1273 1078 apud
1303 1024 1551 1081 Augustum

132 1092 327 1141 vocabat,
351 1107 436 1147 quo
468 1092 628 1133 diutius
649 1093 794 1134 Tomis
817 1093 1088 1134 exsulantem
1112 1100 1427 1143 remoraretur3
1460 1101 1550 1136 tum

133 1163 227 1217 ejus
249 1177 429 1203 uxorem
450 1163 694 1217 importune
722 1163 990 1205 sollicitabat.
1053 1163 1275 1205 Praeterea
1299 1164 1449 1206 Ovidii
1469 1166 1554 1207 for-

135 1232 249 1273 tunis
279 1231 460 1280 inhians,
483 1231 621 1286 ipsum
653 1233 706 1272 ad
736 1238 974 1273 extremam
997 1232 1183 1287 inopiam
1205 1232 1404 1287 redigere
1427 1248 1553 1274 cona-

135 1300 275 1342 batur.
327 1301 470 1342 Omne
499 1307 648 1342 votum
682 1301 725 1342 in
763 1302 979 1356 suppliciis
1011 1307 1056 1342 et
1090 1301 1311 1350 mortibus,
1347 1308 1396 1343 ut
1429 1303 1557 1344 modo

136 1369 358 1418 dicebam;
389 1369 522 1423 idque
553 1369 806 1411 Callimachi
837 1370 1091 1418 imitatione,
1114 1370 1188 1424 qui
1215 1370 1258 1411 in
1279 1369 1558 1424 Apollonium

139 1437 376 1486 Rhodium,
398 1437 791 1493 Argonauticorum
827 1439 1094 1492 scriptorem,
1120 1438 1256 1479 Ibidis
1283 1439 1453 1480 nomine
1482 1455 1556 1481 no-

138 1513 288 1554 tatum,
312 1506 502 1547 libellum
525 1506 710 1561 scripsit,
734 1508 789 1548 de
807 1522 892 1562 quo
912 1507 1070 1548 Suidas
1094 1508 1136 1549 in
1162 1510 1404 1557 Καλλίμαχος.
1452 1507 1560 1547 ’Ἐστι

139 1581 174 1616 δὲ
206 1580 336 1627 ποίημα
368 1578 663 1627 ἐπιτετηδευμένον
697 1582 742 1621 εἰς
774 1581 952 1628 ἀσάφειαν
981 1581 1041 1616 καὶ
1071 1581 1246 1630 λοιδορίαν,
1279 1580 1326 1625 εἵς
1356 1599 1436 1619 τινα
1453 1580 1559 1630 Ἶβιν,

139 1647 313 1696 γενόμενον
332 1649 448 1696 ἐχθρὸν
467 1651 526 1683 τοῦ
547 1648 792 1694 Καλλιμάχου·
814 1644 852 1692 ’ἦν
878 1647 913 1683 δὲ
938 1646 1029 1690 οὗτος
1052 1651 1284 1693 Ἀπολλώνιος,
1306 1653 1320 1688 o‘
1350 1654 1493 1701 ’γράψας
1511 1657 1560 1691 τὰ

141 1718 403 1766 Ἀργοναυτικά.
462 1720 489 1736 “
516 1714 596 1754 Est
625 1719 768 1754 autem
793 1728 950 1767 poema
972 1715 1026 1754 de
1047 1714 1259 1756 industria
1279 1719 1563 1772 compositum

143 1789 342 1835 obscure,
367 1783 592 1826 continens
615 1782 968 1823 contumeliosam
993 1782 1321 1826 insectationem
1350 1786 1394 1826 in
1416 1801 1565 1841 quem-

146 1859 244 1899 dam
272 1855 386 1903 Ibin,
411 1853 485 1908 qui
508 1852 651 1892 fuerat
679 1851 877 1892 inimicus
900 1850 1176 1893 Callimachi:
1210 1860 1303 1894 erat
1324 1860 1470 1896 autem
1499 1856 1566 1898 hic

146 1925 419 1982 Apollonius,
441 1922 513 1964 ille
537 1921 612 1976 qui
629 1920 926 1975 Argonautica
948 1920 1155 1975 scripsit.’'
1203 1922 1352 1970 Quare
1372 1924 1567 1979 dejerare

148 1996 282 2038 ausim
315 1990 567 2035 Callimachi
596 2003 758 2036 maneS,
784 1989 971 2029 eundem
994 1989 1271 2044 Apollonium
1301 2006 1412 2042 esse,
1440 2009 1569 2048 quem

147 2066 220 2107 ille
254 2064 411 2120 hymno
441 2066 486 2106 εἰς
509 2059 725 2104 Ἀπόλλωνα,
757 2057 891 2112 ipsam
924 2057 1130 2100 invidiam
1158 2059 1348 2108 αὐξητικῶς
1380 2065 1571 2119 appellat

150 2135 214 2176 his
240 2132 457 2175 versibus:

311 2229 353 2261 ‘O
373 2222 490 2274 φθόνος
507 2220 715 2262 ’Λπόλλωνος
735 2223 786 2256 ἐπ’
800 2219 911 2255 οὔατα
931 2221 1065 2269 λάθριος
1085 2216 1187 2256 ἔῖπεν·

313 2293 384 2325 Οὐκ
404 2287 547 2336 ἄγαμαι
567 2286 624 2321 τὸν
643 2286 763 2327 ἀοιδὸν,
782 2282 816 2327 ἲς
836 2286 898 2320 οὐδ’
920 2284 986 2320 ὅσα
1001 2284 1117 2327 πόντος
1136 2287 1255 2323 ἀείδει.

314 2355 377 2390 Τὸν
396 2351 514 2402 φθόνον
531 2349 710 2386 ζΩττόλλων
730 2350 801 2385 ποδὶ
821 2353 854 2384 τ’
873 2347 1017 2393 ἤλασεν,
1038 2347 1098 2385 ιῖδε
1117 2354 1149 2385 τ’
1170 2349 1290 2388 ἔειπεν·

312 2418 491 2466 Ἀσσυρίου
510 2418 675 2461 ποταμοῖο
694 2414 806 2462 μέγας
824 2414 902 2463 ῥόος,
924 2413 1023 2450 ἄλλα
1042 2416 1091 2450 τὰ
1110 2418 1226 2451 πολλὰ

318 2484 472 2530 Λύματα
489 2482 551 2528 ’γῆς
570 2479 629 2515 καὶ
649 2480 772 2514 πολλὸν
792 2482 841 2527 ἐφ’
862 2479 962 2514 ὕδατι
983 2479 1152 2528 συρφετὸν
1170 2478 1275 2516 ἕλκει.

319 2550 405 2591 Δηοῖ
419 2546 445 2580 δ’
467 2548 523 2580 οὐκ
542 2544 608 2579 ἀπὸ
629 2543 755 2585 παντὸς
774 2544 856 2592 ὕδωρ
876 2542 1025 2591 φορέουσι
1045 2542 1243 2587 Μέλισσαι,

318 2614 416 2648 Ἀλλ’
438 2609 511 2654 ἥτις
530 2608 664 2657 καθαρῆ
682 2624 722 2643 τε
742 2608 802 2643 καὶ
821 2610 1018 2656 ἀχράαντος
1037 2606 1184 2655 ἀνέρπει,

323 2676 475 2716 Πίὸακος
494 2670 532 2715 ἐξ
553 2675 636 2722 ἱερῆς
653 2672 749 2719 ὀλίγη
770 2672 912 2716 στιβὰς,
933 2670 1033 2722 ἄκρον
1052 2670 1172 2707 ἄωτον·

324 2743 431 2789 Χαῖρε
451 2735 552 2780 ἄναξ·
573 2739 587 2773 ὃ
609 2736 644 2772 δὲ
663 2740 801 2782 Μῶμος,
822 2736 860 2771 ἵν’
880 2738 895 2772 o‘
915 2735 1037 2784 φθόρος,
1058 2733 1140 2772 ἔνθα
1158 2734 1272 2771 νέοιτο.
