1830 3220
572 185 927 229 FASTORUM
961 185 1084 228 LIB.
1120 186 1204 230 IV.

1524 189 1611 232 2:23

179 302 285 350 Aut
310 302 496 351 virides
523 304 731 360 malvas,
761 311 848 352 aut
873 302 1055 367 fungos
1081 303 1272 368 colligit
1297 304 1470 362 albos3

248 380 355 429 Aut
381 382 623 430 humilem
652 389 794 445 grato
820 382 1025 430 calfacit
1051 382 1168 446 igne
1193 382 1381 431 focum.

179 458 246 508 Et
271 468 442 508 tamen
469 460 688 508 assiduis
715 468 925 509 exercet
950 461 1160 509 brachia
1185 461 1330 518 telis3

248 538 639 602 Adversumque
666 539 828 587 minas
856 539 1053 601 frigoris
1081 555 1221 587 arma
1245 546 1405 604 parat.

1510 542 1608 587 700

180 617 339 665 Filius
366 618 517 681 hujus
541 624 650 665 erat
675 616 837 682 primo
862 617 1081 665 lascivus
1108 618 1158 664 in
1186 634 1321 676 aevo;

247 696 636 760 Addideratque
660 713 818 744 annos
839 697 902 744 ad
927 697 1028 743 duo
1054 696 1214 743 lustra
1239 696 1385 744 duos.

179 773 230 822 Is
257 775 395 839 capit
420 775 637 823 extremi
663 775 867 839 vulpem
894 775 988 822 sub
1015 774 1144 822 valle
1172 773 1367 821 salicti:

246 852 545 901 Abstulerat
572 853 757 901 multas
785 853 870 900 illa
894 852 1118 900 cohortis
1145 869 1292 909 aves3

180 930 450 996 Captivam
478 932 668 997 stipula
692 931 932 996 foenoque
958 931 1181 987 involvit,
1210 938 1262 978 et
1286 930 1429 993 ignes

1511 933 1608 978 705

246 1011 531 1060 Admovet:
577 1018 779 1060 urentes
808 1011 986 1074 effugit
1011 1010 1098 1058 illa
1122 1025 1320 1058 manus.

179 1088 295 1144 Qua
320 1089 466 1152 fugit,
495 1089 723 1137 incendit
748 1089 958 1137 vestitos
987 1088 1240 1135 messibus
1268 1102 1446 1150 agros3

247 1167 523 1215 Damnosis
549 1168 680 1216 vires
707 1167 912 1231 ignibus
939 1184 1062 1216 aura
1086 1167 1258 1214 dabat.

1383 1166 1609 1229 [captam

180 1245 394 1294 Factum
434 1245 587 1304 abiit;
632 1254 962 1294 monumenta
1008 1252 1244 1294 manent:
1286 1260 1404 1291 nam
1443 1243 1610 1291 vivere

248 1324 400 1373 Nunc
429 1341 636 1389 quoque
662 1326 745 1373 lex
771 1326 978 1390 vulpem
997 1324 1311 1373 Carseolana
1334 1329 1489 1370 vetat.
1512 1325 1610 1370 710

180 1403 360 1468 thue
381 1403 489 1451 luat
514 1420 692 1469 poenas
719 1421 844 1468 gens
870 1404 996 1460 haec,
1028 1402 1328 1452 Cerealibus
1355 1401 1527 1460 ardet3

249 1482 470 1547 Quoque
495 1483 648 1531 modo
674 1489 876 1546 segetes
903 1481 1141 1547 perdidit,
1170 1481 1283 1546 ipsa
1308 1480 1456 1545 perit.

177 1562 443 1610 POSTERA
473 1579 633 1626 quum
660 1563 845 1619 veniet,
873 1569 1032 1610 terras
1059 1561 1225 1608 visura
1252 1565 1504 1624 patentes,

246 1640 540 1690 Memnonis
566 1642 618 1689 in
644 1641 804 1689 roseis
830 1641 970 1688 lutea
994 1647 1156 1687 mater
1181 1638 1357 1702 equis:

178 1719 221 1767 E
247 1720 380 1768 duce
405 1719 616 1784 lanigeri
642 1719 859 1784 pecoris,
889 1718 979 1783 qui
1006 1716 1230 1782 prodidit
1257 1715 1461 1772 Hellen,
1509 1717 1606 1762 715

248 1798 338 1847 Sol
365 1798 471 1847 abit
493 1816 502 1847 :
545 1815 753 1863 egresso
778 1798 985 1846 victima
1011 1797 1170 1860 major
1197 1794 1360 1843 adest.

175 1980 206 2013 vi
217 1983 331 2014 malvae
345 1982 487 2014 salubres
503 1982 662 2025 corpori.’'
675 1983 727 2014 ubi
741 1983 858 2015 rustica

119 2051 125 2055 -
171 2037 194 2050 “
213 2032 345 2064 Sacrum
370 2032 505 2063 vetustis
529 2032 666 2064 exstruit
690 2032 785 2073 lignis
811 2032 857 2064 fo—

176 2093 250 2114 cum
266 2082 355 2114 Lassi
370 2084 428 2115 sub
446 2083 620 2114 adventum
637 2082 731 2114 viri.''
758 2082 855 2114 Exer-

176 2139 235 2169 cet,
258 2139 417 2175 occupata
440 2139 539 2165 tenet.
576 2133 622 2165 Ut
643 2133 695 2165 hic
718 2133 858 2171 lanifica,

173 2182 219 2214 sic
236 2183 372 2214 Metam.
385 2194 438 2215 xv.
458 2184 535 2215 471.
552 2182 620 2214 ovis
635 2187 657 2201 ‘⁸
672 2183 858 2215 horriferum

176 2239 291 2265 contra
306 2233 432 2265 Borean
449 2244 537 2265 arma
554 2233 746 2264 ministrat.'’

220 2284 296 2315 703.
326 2283 624 2320 Extremi-——salicti,
651 2283 683 2314 in
715 2288 859 2315 extrema

176 2333 269 2365 vallis
299 2339 389 2375 parte
419 2333 533 2365 salicto
562 2332 678 2365 obsita.
735 2333 858 2370 Cohors,

178 2394 262 2415 cors.
278 2384 371 2415 Varr.
387 2383 427 2415 de
449 2384 501 2415 Re
517 2383 668 2419 Rustica,
687 2383 731 2415 iii.
748 2385 798 2415 3.:
826 2386 857 2414 in

174 2435 273 2474 plano
295 2433 409 2469 cohors,
425 2435 460 2464 in
480 2445 540 2474 qua
561 2435 766 2474 pascebantur
788 2435 857 2476 gal-

179 2485 264 2515 linae.
298 2482 439 2515 Gallinae
456 2494 541 2514 nunc
565 2494 634 2514 aves
653 2483 804 2515 dicuntur
826 2488 860 2514 ut

177 2534 308 2578 ὄρνιθες
324 2532 461 2565 Graecis.

223 2586 299 2617 709.
323 2584 416 2616 Facti
439 2584 526 2616 illius
549 2584 605 2616 diu
625 2583 778 2627 praeteriti
799 2597 860 2617 mo-

173 2642 323 2667 numenta
344 2641 483 2666 manent.
532 2635 736 2666 Monumenza
752 2640 858 2667 autem

172 2686 280 2727 legem
304 2684 469 2727 intelligit,
485 2684 537 2716 eui
562 2684 683 2717 factum
705 2685 859 2727 originem

176 2735 279 2773 dedit,
304 2746 443 2778 quaeque
473 2734 553 2767 adeo
576 2735 763 2767 memoriam
792 2735 860 2778 ejus

174 2791 298 2818 servat.

973 1981 1160 2013 7131-720.
1175 1979 1255 2012 XII.
1269 1979 1406 2010 Kalend.
1425 1979 1528 2009 Maias
1541 1977 1607 2010 sive

928 2033 980 2064 die
996 2044 1049 2063 xx.
1062 2031 1165 2074 April.
1190 2031 1240 2061 Soc
1257 2042 1291 2061 ex
1305 2031 1409 2061 Ariete
1425 2031 1457 2060 in
1473 2029 1612 2060 Taurum

934 2084 1059 2119 transit,
1084 2081 1171 2124 quod
1196 2080 1383 2112 Gassendus
1413 2079 1514 2122 pridie
1544 2078 1611 2110 fieri

928 2132 1034 2164 docet.
1086 2131 1214 2162 Aurora
1245 2130 1341 2162 etiarn
1366 2131 1506 2161 Metam.
1539 2129 1609 2162 xiii.

929 2184 1005 2215 579.
1025 2182 1196 2213 Memnonis
1211 2182 1294 2212 lutea
1307 2187 1417 2217 mater,
1430 2185 1463 2212 et
1478 2179 1612 2222 passim,

928 2240 963 2265 ut
984 2234 1068 2264 Met.
1086 2231 1139 2264 vii.
1157 2232 1232 2263 703.
1253 2232 1349 2268 lutea,
1366 2230 1469 2262 scilic.
1484 2241 1608 2269 crocea,

929 2288 1060 2316 vocatur
1082 2294 1101 2314 a
1128 2284 1207 2318 luto,
1237 2281 1343 2313 herbae
1367 2291 1497 2323 genere,
1517 2281 1609 2324 cujus

928 2344 1025 2366 succo
1052 2334 1143 2364 flavae
1164 2331 1349 2364 inficiuntur
1365 2337 1481 2363 vestes.
1526 2331 1609 2362 Tum

928 2388 963 2416 in
992 2387 1083 2416 roseis
1107 2383 1259 2426 fulgebat
1289 2383 1374 2414 lutea
1405 2383 1481 2424 bigis
1511 2382 1608 2413 etiam

929 2434 1060 2466 AEneid.
1087 2433 1142 2465 vii.
1170 2434 1224 2464 26.
1270 2432 1434 2475 Respectu
1468 2431 1610 2462 siderum

928 2484 1184 2529 despectantium
1203 2490 1292 2515 terrae
1307 2488 1394 2515 recte
1410 2488 1546 2523 patentes
1561 2481 1609 2512 di-

929 2542 1056 2568 cuntur.
1103 2536 1220 2566 Arietis
1235 2533 1360 2576 signum
1383 2531 1552 2575 descripsit
1569 2542 1607 2563 ex

930 2585 1053 2628 mytho,
1067 2595 1163 2627 quem
1183 2583 1228 2615 iii.
1245 2584 1308 2615 867
1325 2594 1396 2625 sqq.
1409 2582 1528 2621 habes;
1551 2581 1608 2612 sed

931 2646 1032 2679 quum
1051 2635 1148 2666 Tauri
1171 2633 1260 2666 sidus
1284 2635 1440 2665 victimam
1463 2634 1609 2672 mqjorem

927 2691 1036 2722 vocat,
1054 2684 1131 2727 quia
1150 2689 1261 2716 taurus
1279 2682 1398 2715 animal
1421 2682 1454 2713 in
1469 2679 1608 2713 victimis

929 2736 1102 2780 majoribus
1121 2741 1179 2772 est,
1195 2739 1371 2776 argutatur.
