1830 3220
196 215 251 254 10
588 210 639 253 Ρ.
675 208 891 252 OVIDII
926 206 1211 250 NASONIS

201 328 312 376 Ede
338 327 482 375 simul
511 341 732 381 causam,
761 341 848 373 cur
873 324 937 371 de
962 322 1255 371 coelestibus
1282 336 1427 376 unus,

273 405 455 468 Sitque
481 403 617 467 quod
644 419 673 450 a
697 409 855 465 tergo,
885 401 1051 464 sitque
1078 399 1214 464 quod
1242 405 1378 454 ante,
1403 396 1563 444 vides.

201 482 327 529 Haec
354 498 448 544 ego
475 497 632 544 quum
660 479 839 526 sumtis
866 479 1110 541 agitarem
1138 484 1307 549 mente
1333 474 1552 528 tabellis,

272 558 507 605 Lucidior
530 557 638 604 visa
663 563 756 611 est,
786 571 938 618 quam
964 555 1058 602 fuit
1083 561 1216 609 ante,
1244 554 1440 600 domus.

203 634 333 683 Tum
360 651 518 690 sacer,
546 633 754 697 ancipiti
782 633 1040 680 mirandus
1066 631 1302 694 imagine,
1329 628 1359 676 J
1365 645 1490 676 anus
1551 629 1615 675 95

273 712 404 760 Bina
428 728 609 776 repens
636 710 796 758 oculis
824 710 1006 757 obtulit
1030 726 1117 757 ora
1141 709 1283 756 meis.

207 789 492 853 Obstupui3
535 788 774 852 sensique
801 794 937 834 metu
962 787 1175 850 riguisse
1201 785 1444 849 capillos;

276 866 344 914 Et
368 867 592 929 gelidum
619 866 784 913 subito
809 864 992 927 frigore
1017 872 1198 929 pectus
1224 870 1347 911 erat.

207 944 301 992 Ille
326 951 505 993 tenens
530 945 711 992 dextra
735 944 989 1000 baculum,
1019 944 1313 1005 clavemque
1341 940 1559 994 sinistra,

277 1022 453 1070 Edidit
476 1023 567 1070 hos
593 1022 739 1070 nobis
765 1038 850 1070 ore
875 1023 1040 1086 priore
1068 1037 1217 1069 sonos
1239 1038 1248 1068 :
1527 1021 1621 1066 100

211 1099 383 1155 Disce,
410 1106 548 1147 metu
574 1099 755 1164 posito,
782 1106 922 1147 vates
948 1115 1160 1163 operose
1186 1098 1399 1153 dierum,

281 1176 430 1232 Quod
455 1177 605 1241 petis,
633 1184 686 1224 et
710 1193 860 1225 voces
887 1176 1092 1241 percipe
1118 1183 1289 1224 mente
1314 1190 1472 1222 meas.

213 1253 302 1302 Me
329 1254 498 1302 Chaos
522 1254 734 1318 antiqui,
762 1270 879 1302 nam
905 1270 984 1302 res
1011 1270 1122 1301 sum
1148 1253 1332 1318 prisca,
1353 1252 1619 1300 vocabant.

281 1331 523 1397 Adspice,
552 1349 704 1397 quam
728 1333 865 1396 longi
889 1332 1131 1397 temporis
1158 1339 1272 1380 acta
1296 1346 1492 1379 canam.

213 1492 307 1530 putat
327 1488 367 1518 ab
387 1487 478 1519 initio
496 1488 591 1520 fuisse
611 1489 828 1531 symbolicam,
844 1489 884 1520 ad

215 1537 439 1569 declarandam
462 1549 566 1570 rerum
589 1544 745 1575 naturam,
764 1538 883 1570 varias-

215 1596 278 1627 que
293 1587 361 1629 ejus
372 1587 587 1630 proprietates.
611 1589 681 1619 Hoc
695 1594 814 1619 certum
826 1595 885 1626 est,

216 1635 325 1667 fictum
345 1647 418 1668 eum
438 1647 505 1668 esse
519 1638 689 1669 bifrontem
707 1648 781 1669 cum
796 1638 885 1670 clave

217 1690 249 1716 et
264 1685 362 1726 virga,
375 1686 571 1728 appellatum
586 1688 725 1723 Patrem,
740 1687 886 1719 omnibus

213 1734 321 1776 januis
349 1736 524 1777 praefuisse,
556 1736 588 1768 in
618 1737 764 1768 omnibus
790 1737 886 1769 sacris

216 1783 353 1825 primurn
369 1795 435 1816 esse
451 1784 644 1822 invocatum,
661 1787 811 1817 arbitrum
832 1786 887 1818 de-

218 1832 314 1874 nique
328 1832 424 1864 fuisse
439 1834 515 1865 belli
532 1842 564 1865 et
578 1834 675 1876 pacis.

268 1881 364 1916 Quem
381 1884 642 1924 tamen—habet]
663 1885 772 1921 Quum
787 1883 889 1915 omnis

219 1929 284 1961 fere
311 1930 527 1962 Romanorum
562 1932 756 1974 mythologia
785 1940 890 1964 sumta

221 1985 304 2010 esset
320 1990 339 2011 a
355 1980 488 2017 Graeeis,
504 1992 567 2012 non
583 1986 700 2013 temere
718 1983 784 2013 haec
801 1993 887 2024 quae-

221 2033 342 2060 runtur.
387 2030 566 2072 Responsio
584 2037 690 2062 tamen
709 2031 810 2063 facilis
831 2038 889 2069 est,

222 2077 248 2108 si
270 2077 366 2109 sumis
380 2078 496 2110 Janum
517 2080 771 2122 antiquissimum
794 2082 890 2113 fuisse

222 2127 375 2158 Italorum
405 2139 522 2170 regem.
570 2130 640 2160 Lux
672 2129 796 2171 signum
827 2132 890 2163 Dei

223 2177 398 2219 praesentis.
419 2178 508 2219 Virg.
529 2181 606 2210 AEn.
630 2179 661 2210 ii.
679 2182 753 2211 590.
774 2186 796 2198 “
812 2192 892 2223 pura

223 2236 280 2268 per
303 2233 427 2257 noctem
450 2228 483 2258 in
507 2228 578 2259 luce
602 2229 724 2259 refulsit
739 2230 847 2261 Venus
861 2231 891 2269 ;'’

224 2276 331 2307 confer
354 2277 500 2308 eumdem
521 2278 564 2310 iv.
579 2279 654 2309 358.
700 2280 770 2310 Hac
796 2280 892 2321 igitur

224 2324 300 2356 Jani
319 2325 390 2356 luce
412 2331 444 2356 et
462 2329 564 2357 domus
583 2328 760 2359 collustrari
777 2329 891 2371 potuit,

224 2379 267 2410 et,
284 2374 368 2416 quod
383 2376 543 2418 Excerpta
558 2377 662 2413 Vossi,
678 2377 773 2408 Polit.
789 2384 820 2409 et
835 2380 891 2409 Er-

225 2423 304 2454 ford.
321 2423 403 2455 Cod.
417 2425 599 2466 praeferunt,
617 2437 674 2458 nec
691 2427 893 2459 Burmannus

222 2472 355 2504 damnat
370 2475 441 2505 dies.

267 2523 322 2552 99.
344 2523 490 2554 Macrob.
513 2523 536 2555 i.
554 2525 585 2555 9.
608 2525 710 2556 Janus
733 2531 753 2543 ¹‘
767 2533 798 2557 et
821 2537 893 2557 cnm

225 2571 317 2603 clave
333 2582 370 2603 ac
384 2572 473 2614 virga
486 2573 637 2615 figuratur
653 2576 743 2616 quasi
754 2577 895 2608 omnium

225 2625 386 2662 portarum
415 2628 520 2653 custos
546 2628 578 2653 et
607 2629 708 2654 rector
733 2624 892 2656 viarum.''

229 2669 290 2700 Ore
302 2672 415 2710 priore,
431 2682 483 2702 ore
500 2672 540 2703 ad
555 2682 605 2703 me
621 2683 781 2705 converso.
808 2675 894 2706 Vates

225 2729 361 2758 operosus
373 2721 503 2758 dierum,
517 2727 613 2764 poeta
626 2722 707 2754 serio
722 2730 895 2766 occupatus

225 2768 337 2801 diebus
360 2770 590 2803 describendis.
638 2773 688 2804 lta
708 2778 740 2804 et
755 2773 799 2805 iii.
821 2775 892 2805 177.

953 1490 1043 1520 Mars
1054 1494 1178 1531 poetam
1192 1494 1295 1520 vocat.
1318 1488 1338 1520 J
1342 1498 1422 1518 anus
1434 1485 1625 1529 principium

953 1538 1131 1570 habebatur
1143 1538 1283 1569 omnium
1294 1548 1396 1568 rerum
1409 1549 1417 1577 ς
1433 1535 1507 1568 inde
1522 1535 1627 1567 dictus

954 1595 1001 1620 est
1016 1589 1115 1619 chaos.
1147 1588 1233 1626 Quin
1248 1594 1348 1624 erant,
1365 1588 1420 1629 qui
1436 1587 1538 1629 ipsum
1556 1586 1625 1629 ejus

954 1648 1068 1670 nomen
1093 1649 1113 1669 a
1135 1649 1207 1669 voc.
1232 1639 1319 1670 chaos
1339 1637 1545 1673 deducerent,
1568 1636 1624 1667 de-

954 1694 1056 1719 tracta
1069 1687 1294 1730 adspiratione.
1305 1686 1381 1719 vid.
1394 1687 1505 1718 Festus
1512 1686 1545 1717 in
1558 1685 1628 1717 h.v.

956 1738 1063 1769 Chaos
1089 1738 1220 1780 ejusque
1249 1737 1466 1768 formationem
1494 1736 1545 1767 hic
1570 1735 1626 1767 de-

955 1787 1076 1825 scribit,
1092 1794 1127 1819 ut
1153 1800 1180 1819 v.
1198 1789 1234 1818 ll
1253 1798 1334 1829 sqq3
1359 1788 1495 1818 Metam.
1511 1785 1533 1817 i.
1554 1785 1625 1816 init.

957 1837 1074 1869 Confer
1092 1843 1124 1869 et
1142 1848 1191 1874 ea,
1208 1848 1279 1879 quae
1301 1848 1340 1868 ex
1360 1835 1574 1868 M.1Messalae
1589 1834 1627 1866 li-

956 1887 1012 1918 bro
1039 1886 1078 1918 de
1104 1888 1188 1918 Jano
1212 1886 1398 1918 Macrobius
1419 1886 1452 1917 d.
1467 1885 1490 1916 l.
1515 1884 1630 1918 adfert.

959 1936 1029 1967 Lite
1052 1947 1155 1967 rerum
1173 1948 1312 1973 suarum,
1338 1946 1457 1978 pugna,
1476 1936 1545 1968 scil.
1567 1936 1629 1968 fer-

958 1985 1151 2016 mentatione
1192 1986 1421 2017 elementorum
1460 1985 1630 2017 contrario-

956 2045 1037 2071 rum,
1063 2044 1159 2076 quam
1188 2035 1324 2066 Metam.
1348 2033 1381 2065 d.
1404 2034 1427 2066 l.
1450 2034 1630 2078 descripsit.

958 2084 1109 2120 Flamma,
1132 2083 1242 2120 aether,
1265 2083 1358 2125 cujus
1386 2089 1500 2115 natura
1525 2084 1630 2125 ignea.

958 2135 1122 2171 Sedet-unt,
1151 2133 1370 2170 subsederunt,
1400 2134 1485 2176 quod
1515 2146 1547 2165 v.
1579 2136 1629 2167 13.

958 2182 1084 2224 legitur.
1105 2183 1212 2214 Tibul.
1228 2183 1288 2214 IV.
1302 2183 1325 2213 ἰ.
1347 2184 1396 2215 19.
1411 2194 1467 2225 pro
1488 2194 1536 2220 eo,
1552 2186 1629 2216 desi-

958 2235 1039 2264 dere.
1087 2233 1154 2263 Solo
1174 2243 1230 2275 pro
1255 2234 1316 2264 loco
1332 2233 1482 2264 Heinsius
1503 2245 1542 2265 ex
1558 2235 1630 2276 plu-

960 2282 1046 2313 rimis
1060 2288 1092 2313 et
1106 2282 1288 2314 melioribus
1304 2283 1398 2315 MSS.
1407 2284 1539 2326 recepit,
1553 2286 1631 2328 quia

960 2333 1061 2363 solum
1088 2332 1339 2375 uniuscujusque
1367 2332 1412 2364 rei
1439 2333 1630 2368 fundamen-

961 2387 1039 2417 tum,
1064 2388 1096 2412 et
1120 2381 1196 2424 quia
1221 2382 1360 2413 Metam.
1385 2382 1406 2413 i.
1431 2383 1486 2414 73.
1513 2388 1632 2417 “astra

961 2437 1070 2462 tenent
1085 2432 1216 2463 coeleste
1229 2431 1372 2463 solum.’'
1401 2432 1473 2464 Sine
1488 2436 1632 2477 imagine,

962 2480 1113 2517 informis,
1125 2486 1160 2511 ut
1175 2482 1311 2511 Metam.
1324 2481 1347 2512 i.
1358 2482 1412 2512 87.
1425 2485 1489 2514 sine
1498 2485 1633 2526 imagine

963 2532 1063 2561 tellus.
1109 2530 1149 2560 In
1161 2531 1281 2572 jizciem
1304 2533 1394 2567 redii,
1410 2532 1541 2564 formam
1568 2533 1633 2565 dis·

963 2579 1093 2611 tinctam
1115 2580 1236 2622 accepi.
1281 2581 1366 2612 Nota
1387 2587 1434 2612 est
1447 2582 1517 2624 ipsa
1532 2583 1632 2615 forma

962 2629 1083 2670 biceps,
1097 2629 1187 2671 cujus
1200 2629 1244 2660 sic
1258 2629 1340 2672 prior
1353 2641 1451 2662 causa
1462 2631 1560 2663 allata
1573 2639 1632 2665 est.

962 2680 1043 2709 Ante
1058 2681 1146 2719 quod,
1160 2685 1221 2710 etc.
1232 2690 1304 2722 pars
1319 2681 1433 2723 capitis
1447 2681 1584 2713 anterior
1598 2688 1631 2714 et

962 2728 1125 2769 posterior.
1152 2729 1287 2761 Lenzius
1302 2730 1462 2772 praeterita
1476 2736 1509 2762 et
1523 2731 1629 2764 futura

960 2776 1123 2818 intelligit.
