1830 3220
616 169 1124 213 KALENDARIUM.
1509 187 1565 214 xv

726 405 1003 443 MARTIUS.

154 506 180 545 d
209 505 299 545 Kal.
321 507 471 545 Martii.
489 507 650 545 Festum
672 507 814 545 Martis
834 515 872 545 et
890 507 917 544 J
919 507 1068 545 unonis.
1087 506 1243 545 Ancilia
1262 508 1451 546 feruntur.
1473 507 1514 544 N
1517 523 1565 546 ou

166 1682 187 1775 ’ἠῶ
155 656 201 1569 moe-¹>cmffimn-00->mv-*am

166 2097 215 2730 5>U0ffi02100⁴>02

550 582 608 613 est
627 577 770 614 bonum
792 576 948 613 nubere.

232 643 270 680 vi
391 643 468 681 No.

233 725 259 749 v
390 712 467 749 No.
488 710 604 750 Alter
622 712 785 763 piscium
805 711 994 750 conditur.
1052 711 1190 749 Oritur
1210 711 1452 750 vindemitor.

236 779 276 816 iv
396 779 474 817 No.
493 779 633 818 Bootes
649 780 777 824 citius,
790 779 1023 817 vindemitor
1037 779 1185 817 tardius
1200 780 1380 818 occidunt
1396 780 1566 818 cosmice.

234 846 277 883 iii
395 846 438 883 N
440 861 473 885 ο.
494 847 655 885 Festum
675 847 820 885 Vestae.
843 847 1037 885 Cathedra
1056 847 1168 885 Julii.

236 915 264 952 ii
394 915 470 953 No.
493 915 653 954 Festum
672 915 843 966 Vejovis.
866 915 1036 966 Pegasus
1056 916 1178 954 oritur
1197 916 1354 955 heliace.

239 982 378 1021 Nonis.

239 1052 306 1089 viii
398 1052 457 1090 Id.
478 1053 625 1091 Corona
645 1052 837 1091 Ariadnes
856 1052 989 1090 oritur.

237 1120 289 1157 vii
400 1120 457 1157 Id.

243 1188 280 1224 vi
404 1188 462 1225 Id.

209 1288 213 1290 .
241 1270 266 1293 v
400 1257 459 1294 Id.

239 1326 277 1362 iv
399 1325 456 1362 Id.

243 1394 284 1431 iii
399 1394 457 1432 Id.

244 1463 272 1500 ii
403 1462 461 1500 Id.
485 1462 623 1500 Altera
642 1463 804 1514 Equiria
825 1464 923 1502 fiunt
943 1465 1054 1514 juxta
1077 1464 1286 1515 Tyberim.'

249 1531 395 1570 Idibus.
460 1532 619 1569 Festum
649 1532 775 1570 Annae
810 1533 1007 1571 Perennae.
1038 1533 1168 1570 Julius
1203 1533 1327 1570 Caesar
1359 1533 1501 1571 occisus
1532 1535 1569 1571 in

561 1601 763 1651 Capitolio.

245 1668 323 1706 xvii
408 1667 498 1705 Kal.
519 1667 680 1719 Aprilis.
704 1668 884 1719 Scorpius
904 1670 1035 1706 oritur.

244 1738 307 1775 xvi
401 1736 491 1774 Kal.
513 1737 679 1775 Milvius
697 1737 830 1775 oritur.
853 1737 1013 1775 Festum
1035 1735 1190 1774 Bacchi.
1209 1736 1311 1773 Vilis
1332 1736 1481 1774 anicula
1502 1737 1569 1775 he-

562 1805 662 1843 deris
692 1812 868 1843 coronata
885 1804 1020 1843 vendit
1049 1804 1189 1855 populo
1217 1804 1391 1841 libatum.
1451 1804 1572 1841 Melle

562 1875 702 1912 Libero
728 1874 830 1924 patri
857 1873 1101 1911 sacrificatur.
1157 1873 1298 1910 Libera
1326 1879 1414 1921 toga
1446 1871 1571 1910 datur.

564 1943 713 1980 Milvus
731 1943 853 1981 oritur
872 1942 1057 1980 chronice.
1094 1941 1255 1979 Festum
1276 1947 1334 1979 est
1349 1940 1574 1978 Ledaeorum

561 2013 627 2063 qui
647 2013 807 2051 fuerunt
827 2011 980 2062 Argivi,
1000 2011 1062 2049 vel
1081 2011 1253 2049 Larium.

246 2095 297 2119 xv
406 2080 495 2118 Kal.

247 2151 313 2188 xiv
406 2149 496 2187 Kal.
517 2148 777 2199 Quinquatria
798 2147 967 2185 Palladis
987 2155 1119 2198 captae.

249 2219 319 2256 xiii
408 2217 498 2255 Kal.

250 2287 302 2323 xii
411 2284 500 2323 Kal.

250 2355 288 2392 xi
410 2352 499 2391 Kal.
522 2352 587 2390 Sol
608 2353 647 2389 in
670 2351 858 2390 Arietem.

250 2436 274 2459 x
410 2420 499 2458 Kal.
523 2421 696 2458 Ultimus
716 2420 797 2458 dies
816 2420 1129 2470 quinquatruum.

251 2491 290 2527 ix
410 2488 500 2525 Kal.

251 2557 316 2595 viii
410 2555 500 2593 Kal.
524 2555 811 2606 AEquinoctium
832 2553 996 2591 vernale.

252 2625 302 2662 vii
415 2623 504 2660 Kal.

252 2694 288 2730 vi
414 2691 503 2729 Kal.
