1809 3220
218 159 274 200 20
578 156 628 197 P.
664 155 882 197 0V1D11
918 154 1204 196 NASONIS

190 274 320 322 Arce
348 272 620 338 Syracosia
645 288 926 337 suspensus
953 272 1005 319 in
1030 287 1144 320 aere
1170 272 1344 320 clauso

254 355 369 404 Stat
389 354 586 418 globus,
615 353 849 401 immensi
875 368 1030 418 parva
1053 353 1217 416 figura
1242 352 1374 417 poli:

186 434 253 483 Et
278 439 527 498 quantum
554 448 584 480 a
608 432 838 488 summis,
866 439 1063 480 tantum
1090 432 1303 480 secessit
1328 431 1394 479 ab
1419 429 1534 478 imis

251 511 436 560 Terra:
479 510 615 574 quod
643 517 699 558 ut
722 509 827 567 fiat,
856 509 1015 559 forma
1041 510 1259 558 rotunda
1283 509 1418 558 facit.

1515 511 1616 556 280

184 589 285 639 Par
310 589 464 638 facies
491 589 698 654 templi;
740 590 912 638 nullus
938 589 1190 654 procurrit
1215 590 1265 637 in
1291 590 1377 638 illo

252 667 516 732 Angulus:
558 683 587 715 a
611 667 782 732 pluvio
807 668 1032 717 vindicat
1057 669 1215 716 imbre
1237 669 1426 717 tholus.

189 747 295 795 Cur
321 746 388 794 sit
407 745 664 809 virgineis,
693 746 897 810 quaeris,
925 747 1023 795 dea
1047 747 1186 795 culta
1211 746 1487 795 ministris?

255 824 516 873 Inveniam
543 839 724 872 causas
751 824 845 872 hac
872 841 1078 889 quoque
1107 832 1250 890 parte
1277 841 1425 873 suas:

188 902 269 951 Ex
292 903 407 968 Ope
431 902 461 950 J
470 918 688 951 unonem
714 910 997 951 memorant
1023 903 1371 968 Cereremque
1396 909 1594 952 creatas

258 981 465 1030 Semine
494 980 729 1038 Saturni3
772 981 921 1029 tertia
945 980 1109 1030 Vesta
1133 981 1245 1031 fuit.

1515 983 1615 1029 286

192 1059 422 1125 Utraque
450 1067 762 1125 nupserunt;
805 1061 967 1108 ambae
995 1061 1256 1125 peperisse
1283 1060 1539 1109 feruntur:

258 1138 337 1187 De
362 1139 525 1187 tribus
552 1138 824 1203 impatiens
851 1138 1038 1187 restitit
1062 1155 1165 1187 una
1188 1139 1295 1187 viri.

189 1216 325 1273 Quid
351 1218 550 1274 mirum,
577 1217 715 1281 virgo
742 1217 783 1264 si
808 1217 998 1281 virgine
1025 1218 1141 1266 laeta
1166 1218 1396 1266 ministra

255 1296 496 1345 Admittit
520 1303 688 1344 castas
714 1295 764 1342 in
792 1311 885 1344 sua
906 1312 1050 1345 sacra
1073 1296 1289 1345 manus?

231 1413 309 1444 277.
340 1410 550 1443 Archimedes
575 1411 806 1452 Syracusanus,
830 1416 866 1442 ut

186 1462 299 1500 multa,
323 1462 369 1493 ita
393 1466 426 1492 et
451 1460 608 1504 sphaeram
634 1460 769 1497 invenit,
794 1471 865 1502 quae

187 1519 290 1545 motus
318 1511 393 1544 solis
422 1517 454 1543 et
492 1511 658 1543 stellarum
693 1511 866 1542 errantium

185 1564 325 1598 referret,
342 1561 398 1598 ita,
416 1568 450 1592 ut
475 1560 624 1592 tarditate
648 1567 680 1592 et
703 1561 868 1593 celeritate

184 1612 413 1645 dissimillimos
434 1618 539 1642 motus
563 1620 628 1642 una
649 1616 772 1653 regeret
793 1621 867 1642 con-

190 1662 303 1695 versio.
361 1662 478 1693 Cincta
514 1667 583 1692 erat
612 1671 709 1704 capsa
740 1660 866 1697 vitrica,

188 1724 253 1757 qua
272 1725 326 1745 aer
344 1714 467 1745 clausus
488 1719 608 1744 motum
629 1711 719 1743 illum
742 1711 866 1743 efficere

187 1764 395 1803 credebatur;
432 1762 557 1799 Cicero,
586 1762 719 1794 Tuscul.
751 1762 772 1792 i.
803 1763 866 1801 253

187 1814 398 1850 Claudianus,
416 1812 524 1856 Epigr.
541 1814 602 1844 68:
628 1813 650 1844 J
655 1825 711 1844 nra
727 1813 801 1853 poli,
820 1823 866 1844 re-

186 1876 315 1907 rumque
328 1865 438 1906 fidem,
461 1865 599 1907 legesque
621 1865 747 1894 deorum
766 1862 868 1903 (ordi-

188 1927 261 1948 nem
290 1921 427 1951 naturae,
459 1921 599 1957 systema
627 1912 758 1954 mundi)
791 1913 870 1945 Ecce

189 1968 367 2009 Syracosius
388 1966 552 1996 transtulit
575 1971 644 1995 arte
668 1975 766 1995 senex.
814 1962 869 1994 In-

189 2019 292 2050 clusus
307 2017 401 2047 variis
413 2015 599 2057 famulatur
614 2016 742 2055 spiritns
763 2016 867 2050 astris,

192 2069 233 2100 Et
263 2069 366 2099 vivum
393 2068 485 2098 certis
513 2066 642 2096 motibus
669 2071 761 2105 urget
786 2075 870 2104 opus.

190 2117 326 2149 Lenzius
337 2120 441 2160 putat,
451 2113 680 2146 Archimedem
696 2124 786 2145 usum
801 2124 869 2145 esse

192 2179 263 2200 eam
283 2166 316 2198 in
337 2176 403 2198 rem
418 2165 450 2197 vi
470 2164 663 2208 magnetica.
710 2164 871 2205 Syracosia

191 2218 288 2250 etiam
305 2216 396 2248 metri
412 2215 601 2248 necessitate
616 2213 752 2246 correxit
766 2213 868 2245 Hein-

190 2270 255 2300 sius
275 2278 373 2311 quum
399 2265 471 2298 libri
492 2276 602 2297 omnes
620 2265 792 2307 Syracusiae
813 2264 869 2296 ha-

188 2321 313 2352 berent.
357 2316 410 2349 Sic
431 2322 464 2349 et
484 2322 586 2360 poetae
610 2316 705 2358 graeci
723 2315 868 2355 Συρακό-

191 2381 271 2408 σιος.
317 2369 409 2400 Idem
436 2378 475 2399 ex
505 2367 624 2410 optimo
651 2366 810 2398 Patavino
836 2372 868 2397 et

191 2420 316 2452 duobus
344 2418 416 2451 aliis
443 2424 511 2449 arte
542 2417 680 2449 mutavit
710 2416 744 2448 in
771 2427 866 2455 arce;

190 2475 374 2512 monetque,
392 2468 528 2510 intelligi
553 2467 782 2504 Achradinam,
799 2467 867 2499 edi-

189 2522 300 2553 tiorem
312 2520 539 2563 Syracusarum
555 2524 678 2561 partem
691 2530 699 2556 3
723 2517 767 2549 ibi
783 2518 867 2550 enim

190 2577 347 2604 servatam
358 2580 427 2602 esse
438 2569 528 2600 illam
539 2568 708 2611 sphaeram,
718 2579 757 2599 ex
769 2568 869 2601 Athe·

191 2633 271 2659 naeo,
287 2621 330 2652 V.
347 2621 389 2652 xi.
404 2631 436 2663 p.
451 2620 528 2651 207.
544 2629 709 2662 apparere.
746 2618 867 2657 Tholas,

191 2677 312 2704 tectum
328 2669 471 2714 (proprie
492 2668 643 2708 interius)
659 2668 802 2700 rotundae
826 2680 868 2700 ae·

193 2722 242 2754 dis
256 2721 290 2754 in
301 2720 494 2753 testudinem
510 2724 752 2751 concameratae.
789 2720 868 2750 Plu-

194 2775 259 2804 rius
286 2773 377 2803 imber
398 2776 434 2802 ut
452 2769 594 2802 Tacitus.
617 2769 739 2801 Histor.
761 2782 792 2801 v.
810 2771 867 2802 23.

1516 1298 1616 1344 290

934 1413 1084 1452 pluviales
1110 1415 1239 1450 imbres;
1275 1411 1330 1455 qui
1356 1418 1389 1444 et
1413 1422 1484 1444 cum
1509 1412 1539 1444 vi
1563 1422 1617 1444 ca-

936 1462 1027 1500 dunt,
1044 1470 1077 1495 et
1096 1463 1150 1495 diu
1173 1463 1300 1495 durant.
1346 1464 1510 1495 Caeterum
1533 1462 1619 1506 apud

937 1513 1163 1550 Plutarchum,
1190 1515 1338 1557 Sympos.
1357 1513 1411 1545 vii.
1432 1515 1464 1545 4.
1485 1513 1618 1556 quidam

937 1564 1096 1601 observat,
1119 1574 1262 1596 mensam
1287 1575 1415 1607 quoque
1437 1569 1528 1595 terrae
1550 1573 1619 1595 esse

938 1613 1156 1651 simulacrum,
1171 1625 1320 1656 eamque,
1336 1615 1414 1657 quia
1427 1614 1565 1646 rotunda
1579 1613 1620 1645 sit

939 1669 972 1695 et
986 1663 1123 1701 stabilis,
1140 1670 1224 1696 recte
1241 1674 1259 1695 a
1276 1664 1469 1707 quibusdam
1484 1664 1619 1696 Vestam

940 1723 1058 1745 vocari.

980 1765 1170 1796 283—294.
1195 1764 1261 1796 Cur
1282 1763 1343 1795 dea
1358 1763 1510 1806 virgineis
1531 1762 1619 1795 cola-

938 1819 988 1846 tur
1003 1813 1165 1846 ministris.
1202 1813 1301 1845 Multi
1316 1813 1400 1845 inter
1410 1822 1534 1845 veteres
1549 1813 1620 1855 ejus

938 1864 981 1896 rei
995 1875 1127 1896 causam
1145 1863 1372 1907 quaesiverunt.
1413 1863 1618 1900 Plutarchus,

939 1924 1011 1957 cap.
1027 1916 1060 1947 9.
1076 1915 1216 1946 Numam
1244 1920 1337 1957 putat
1360 1919 1415 1946 aut
1436 1923 1547 1956 puram
1569 1912 1618 1944 in-

939 1970 1185 2008 corruptamque
1202 1964 1285 2006 ignis
1307 1969 1455 1995 naturam
1470 1962 1620 2006 impollu-

940 2015 980 2046 tis
1006 2015 1188 2046 Vestalium
1217 2013 1402 2057 corporibus
1432 2012 1618 2050 credidisse,

939 2071 994 2097 aut
1009 2064 1272 2097 infecunditatem
1288 2069 1321 2095 et
1339 2062 1541 2095 sterilitatem
1558 2062 1619 2094 vir-

938 2115 1065 2157 ginitati
1112 2114 1311 2147 adsimilasse
1328 2125 1337 2153 ;
1383 2113 1469 2145 conf.
1508 2113 1618 2146 Cicer.

940 2165 1042 2208 Legg.
1068 2165 1101 2197 ii.
1131 2166 1183 2196 12.
1230 2163 1337 2196 Etiam
1369 2163 1507 2195 Ovidius
1536 2162 1618 2195 duas

939 2227 1053 2248 causas
1067 2215 1170 2248 adfert
1183 2228 1189 2246 :
1215 2215 1248 2246 in
1264 2213 1394 2246 Graecia
1408 2213 1513 2246 viduae
1534 2224 1617 2256 prae-

939 2273 1030 2299 erant
1055 2266 1153 2298 sacris
1175 2266 1295 2298 Vestae.
1347 2265 1435 2296 Vesta
1460 2264 1527 2296 filia
1549 2271 1619 2296 erat

939 2317 1080 2349 maxima
1105 2323 1183 2348 natu
1209 2315 1338 2347 Saturni
1363 2321 1397 2347 et
1419 2314 1520 2358 Opis;
1543 2315 1618 2347 vide

937 2367 978 2399 ad
999 2377 1065 2399 ver.
1080 2367 1133 2398 30.
1182 2366 1349 2406 Impatiens
1373 2367 1437 2396 viri
1448 2376 1461 2403 ‚-
1484 2370 1521 2396 ut
1542 2365 1618 2397 Me-

936 2424 1014 2449 tam.
1038 2418 1060 2449 i.
1082 2418 1164 2449 479:
1206 2421 1227 2434 ‘¹
1245 2414 1417 2459 impatiens
1439 2425 1616 2458 expersque

937 2469 1032 2501 viri.''
1078 2468 1182 2500 Laetus
1195 2467 1360 2510 eleganter
1373 2465 1414 2498 de
1427 2476 1476 2503 eo,
1489 2465 1544 2509 qui
1560 2465 1617 2498 ba-

935 2520 991 2551 bet
1015 2518 1150 2561 aliquid,
1166 2517 1221 2560 qui
1242 2517 1416 2549 instructus
1435 2521 1484 2548 est
1505 2514 1616 2558 aliqua

937 2580 993 2609 re;
1016 2569 1182 2610 Virgilius,
1197 2567 1329 2600 AEneid.
1352 2566 1373 2598 i.
1394 2567 1473 2599 275.
1489 2566 1616 2598 Romu-

937 2620 988 2652 lus
1009 2621 1087 2661 lupoe
1110 2621 1243 2663 tegmine
1266 2619 1352 2650 laetus
1364 2629 1375 2655 ‚·
1405 2623 1438 2649 et
1455 2627 1522 2649 ver.
1537 2616 1615 2648 696.

937 2673 1015 2702 duce
1055 2671 1142 2701 letus
1173 2670 1314 2706 Achat05
1360 2666 1508 2704 Ovidius,
1539 2666 1614 2698 Me-

937 2726 1017 2751 tam.
1043 2719 1077 2752 ii,
1101 2720 1185 2751 634:
1225 2720 1337 2750 divim
1358 2718 1463 2757 stirpis
1488 2717 1614 2747 alumno

940 2769 1052 2801 Laetus.
