1809 3220
211 193 300 235 294

217 311 335 358 Sive
361 310 514 357 deum
541 307 763 372 prudens
791 306 945 354 alium
971 306 1200 354 divamve
1224 305 1407 362 fefelli3

612 191 663 232 P.
699 189 917 231 OVIDII
951 189 1237 231 NASONIS

1535 307 1632 352 685

280 385 601 435 Abstulerint
625 385 817 432 celeres
844 383 1076 447 improba
1101 384 1238 431 dicta
1265 383 1405 432 Noti.

214 465 282 514 Et
307 471 516 530 pereant
540 463 773 510 veniente
798 462 880 509 die
907 462 1130 526 perjuria
1154 462 1328 510 nobis:

283 543 394 590 Nec
421 548 600 589 curent
627 540 825 605 Superi,
855 540 896 588 si
925 555 1028 604 qua
1052 541 1253 588 locutus
1279 556 1380 588 ero.

215 622 297 670 Da
321 622 470 668 modo
497 620 637 667 lucra
658 620 797 674 mihi,
826 619 892 666 da
916 618 1049 666 facto
1076 618 1260 682 gaudia
1284 618 1451 666 lucro:

282 700 350 748 Et
374 699 500 755 face,
530 706 585 745 ut
607 697 784 746 emtori
809 697 963 744 verba
988 696 1190 744 dedisse
1211 697 1370 760 juvet.

1537 696 1636 742 690

212 778 358 826 Talia
383 776 669 824 Mercurius
696 782 993 839 poscentem
1021 774 1152 821 ridet
1172 775 1235 821 ab
1262 774 1381 829 alto,

281 856 349 903 Se
376 870 568 902 memor
595 853 837 917 Ortygias
864 852 1165 916 surripuisse
1192 853 1363 899 boves.

211 934 291 981 AT
318 932 440 980 mihi
467 932 650 997 pande,
679 947 873 995 precor,
903 938 1043 978 tanto
1068 931 1275 978 meliora
1301 929 1515 994 petenti,

281 1011 341 1059 In
370 1011 614 1058 Geminos
641 1025 705 1056 ex
732 1026 834 1072 quo
859 1016 1086 1073 tempore
1114 1008 1342 1056 Phoebus
1369 1008 1485 1056 eat?

214 1090 385 1145 Quum
402 1088 613 1136 totidem
625 1087 689 1134 de
706 1103 879 1135 mense
891 1087 999 1135 dies
1013 1103 1282 1152 superesse
1297 1087 1515 1144 videbis3
1535 1087 1633 1134 695

281 1166 419 1222 Quot
444 1173 562 1214 sunt
588 1163 831 1212 Herculei
857 1164 992 1213 facta
1015 1165 1218 1222 laboris,
1243 1164 1330 1212 ait.

210 1346 290 1377 erat,
305 1342 329 1371 si
345 1338 544 1381 sciensfallo.
592 1339 738 1369 Macrob.
757 1339 884 1369 Saturn.

209 1391 231 1423 i.
251 1391 310 1422 16:
334 1400 417 1425 eum,
435 1388 489 1431 qui
503 1388 620 1419 talibus
635 1387 747 1418 diebus
760 1388 882 1429 (feriis)

210 1440 395 1483 imprudens
415 1437 539 1480 aliquid
557 1437 685 1479 egisset,
704 1448 797 1479 porco
817 1437 884 1479 pia-

211 1491 321 1523 culum
350 1490 426 1521 dare
456 1489 585 1520 debere:
616 1487 803 1530 prudentem
830 1497 884 1518 ex-

211 1541 300 1584 piare
339 1551 401 1570 non
439 1548 543 1581 posse,
570 1537 714 1568 Scaevola
744 1537 885 1579 pontifex

213 1589 452 1622 asseverabat.'’
494 1588 562 1618 Res
578 1587 681 1618 irritas
693 1587 887 1628 ventiferre,

213 1640 340 1681 auferre
355 1639 516 1673 dicuntur,
534 1643 565 1668 et
581 1648 661 1679 quas
677 1637 748 1678 quis
767 1647 804 1667 ex
822 1637 888 1667 ani-

211 1701 264 1721 mo
295 1689 410 1732 ejicere
438 1687 517 1723 vult,
544 1698 598 1718 eas
636 1688 732 1717 tradit
772 1689 889 1717 ventis.-

210 1739 374 1774 Horatius.
391 1740 420 1769 Ι.
436 1738 499 1768 Od.
515 1737 600 1768 xxvi.
617 1738 647 1767 2.

254 1789 331 1819 687.
353 1788 496 1823 Pereunt,
512 1798 574 1818 non
589 1786 772 1828 puniantur.
800 1786 882 1817 Bur-

210 1849 328 1870 manno
351 1837 512 1880 placebat,
533 1836 617 1878 quod
637 1837 669 1867 in
691 1836 834 1868 ,Iuniano
854 1842 886 1867 et

211 1889 311 1920 altero
327 1888 470 1918 Puteano
490 1893 548 1922 est,
563 1888 703 1927 perjuria
727 1887 834 1922 noctis,
850 1892 886 1917 ut

209 1948 269 1969 nec
284 1938 353 1980 ipsa
368 1942 459 1967 nocte
477 1936 588 1966 fallere
607 1942 763 1966 mercator
783 1935 884 1966 desis-

211 1993 271 2018 tat.
326 1986 365 2017 Id
401 1996 472 2016 vero
503 1984 578 2015 mihi
610 1985 705 2027 paulo
743 1985 886 2026 argutius

210 2035 348 2067 videtur.
387 2035 501 2066 Eidem
512 2035 696 2065 Burmanno
707 2033 803 2065 etiam
816 2045 885 2065 ver-

208 2087 285 2117 bum
307 2087 426 2116 locutus
444 2085 556 2126 frigere
574 2084 763 2123 videbatur;
787 2084 885 2115 male-

208 2136 267 2167 bat
290 2135 385 2178 igitur
398 2137 545 2175 jocatus‚·
570 2133 652 2164 illud
677 2134 762 2164 enim
786 2144 886 2175 genus

209 2185 373 2216 hominum
391 2183 617 2226 jusjurandum
640 2192 676 2214 ut
694 2184 803 2225 jocum
828 2184 885 2214 ha-

209 2236 298 2267 bere.
345 2235 448 2266 Immo
470 2234 510 2265 ad
526 2246 584 2275 qua
605 2241 713 2276 repete
731 2237 884 2275 perjuria.

211 2286 275 2316 Pro
287 2286 364 2328 face
384 2284 560 2326 multifac.
612 2284 798 2320 Poscentem,
816 2295 886 2326 pre-

212 2340 360 2373 cantem;
390 2334 552 2370 Horatius,
581 2334 610 2364 Ι.
641 2334 705 2365 Od.
736 2334 822 2365 xxxi.
849 2336 883 2366 l:

211 2389 233 2402 “
254 2384 341 2422 Quid
364 2383 548 2414 dedicatum
574 2383 676 2425 poscit
700 2383 885 2425 Apollinem

211 2435 313 2466 Vates
325 2434 360 2463 '3³'
385 2433 482 2474 vulgo
497 2439 647 2473 poscentes
663 2445 669 2470 ;
696 2433 752 2464 sed
767 2433 806 2464 de
822 2444 886 2464 uno

210 2494 313 2516 sermo
336 2489 385 2514 est
408 2482 482 2513 inde
506 2493 525 2512 a
548 2493 615 2513 ver.
641 2483 715 2512 675.
762 2483 887 2514 Memor

210 2539 279 2566 erat
308 2531 502 2567 Mercurius,
534 2542 567 2562 se
605 2533 764 2568 callidum,
797 2535 885 2572 quid-

212 2585 286 2626 quid
297 2584 536 2624 placuit‚jocoso
553 2582 801 2623 Conderefurto,
818 2583 883 2613 Ho-

209 2633 321 2669 ratius,
350 2632 379 2663 Ι.
408 2631 472 2663 Od.
499 2643 530 2662 x.
557 2633 587 2662 7.
608 2631 664 2662 ubi
693 2632 752 2662 hoc
780 2631 883 2674 ipsum

211 2683 394 2726 exemplum
415 2681 582 2724 subjicitur
603 2681 642 2713 de
662 2682 766 2713 bubus
784 2683 884 2725 Apol-

211 2733 296 2770 linis,
313 2743 392 2776 quas
412 2739 479 2763 arte
493 2743 560 2769 sua,
575 2731 609 2763 id
629 2737 688 2768 est,
704 2731 882 2763 calliditate

212 2794 276 2826 qua
291 2783 481 2819 excellebat,
499 2782 616 2825 abegit.
656 2782 724 2812 Res
741 2788 882 2814 narratur

956 1338 1039 1370 Met.
1057 1339 1089 1369 ii.
1105 1340 1170 1370 676
1186 1350 1256 1381 sqq.
1292 1340 1453 1380 Ortygias,
1472 1334 1635 1378 Apollinis

955 1389 986 1419 in
1005 1389 1110 1420 insula
1127 1389 1262 1432 Ortygia
1283 1388 1369 1428 nati;
1395 1387 1466 1419 vide
1490 1386 1531 1417 ad
1547 1386 1633 1417 Met.

955 1438 978 1470 i.
994 1440 1071 1471 694.

998 1490 1184 1521 693—720.
1210 1489 1303 1520 XIV.
1331 1488 1490 1519 Kalendas
1515 1487 1635 1518 Junias

957 1541 998 1570 sol
1020 1542 1053 1570 in
1078 1540 1221 1570 Geminos
1246 1540 1370 1569 transit.
1418 1538 1496 1580 Ejus
1521 1535 1634 1569 sideris

957 1590 1044 1631 origo
1083 1595 1235 1619 narratur.
1295 1588 1409 1619 Castor
1441 1592 1473 1617 et
1502 1585 1633 1622 Pollux,

957 1639 1117 1681 Tyndarei
1140 1638 1207 1674 filii,
1227 1649 1326 1680 quum
1346 1637 1495 1668 Phoeben
1520 1642 1553 1667 et
1571 1635 1632 1666 Hi-

959 1690 1083 1724 lairam,
1098 1689 1232 1731 Lycippi
1248 1687 1329 1718 filias
1344 1686 1533 1729 rapuissent,
1549 1687 1635 1728 Lyn-

956 1750 1013 1771 ceo
1031 1745 1062 1769 et
1082 1738 1162 1774 ldae,
1182 1737 1322 1780 Apharei
1339 1736 1424 1772 filiis,
1439 1735 1555 1778 quibus
1572 1735 1634 1767 vir-

955 1789 1046 1831 gines
1069 1788 1132 1819 illae
1156 1787 1356 1829 desponsatae
1384 1791 1485 1822 erant,
1512 1785 1634 1817 bellum

956 1845 1132 1875 moverunt,
1151 1837 1183 1868 in
1203 1847 1265 1878 quo
1283 1836 1396 1868 Castor
1416 1835 1538 1877 Lyncei
1559 1845 1635 1867 ense

956 1890 1117 1932 trajectus,
1162 1889 1314 1929 Lynceus
1354 1885 1497 1917 Pollucis
1542 1885 1636 1917 hasta

955 1940 1175 1973 transforatus,
1203 1936 1278 1968 Idas
1303 1936 1396 1969 Jovis
1419 1935 1552 1967 fulmine
1578 1946 1634 1967 ne·

955 1996 1046 2021 catus
1063 1995 1122 2020 est.
1159 1987 1288 2023 Pollux,
1307 1996 1407 2028 quum
1418 1985 1546 2028 Jupiter
1561 1995 1635 2017 eum

956 2039 988 2070 in
1013 2038 1131 2070 coelum
1155 2037 1296 2079 recipere
1315 2036 1423 2072 vellet,
1446 2035 1582 2077 rogavit,
1599 2043 1635 2067 ut

955 2099 1028 2119 eum
1052 2087 1202 2118 honorem
1228 2085 1339 2128 partiri
1365 2095 1437 2116 cum
1458 2084 1554 2116 fratre
1572 2084 1633 2116 sibi

955 2137 1086 2175 liceret3
1109 2136 1216 2167 confer
1241 2134 1371 2166 Pindar.
1390 2134 1489 2166 Nem.
1511 2145 1545 2165 x.
1571 2135 1632 2166 103

956 2198 1027 2229 sqq.
1074 2189 1115 2217 At
1132 2187 1218 2222 mihi,
1235 2192 1299 2217 etc.
1345 2185 1424 2215 Ver.
1442 2184 1520 2216 663.
1544 2185 1633 2216 Mer-

955 2237 1076 2268 curium
1112 2240 1293 2278 rogaverat,
1329 2241 1364 2266 ut
1395 2234 1455 2265 sibi
1493 2234 1632 2266 adesset.

955 2286 1033 2317 Eam
1063 2286 1310 2328 appellationem
1349 2284 1468 2315 oblitus
1499 2289 1567 2315 erat
1600 2284 1632 2316 in

954 2346 1052 2378 seqq3
1076 2335 1133 2367 sed
1152 2345 1236 2366 nunc
1258 2334 1299 2366 ad
1320 2344 1391 2365 eam
1412 2333 1504 2370 redit,
1520 2340 1553 2365 et
1565 2345 1632 2366 rem

954 2386 1049 2417 discit
1084 2397 1103 2416 a
1135 2385 1311 2416 Mercurio.
1373 2384 1471 2415 Tanto
1507 2385 1634 2416 meliora

954 2436 1159 2466 Burmannus
1187 2434 1330 2477 explicat
1353 2444 1370 2464 e
1396 2433 1532 2465 formula
1561 2433 1631 2465 lau-

955 2485 1055 2515 dandi
1082 2491 1173 2516 tanto
1199 2484 1318 2520 melior,
1342 2482 1383 2514 de
1406 2493 1472 2524 qua
1495 2482 1564 2525 ipse
1590 2483 1632 2515 ad

956 2534 1141 2570 Phaedrum,
1172 2534 1235 2565 111.
1262 2544 1292 2564 v.
1317 2534 1350 2564 3.
1398 2533 1632 2574 Comparantur

954 2595 1039 2615 nunc
1059 2595 1129 2626 sqq.
1153 2595 1225 2615 cum
1245 2583 1391 2626 precibus
1410 2589 1632 2620 mercatorum,

953 2645 1024 2676 quae
1055 2633 1261 2665 antecedunt.
1310 2633 1377 2663 Aut
1391 2633 1487 2675 jacta
1519 2633 1630 2663 laboris

953 2690 1026 2714 sunt
1048 2684 1182 2719 labores,
1201 2689 1256 2713 aut
1280 2683 1363 2712 labor
1383 2682 1559 2713 Herculeus
1579 2687 1629 2713 est

953 2734 1108 2765 Hercules
1135 2733 1224 2775 ipse;
1249 2734 1294 2763 sic
1324 2733 1487 2769 Horatius,
1509 2732 1537 2762 1.
1561 2732 1628 2764 Od.

952 2783 999 2814 iii.
1015 2784 1057 2814 36
1072 2796 1078 2813 :
1100 2783 1249 2822 Pei-rupit
1266 2783 1439 2814 Acheronta
1453 2782 1627 2814 Herculeus
