1809 3220
231 180 317 222 384
764 174 1111 219 EXCURSUS

234 312 333 338 vero
363 301 478 338 ortus
508 299 764 349 apparentes
793 302 839 335 et
864 309 986 336 veros
1017 293 1259 335 discernere
1294 293 1559 342 didicissent,
1584 292 1643 333 ita

232 381 304 407 eos
322 365 477 407 divisos
498 370 542 405 et
564 364 802 418 appellatos
825 379 920 405 esse
943 369 1190 406 constanter
1211 363 1475 405 invenimus:

443 479 565 518 Ortus
584 480 801 518 matutinus
819 494 948 526 verus,
969 481 993 518 i.
1014 493 1047 518 e.
1067 480 1264 519 cosmicus‚

635 567 659 570 —
680 558 880 596 apparens,
901 544 926 582 i.
948 558 980 583 e.
1001 544 1182 582 heliacus.

564 609 807 660 vespertinus
826 623 951 654 verus,
973 609 997 646 i.
1018 622 1051 647 e.
1075 608 1319 660 acronychus.

680 687 879 724 apparens.

442 738 610 776 Occasus
629 737 846 775 matutinus
864 750 991 781 verus,
1012 736 1036 773 i.
1058 750 1089 775 e.
1111 736 1305 774 cosmicus‚

442 802 612 840 Occasus
631 801 848 839 matutinus
867 814 1065 852 apparens.

441 867 610 905 Occasus
629 866 871 918 vespertinus
889 878 1017 910 verus,
1037 864 1063 902 i.
1083 878 1116 903 e.
1136 864 1381 916 acronychus.

441 931 610 970 Occasus
629 931 872 982 vespertinus
891 943 1092 981 apparens,
1112 929 1138 966 i.
1159 942 1192 966 e.
1213 928 1393 968 heliacus.

233 1050 304 1092 ubi
327 1049 405 1090 hoc
429 1050 627 1090 universe
651 1049 884 1090 tenendum
909 1053 998 1088 est:

289 1119 346 1160 1⁰.
382 1117 513 1159 Mane
537 1132 659 1158 veros
681 1122 796 1158 ortus
824 1115 968 1157 multis
990 1130 1105 1171 saepe
1129 1116 1281 1157 diebus
1302 1116 1552 1171 praecedere
1573 1130 1646 1172 ap-

233 1193 450 1243 parentes.
490 1187 549 1228 20.
571 1185 758 1241 Vesperi
776 1191 1033 1240 apparentes
1051 1185 1300 1239 praecedere
1316 1200 1455 1227 veros.
1495 1184 1646 1227 Astro-

233 1257 347 1298 nomi
372 1256 532 1302 Graeci,
558 1262 602 1297 et
625 1254 877 1302 Columella,
907 1260 951 1295 et
978 1253 1143 1295 Plinius
1176 1269 1360 1309 semper,
1389 1260 1437 1296 ut
1469 1268 1647 1296 necesse

233 1333 312 1376 est,
338 1327 428 1367 sive
451 1331 568 1367 ortus
591 1325 838 1371 matutinus,
861 1324 952 1365 sive
975 1324 1259 1378 vespertinus,
1281 1324 1497 1365 interdum
1519 1324 1648 1366 etiam

231 1396 322 1437 sive
344 1395 568 1443 cosmicus‚
593 1395 683 1436 sive
708 1394 911 1441 heliacus,
937 1393 1026 1435 sive
1050 1393 1314 1449 acronychus
1337 1393 1405 1442 sit,
1428 1399 1648 1435 annotant.

234 1464 417 1506 Ovidius
447 1478 555 1512 raro,
580 1478 696 1518 saepe
723 1462 843 1511 falso,
868 1477 982 1517 saepe
1013 1461 1229 1517 ambigue,
1254 1468 1350 1503 uter
1379 1467 1496 1504 ortus
1527 1477 1648 1504 occa-

231 1547 358 1575 susve
381 1533 448 1580 sit,
471 1532 645 1580 indicat,
669 1538 713 1572 et
736 1531 976 1572 videbimus
1007 1531 1117 1572 infra
1146 1545 1244 1572 eum
1267 1531 1340 1573 vix
1372 1531 1510 1586 ipsum
1540 1531 1647 1573 hanc

233 1602 531 1649 differentiam,
582 1606 678 1641 utut
729 1601 970 1649 maximam,
1023 1600 1204 1648 novisse,
1245 1600 1314 1641 vel
1367 1600 1648 1655 expressisse.

232 1671 376 1713 Penes
399 1671 656 1724 interpretes
685 1669 815 1725 igitur
844 1675 990 1710 manet
1017 1683 1187 1723 semper
1207 1669 1497 1724 investigatio,
1520 1669 1648 1725 quale

231 1746 347 1781 ortus
371 1754 508 1794 genus
529 1739 571 1780 in
595 1739 762 1793 singulo
785 1737 878 1779 loco
900 1738 1197 1792 accipiendum
1220 1738 1295 1787 sit;
1324 1744 1370 1779 et
1389 1753 1473 1780 non
1495 1738 1647 1780 mirum

233 1816 300 1851 est
321 1824 436 1864 saepe
460 1823 533 1850 eos
553 1809 596 1849 in
621 1809 792 1850 diversa
821 1809 953 1857 abire,
978 1808 1191 1863 siquidem
1220 1808 1311 1849 sine
1334 1808 1498 1850 calculo
1520 1814 1567 1850 et
1587 1814 1648 1850 ta-

233 1879 333 1920 bula
353 1877 456 1919 nihil
480 1878 559 1919 nisi
581 1877 755 1933 globum
785 1876 921 1918 aliave
946 1876 1194 1918 kalendaria
1214 1877 1257 1918 in
1278 1877 1500 1919 consilium
1523 1891 1649 1919 voca-

234 1954 398 1990 verant.
464 1947 566 1988 Non
601 1946 737 1988 solum
774 1947 827 1988 ad
862 1946 939 1988 hoc
971 1947 1218 1995 videndum,
1250 1947 1326 1988 sed
1363 1947 1563 1988 universe
1595 1947 1648 1989 ad

234 2019 456 2059 veritatem
473 2017 801 2058 astronomicam
817 2017 1147 2071 dijudicandam,
1165 2017 1530 2072 expeditissimam
1545 2031 1648 2059 sane

234 2088 344 2127 viam
368 2086 536 2141 aperuit
556 2093 601 2127 et
621 2087 754 2127 cuivis
775 2093 994 2141 patentem
1017 2086 1277 2128 calculorum
1300 2087 1429 2127 etiam
1451 2086 1648 2141 imperito

235 2155 457 2204 Ρείαυὶιιε,
496 2155 646 2196 tabulis
682 2155 932 2204 condendis,
962 2156 1003 2195 in
1039 2155 1195 2210 quibus
1226 2154 1367 2195 multis
1401 2154 1540 2210 iisque
1574 2169 1647 2197 no-

233 2225 403 2266 tissimis
433 2224 565 2266 stellis
597 2231 714 2266 ortus
737 2239 1001 2280 occasusque
1024 2225 1211 2273 cosmici,
1236 2224 1399 2272 heliaci‚
1423 2223 1650 2280 acronychi

234 2295 287 2335 ad
318 2293 469 2335 Romae
499 2300 544 2334 et
574 2293 853 2336 Alexandriae
886 2294 1162 2342 horizontem,
1191 2308 1286 2334 cum
1317 2294 1534 2348 signorum
1565 2292 1647 2336 Ζο-

237 2363 345 2403 ‹liaci
369 2362 575 2416 partibus,
599 2363 638 2403 in
665 2378 771 2417 quas
802 2377 910 2403 anno
937 2363 1072 2418 primo
1093 2362 1268 2404 Juliano
1291 2362 1551 2410 incidebant,
1575 2362 1648 2404 ad-

236 2431 391 2485 signati
423 2438 536 2471 sunt.
601 2430 837 2485 Uranolog.
860 2446 949 2472 var.
978 2431 1093 2472 Diss.
1132 2446 1173 2485 p.
1197 2430 1383 2472 58—61.
1449 2429 1533 2471 His
1565 2430 1648 2486 sig-

234 2514 381 2540 norum
428 2500 617 2554 partibus
664 2500 716 2540 ad
762 2500 918 2540 mensis
961 2500 1069 2548 dies,
1110 2499 1262 2554 quibus
1305 2505 1404 2540 tunc
1446 2499 1649 2554 temporis

236 2568 551 2623 respondebant
573 2569 809 2610 secundum
835 2569 1102 2617 laterculum,
1125 2569 1239 2624 quod
1268 2584 1309 2623 p.
1329 2569 1401 2610 57.
1426 2568 1646 2622 praemisit,

234 2638 392 2685 relatis,
428 2643 626 2678 accurate
664 2638 842 2693 intelligi
879 2645 1033 2693 potest,
1069 2639 1241 2693 quando
1279 2637 1490 2692 quaepiam
1526 2636 1649 2678 stella

234 2721 343 2747 anno
378 2707 511 2761 primo
536 2705 725 2750 Juliano.
755 2707 818 2747 vel
857 2706 1019 2755 Romae,
1053 2707 1117 2747 vel
1142 2706 1421 2748 Alexandriae
1456 2711 1548 2747 orta
1579 2705 1645 2753 sit,
