1809 3220
191 155 278 198 360
731 154 1079 198 EXCURSUS

189 272 311 314 fastis
332 271 635 313 kalendaribus
658 272 864 327 descripti
887 279 1023 322 erant,
1047 273 1262 316 annalium
1284 274 1326 314 in
1349 288 1510 316 morem
1533 288 1610 316 ex-

184 339 472 383 hibebantur&
537 340 817 396 Magistratus
851 343 1041 398 cujusvis
1070 344 1182 392 anni,
1212 343 1409 385 consules
1440 343 1608 399 potissi-

187 426 304 452 mum
336 411 395 452 ibi
426 411 616 452 annotati
649 425 744 452 esse
777 411 1033 461 debebantk,
1058 419 1102 454 et
1134 427 1231 455 cum
1263 413 1508 454 consulibus
1535 413 1608 454 de-

185 495 302 523 mum
323 480 488 522 initium
513 480 680 534 cepisse
704 481 904 522 videntur
929 496 953 523 e
976 481 1153 523 Valerio
1177 481 1386 529 Maximo,
1410 481 1527 523 libris
1550 481 1607 522 iv,

183 553 224 592 4.
247 566 334 592 sec.
360 551 383 590 l
403 568 412 598 ;
446 556 490 592 et
512 550 582 592 vii.
606 550 648 591 3.
674 566 759 592 sec.
782 551 824 592 2.
849 552 921 592 ubi
950 552 1085 593 altero
1113 553 1153 593 in
1179 552 1274 594 loco
1296 551 1499 593 Valerius
1522 551 1606 593 Po-

184 621 355 677 plicola,
376 620 538 675 primus
562 620 711 661 consul
735 621 969 663 Fastorum
999 622 1108 663 illud
1126 622 1310 663 columen
1334 627 1535 669 vocatur;
1567 619 1610 661 in

185 691 320 732 altero
352 695 496 730 autem
522 689 700 737 Brutus,
727 689 895 731 Valerii
928 691 970 731 in
1002 691 1138 745 primo
1173 690 1397 732 consulatu
1429 690 1609 745 collega,

185 760 307 802 vafro
338 759 423 807 illo,
447 773 532 813 quo
561 759 786 813 Tarquinii
818 759 926 800 filios
958 760 1144 815 decepit,
1173 760 1319 802 osculo
1343 760 1535 815 primum
1565 759 1610 800 in

185 829 334 872 Fastis
352 829 483 870 locum
506 827 584 868 sibi
606 843 779 883 parasse
803 829 971 870 dicitur.
1026 829 1234 871 Poterant
1256 830 1386 885 igitur
1407 828 1608 884 gentibus

188 899 396 942 Romanis
431 898 618 952 antiquae
648 913 794 938 earum
827 898 1036 939 nobilitati
1066 899 1299 953 probandae
1328 897 1551 946 inservire,
1570 897 1611 938 si

182 969 329 1024 plures
359 967 423 1008 sui
455 968 636 1008 nominis
666 968 721 1008 ibi
751 969 885 1009 notati
916 974 1051 1017 erant,
1079 969 1191 1009 unde
1214 983 1254 1009 v.
1279 983 1315 1009 c.
1382 966 1607 1015 Horatius,

186 1039 274 1081 Od.
300 1036 392 1078 III.
417 1037 520 1078 xvii.
543 1036 585 1077 2.
611 1037 773 1078 Lamiae
805 1038 869 1078 sui
899 1052 1080 1092 proavos
1113 1038 1154 1078 in
1178 1037 1298 1078 fastis
1321 1037 1511 1090 undique
1533 1049 1607 1076 no-

183 1113 294 1149 tatos
318 1106 488 1161 generis
515 1105 780 1147 nobilitatem
804 1121 828 1147 a
851 1106 983 1148 Lamo
1005 1107 1076 1148 illo
1096 1113 1260 1155 vetere,
1282 1106 1608 1162 Laestrygonum

182 1191 302 1232 rege,
337 1191 393 1218 ex
427 1181 528 1217 nota
563 1174 855 1217 Romanorum
889 1177 1079 1217 vanitate
1118 1183 1162 1217 et
1199 1183 1425 1231 poetarum
1462 1174 1607 1216 adula-

187 1248 318 1296 tione,
344 1247 505 1288 ducere
528 1247 667 1287 canit:

395 1333 487 1378 AEli,
506 1341 660 1372 vetusto
679 1334 816 1372 nobilis
835 1335 882 1373 ab
902 1335 1036 1380 Lamo,

397 1398 566 1444 Quando
586 1406 625 1436 et
644 1398 787 1449 priores
808 1399 898 1437 hine
918 1400 1072 1438 Lamias
1092 1400 1223 1438 ferunt

450 1461 741 1507 Denominutos,
763 1470 802 1500 et
822 1471 1007 1515 nepotum

502 1525 578 1564 Per
599 1540 777 1563 memores
796 1540 918 1577 genus
938 1541 1050 1565 omne
1056 1526 1193 1578 faslos

394 1590 566 1628 Auctore
586 1591 632 1628 ab
654 1589 719 1628 illo
739 1590 846 1629 ducit
867 1591 1066 1642 originem.

226 1704 233 1725 ¹
257 1703 325 1735 Cic.
343 1702 382 1734 ad
403 1702 467 1732 div.
487 1713 518 1733 v.
540 1703 589 1733 12.
606 1702 638 1733 in
663 1701 859 1733 nobilissima

182 1754 316 1799 epistola
338 1752 377 1784 ad
402 1752 594 1784 Lucceium:
636 1751 760 1783 Etenim
784 1751 859 1783 ordo

181 1805 248 1849 ipse
267 1802 430 1835 annalium
448 1802 645 1834 mediocriter
662 1813 717 1833 nos
733 1802 858 1838 retinet,

182 1855 274 1898 quasi
299 1855 524 1885 enumeratione
537 1853 711 1895 justorum.
759 1853 859 1884 Hora-

183 1906 246 1937 tius
269 1904 314 1936 ita
337 1905 406 1935 Sat.
426 1903 452 1934 Ι.
475 1903 521 1935 iii.
543 1904 614 1934 112.
626 1905 728 1945 fastos
752 1905 861 1934 mundi

182 1956 222 1988 de
251 1954 348 1986 totius
378 1953 515 1985 universi
550 1953 680 1985 historia
709 1953 799 1989 dicit,
829 1959 862 1984 et

182 2006 291 2038 Carm.
315 2004 375 2035 IV.
399 2003 466 2034 xiii.
492 2004 541 2034 13.
567 2004 684 2046 Lycen,
707 2010 741 2034 ut
767 2009 861 2034 aetate

180 2055 313 2091 fruatur,
338 2053 522 2089 admonens,
549 2064 666 2085 annum
691 2052 780 2084 fastis
809 2063 858 2083 se-

182 2105 245 2137 mel
268 2104 462 2146 adscriptum
485 2103 726 2135 irrevocabilem
748 2110 855 2135 vocat:

180 2161 202 2175 ‘¹
221 2157 291 2188 Nec
309 2155 382 2186 Coae
400 2154 538 2186 referunt
554 2154 620 2196 jam
639 2154 696 2185 tibi
713 2165 858 2197 purpurae

182 2208 254 2240 Nec
271 2206 347 2237 clari
362 2205 486 2247 lapides
506 2211 657 2248 tempora,
675 2215 745 2247 quae
762 2205 860 2236 semel

184 2257 275 2288 Notis
302 2256 423 2287 condita
439 2254 537 2296 fastis
563 2254 700 2286 Inclusit
724 2254 859 2286 volucris

181 2307 282 2340 dies.”

225 2355 241 2377 k
264 2357 334 2388 Liv.
350 2355 393 2387 ix.
411 2357 461 2387 18.
477 2355 612 2398 paginas
635 2355 667 2386 iu
692 2355 859 2387 annalibus

181 2406 438 2450 magistratuum,
456 2407 608 2448 fastisque
624 2416 804 2448 percurrere
819 2406 858 2437 li-

181 2464 244 2495 cet,
260 2457 426 2489 consulum
443 2456 708 2498 dictatorumque,
723 2468 856 2498 quorum

180 2520 241 2541 nec
258 2507 382 2539 virtutis
395 2517 452 2538 nec
469 2506 599 2538 fortunae
617 2507 682 2538 ullo
697 2507 749 2538 die
764 2509 802 2539 P.
815 2508 858 2539 R.

181 2557 343 2602 poenituit.
389 2556 532 2588 Annales
567 2557 809 2598 magistratuum
839 2569 858 2589 a

182 2609 272 2640 fastis
301 2606 437 2639 discerni
463 2607 621 2644 videntur,
646 2607 691 2638 ita
720 2614 755 2638 ut
785 2608 857 2640 fasti

183 2658 307 2690 nonnisi
322 2657 468 2689 consules
480 2657 613 2699 singulis
625 2656 715 2688 annis
726 2657 857 2700 inscrip-

182 2715 240 2746 tos,
257 2707 387 2740 annales
408 2713 513 2739 autem
534 2707 775 2750 magistratuum
796 2718 857 2739 cae-

183 2766 263 2790 teros
279 2758 481 2800 magistratus
496 2757 758 2800 complectantur.
789 2757 858 2789 Cic.

929 1702 968 1733 ad
998 1704 1066 1734 Att.
1092 1702 1134 1733 iv.
1158 1702 1219 1745 Ep.
1245 1702 1282 1732 8:
1321 1701 1353 1732 Si
1381 1711 1466 1737 vero,
1494 1701 1524 1733 id
1549 1706 1607 1738 est,

929 1752 1014 1794 quod
1032 1752 1149 1788 nescio,
1165 1763 1206 1783 an
1220 1752 1270 1789 sit,
1287 1758 1322 1783 ut
1338 1764 1398 1782 non
1419 1753 1520 1783 miuus
1541 1752 1606 1783 lon-

927 1814 982 1845 gus
997 1805 1067 1843 jam
1091 1804 1122 1833 in
1146 1804 1356 1834 codicillorum
1367 1802 1465 1843 fustis
1475 1801 1610 1844 futuro-

930 1864 997 1883 rum
1015 1854 1171 1884 consutum
1188 1853 1352 1895 paginulas
1368 1852 1498 1888 habeat,
1513 1862 1609 1894 quam

931 1902 1097 1940 sactorum,
1113 1903 1191 1945 quid
1216 1903 1271 1934 illo
1294 1902 1449 1939 miserius,
1465 1901 1522 1933 nisi
1546 1912 1610 1934 res-

931 1953 1070 1995 publica,
1096 1956 1128 1985 in
1155 1964 1219 1996 qua
1247 1964 1286 1984 ne
1311 1958 1453 1995 speratur
1479 1952 1610 1995 quidem

933 2003 1044 2034 melius
1069 2003 1257 2046 quidquam,
1282 2003 1336 2034 ubi
1362 2002 1464 2034 cuivis
1487 2002 1609 2034 consuli

931 2066 989 2086 sua
1011 2055 1127 2098 pagina
1148 2055 1307 2086 destinata
1324 2054 1448 2085 videtur
1468 2053 1513 2085 ita
1535 2065 1607 2096 pro-

930 2106 1088 2143 babiliter,
1111 2111 1146 2137 ut
1170 2105 1318 2137 consules
1340 2103 1437 2135 annui
1458 2104 1608 2135 fastorum

931 2157 1021 2187 annis
1038 2155 1323 2199 superscribantur.
1370 2153 1540 2191 Martialis,
1553 2153 1608 2186 xii.

930 2207 983 2237 26.
1003 2206 1161 2238 hominem
1185 2205 1378 2248 perstringit,
1395 2204 1449 2247 qui
1469 2204 1537 2247 jam
1557 2214 1608 2235 se-

928 2262 1030 2293 nator,
1046 2256 1079 2287 id
1102 2257 1228 2299 insuper
1245 2255 1379 2298 adpetit,
1395 2261 1430 2286 ut
1447 2254 1535 2286 fastis
1551 2254 1607 2286 ad-

927 2308 1083 2339 scribatur
1107 2313 1138 2339 et
1163 2307 1358 2350 provinciam
1381 2306 1609 2346 nanciscatur3

928 2357 1044 2399 quibus
1058 2358 1150 2388 rebus
1164 2356 1302 2399 dignitas
1314 2355 1488 2387 consularis
1501 2355 1605 2387 innui-

927 2413 995 2439 tur:
1025 2407 1237 2450 “Sexaginta
1262 2414 1346 2438 teras
1372 2417 1471 2449 quum
1496 2405 1608 2438 limina

927 2467 1019 2489 mane
1031 2464 1163 2495 senator,
1180 2458 1257 2489 Esse
1272 2456 1329 2488 tibi
1346 2456 1454 2488 videor
1469 2455 1606 2488 desidio-

925 2519 978 2540 sus
994 2519 1104 2551 equeS,
1121 2508 1216 2546 Quod
1234 2519 1295 2539 non
1320 2519 1339 2540 a
1359 2507 1459 2551 prima
1480 2507 1604 2539 discur-

926 2569 990 2589 ram
1016 2559 1087 2590 luce
1111 2569 1166 2601 per
1190 2559 1315 2590 urbem.
1347 2579 1597 2589 ............

926 2609 989 2640 Sed
1009 2615 1043 2640 tu
1064 2609 1229 2652 purpureis
1251 2614 1287 2640 ut
1307 2608 1363 2640 des
1385 2618 1466 2639 nova
1481 2610 1605 2639 nomina

928 2659 1040 2696 Fastis,
1055 2659 1123 2690 Aut
1143 2660 1173 2690 N
1178 2658 1320 2691 umidum
1344 2663 1456 2700 gentes
1477 2658 1604 2700 Cappa«

927 2708 1105 2751 (locumque
1122 2714 1223 2751 petas,
1240 2714 1301 2741 etc.
