1830 3220
211 212 250 252 vi
711 205 1105 247 PROOEMIUM.

214 339 323 373 rum,
346 338 430 364 non
452 329 618 364 constat
640 336 724 375 quo
748 321 911 369 ordine,
936 334 1112 368 canere3
1147 318 1277 367 aliud,
1301 318 1615 360 Kalendarium

214 392 458 434 Romanum
494 389 678 431 carmine
716 388 931 442 persequi,
974 401 1211 441 causasque
1247 387 1431 428 reddere
1467 401 1616 428 eorum

213 460 414 508 omnium,
436 473 533 512 quae
554 456 608 497 ad
630 456 721 497 dies
750 454 941 510 singulos
962 455 1110 509 paucis
1130 453 1264 496 literis
1286 462 1433 497 notata
1453 460 1614 497 erant³.

215 526 477 583 Exemplum
505 527 598 580 ejus
619 523 899 579 Argumentis
927 522 1135 564 librorum
1157 523 1434 578 subjecimus,
1457 523 1502 563 id
1523 523 1617 577 qui-

214 596 327 645 dem,
350 595 467 650 quod
488 609 511 635 e
534 592 744 649 pluribus,
767 607 864 647 quae
886 598 1071 641 exstant,
1095 592 1222 633 etiam
1245 590 1616 633 Mitscherlichius

212 663 354 719 elegit.
416 662 615 704 Formam
650 661 742 715 ejus
778 660 909 701 fuisse
937 659 1130 700 videmus
1166 658 1309 708 talem,
1341 667 1390 700 ut
1419 674 1506 700 non
1536 659 1618 699 nisi

213 732 431 787 ingenium
461 729 691 771 multarum
723 743 865 770 rerum
898 728 1076 769 scientia
1103 727 1372 777 inundatum,
1401 735 1532 782 atque
1556 733 1619 768 te-

215 799 426 841 nuissimis
447 798 574 839 etiam
594 798 724 838 rebus
750 796 1010 838 exornandis
1038 795 1255 845 idoneum,
1279 794 1334 835 ad
1358 809 1402 836 se
1431 801 1620 836 tractan-

215 868 319 909 dum
338 866 517 908 invitare
537 871 699 920 posset.

272 935 323 976 In
343 934 636 976 examinandis
658 932 918 974 carminibus
947 931 1135 972 inventio
1157 946 1299 972 rerum
1321 946 1370 972 ac
1393 930 1617 986 dispositio

213 1004 397 1059 primum
414 1003 599 1057 spectari
620 1001 746 1051 solet3
770 1008 900 1055 atque
918 1000 984 1041 his
1006 1000 1224 1055 ingenium
1243 1006 1386 1054 poetae
1399 999 1467 1041 vel
1485 1000 1620 1040 maxi-

215 1086 282 1113 me
317 1071 565 1112 aestimatur.
627 1069 793 1111 Verum
822 1068 982 1110 Ovidio
1011 1068 1112 1109 inde
1139 1066 1233 1109 laus
1265 1067 1450 1109 debetur
1480 1083 1619 1123 prope

215 1138 357 1189 nulla3
390 1139 546 1180 etenim
569 1137 689 1179 Fasti
717 1138 934 1179 docebant
953 1136 1051 1191 ipsi,
1074 1142 1118 1178 et
1138 1151 1245 1191 quas
1273 1151 1356 1186 res,
1378 1143 1422 1177 et
1443 1151 1529 1191 quo
1551 1151 1620 1177 or-

214 1207 316 1249 dine
337 1205 525 1262 singulas
546 1213 764 1248 tractaret.
819 1204 910 1246 Illae
926 1219 1027 1246 vero
1049 1204 1104 1246 ad
1126 1204 1219 1246 haec
1236 1203 1370 1246 ferme
1392 1204 1534 1259 capita
1554 1219 1620 1245 re·

215 1275 358 1317 vocari
374 1281 555 1330 possunt
572 1290 580 1315 ε
603 1273 658 1315 ad
679 1274 1012 1329 descriptionem
1033 1273 1133 1313 anni
1154 1272 1355 1322 Romani,
1377 1287 1618 1321 numerum,

217 1343 410 1385 ordinem
439 1350 483 1384 et
515 1343 686 1383 nomina
715 1342 939 1391 mensium,
966 1341 1296 1396 discriminaque
1329 1341 1519 1391 dierum;
1563 1341 1618 1382 ad

217 1410 409 1454 coelestia
435 1409 654 1459 nonnulla,
677 1417 816 1451 ortum
837 1417 880 1450 et
907 1423 1105 1450 occasum
1133 1409 1337 1459 siderum,
1360 1409 1479 1450 initia
1499 1409 1622 1450 vicis-

218 1479 450 1521 situdinum
491 1493 744 1528 annuarum,
776 1477 960 1533 solisque
991 1493 1069 1533 per
1097 1479 1219 1533 signa
1252 1478 1434 1520 Zodiaci
1466 1479 1621 1520 decur-

218 1562 334 1597 sum3
356 1547 411 1587 ad
428 1547 741 1588 dedicationem
761 1546 1017 1602 templorum
1032 1565 1041 1596 3
1065 1547 1119 1587 ad
1137 1546 1345 1588 festorum
1360 1555 1404 1588 et
1419 1546 1620 1588 ludorum

216 1614 284 1657 vel
310 1615 533 1664 rationem,
554 1614 622 1656 vel
649 1615 880 1670 originem3
914 1615 966 1656 ad
997 1630 1066 1656 res
1093 1615 1281 1670 denique
1306 1614 1619 1665 memorabiles,

216 1682 283 1724 vel
313 1684 368 1724 ab
399 1683 585 1738 antiquis
609 1682 832 1732 Romanis,
860 1682 927 1724 vel
961 1684 1015 1724 ab
1045 1682 1265 1737 Augusto,
1297 1682 1477 1724 Tiberio
1508 1683 1621 1725 Ger-

215 1751 465 1805 manicoque
490 1752 635 1806 gestis,
698 1750 781 1791 His
804 1750 987 1792 Ovidius
1008 1759 1167 1806 praeter
1188 1752 1489 1793 necessitatem
1510 1752 1622 1793 side-

216 1833 308 1860 rum
339 1818 567 1860 multorum
589 1819 795 1874 originem
817 1819 999 1860 addidit.
1062 1819 1235 1875 Insigne
1254 1820 1388 1875 igitur
1409 1820 1492 1862 hoc
1513 1835 1622 1875 opus

217 1894 260 1928 et
291 1887 553 1928 uberrimum
579 1888 738 1929 dixeris
769 1903 794 1928 a
821 1902 963 1929 rerum
988 1889 1042 1930 ad
1071 1890 1420 1944 cognoscendum
1450 1890 1622 1931 minime

217 1954 485 1996 illiberalium
520 1956 657 2010 copia.
722 1956 773 1997 In
808 1957 899 1998 istis
936 1965 1079 1999 autem
1110 1958 1308 1998 omnibus
1344 1972 1430 1998 non
1465 1957 1622 1999 licebat

219 2029 376 2078 poetae,
397 2038 494 2078 quae
515 2023 656 2073 vellet,
682 2024 863 2080 fingere,
887 2025 964 2066 sed
994 2040 1046 2066 ea
1072 2024 1170 2080 lege
1191 2025 1433 2074 tenebatur,
1456 2033 1504 2066 ut
1525 2040 1622 2080 quae

218 2097 367 2132 notata
400 2097 544 2132 essent
571 2092 626 2132 ab
652 2091 759 2142 aliis,
782 2100 856 2133 aut
886 2093 1059 2143 tradita,
1084 2108 1136 2134 ea
1163 2092 1351 2135 fideliter
1377 2100 1620 2148 repeteret;

217 2167 276 2208 et,
309 2160 343 2200 si
373 2160 625 2202 traditiones
661 2162 970 2216 sententiaeque
1003 2162 1114 2204 inter
1154 2177 1199 2203 se
1240 2161 1512 2211 dissiderent,
1548 2169 1622 2202 aut

218 2243 312 2270 eam
333 2236 599 2284 excerperet,
622 2245 718 2285 quae
746 2231 827 2285 ipsi
848 2231 1066 2273 videretur
1086 2231 1280 2286 proxime
1301 2230 1356 2271 ad
1378 2245 1525 2271 verum
1553 2244 1623 2271 ac·

219 2296 388 2346 cedere,
410 2304 484 2337 aut
505 2296 650 2352 plures
672 2297 821 2340 lectori
842 2299 1140 2354 dijudicandas
1157 2305 1433 2354 proponeret.
1471 2298 1621 2353 Atque

218 2364 333 2406 hunc
355 2379 526 2406 cursum
548 2380 625 2420 per
642 2374 779 2408 totum
800 2382 970 2409 carmen
992 2368 1144 2409 tenuit.
1180 2367 1338 2408 Ortum
1358 2373 1402 2408 et
1423 2380 1622 2407 occasum

219 2433 406 2474 siderum
436 2440 606 2475 notasse
638 2435 807 2476 videtur
839 2451 861 2476 e
889 2435 1156 2477 Kalendario
1190 2435 1391 2489 quodam,
1426 2434 1622 2476 adhibito

261 2560 274 2575 ²
298 2557 348 2589 De
366 2557 464 2588 Fastis
483 2557 710 2594 Romanorum,
729 2564 793 2590 tam
809 2559 1034 2591 Kalendaribus
1051 2570 1145 2601 quam
1164 2559 1336 2595 Historicis,
1351 2569 1454 2601 pauca
1474 2558 1620 2595 diximus,

219 2611 257 2642 ad
278 2610 299 2643 i.
322 2613 336 2642 l
357 2618 387 2642 et
405 2613 434 2642 7.
473 2612 569 2643 Plura
589 2612 628 2643 de
651 2612 689 2642 iis
709 2613 848 2655 disputat
876 2615 1020 2645 Gesenius
1039 2615 1070 2644 in
1092 2614 1250 2656 Symbolis
1269 2614 1438 2645 Observat.
1459 2613 1497 2643 ad
1514 2612 1622 2644 Ovidii

218 2665 338 2696 Fastos.
386 2666 547 2697 Nonnulla
570 2666 663 2697 etiarn
689 2668 838 2709 praemisit
864 2668 995 2699 Lenzius
1015 2668 1095 2699 notis
1115 2669 1153 2699 ad
1178 2669 1246 2699 loca
1268 2668 1385 2699 selecta
1406 2668 1567 2698 Fastorum
1589 2666 1620 2697 in

218 2719 349 2761 Encycl.
366 2720 472 2751 Schol.
