1830 3220
811 164 953 206 IBIS.

1499 162 1584 204 481

162 278 273 328 Nec
301 296 355 328 se
383 279 661 337 Vulcanus,
692 296 785 328 nec
811 297 865 329 se
891 281 981 329 tibi
1010 280 1233 345 praebeat
1258 296 1369 328 aer:

230 357 278 405 N
283 375 341 406 ec
367 358 457 405 tibi
484 358 572 406 det
597 358 764 415 tellus,
793 375 887 407 nec
914 359 1003 406 tibi
1030 366 1214 423 pontus
1240 358 1349 406 iter.

160 434 339 492 Exsul,
367 436 513 500 inops
536 452 689 493 erres,
718 437 985 500 alienaque
1012 437 1184 484 limina
1208 438 1408 492 lustres,

229 513 589 578 Exiguumque
619 521 764 578 petas
791 531 875 562 ore
901 521 1149 562 tremente
1175 514 1362 562 cibum.

159 592 270 642 Nec
297 609 480 656 corpus
508 592 736 656 querulo,
760 608 853 640 nec
881 607 1024 640 mens
1044 599 1190 640 vacet
1214 608 1348 655 aegra
1372 590 1542 638 dolore
1564 608 1574 648 ;

227 670 447 735 Noxque
469 670 551 718 die
577 670 770 733 gravior
795 670 860 717 sit
883 669 990 726 tibi,
1014 677 1163 717 nocte
1189 670 1315 718 dies.

1482 671 1572 715 116

159 750 345 814 Sisque
369 749 521 797 miser
545 765 773 813 semper3
816 764 910 796 nec
937 748 1004 796 sis
1030 748 1329 797 miserabilis
1354 747 1472 794 ulli:

225 828 462 876 Gaudeat
487 827 710 875 adversis
735 825 922 874 semina
946 827 1120 891 virque
1147 826 1263 874 tuis.

152 906 384 955 Accedat
407 905 644 971 lacrymis
670 905 856 962 odium,
885 904 1171 968 dignusque
1199 911 1393 969 putere,

220 985 321 1041 Qui
341 986 488 1043 mala,
508 1001 666 1050 quum
685 985 858 1033 tuleris
882 984 1116 1049 plurima,
1136 983 1282 1048 plura
1306 982 1453 1030 feras,
1477 984 1569 1029 120

153 1064 350 1128 Sitque,
380 1064 516 1128 quod
543 1071 621 1112 est
642 1079 824 1121 rarum,
854 1063 999 1111 solito
1021 1062 1222 1110 defecta
1246 1061 1409 1110 favore

219 1143 474 1191 AErumnae
499 1142 653 1190 facies
680 1142 924 1189 invidiosa
949 1148 1067 1189 tuae.

153 1221 424 1285 Causaque
450 1238 546 1269 non
576 1220 723 1277 desit,
753 1219 885 1268 desit
910 1220 1000 1267 tibi
1027 1219 1174 1284 copia
1198 1219 1402 1266 mortis:

221 1299 463 1364 Optatam
488 1297 651 1362 fugiat
670 1298 771 1345 vita
795 1305 973 1345 coacta
996 1314 1194 1346 necem.

152 1377 502 1441 Luctatusque
528 1377 612 1424 diu
639 1377 889 1425 cruciatos
915 1377 1118 1441 spiritus
1144 1383 1282 1424 artus

1473 1377 1564 1422 125

220 1455 453 1512 Deserat,
481 1462 533 1503 et
557 1455 709 1518 longa
731 1462 969 1519 torqueat
994 1463 1111 1502 ante
1137 1470 1290 1502 mora.

150 1533 427 1583 Evenient:
469 1534 611 1582 dedit
635 1534 742 1598 ipse
771 1533 892 1580 mihi
918 1533 1068 1581 modo
1094 1533 1238 1596 signa
1257 1531 1411 1579 futuri

218 1613 474 1671 Phoebus3
516 1619 568 1660 et
593 1628 622 1660 a
645 1612 771 1660 laeva
795 1619 976 1659 moesta
992 1610 1176 1658 volavit
1201 1610 1321 1658 avis.

148 1691 303 1740 Certe
329 1708 437 1756 ego,
467 1707 581 1754 quae
606 1706 776 1747 voveo,
808 1689 1030 1754 Superos
1056 1697 1254 1737 motura
1280 1688 1483 1753 putab0‚

218 1769 427 1835 Speque
452 1776 552 1817 tuae
578 1767 769 1826 mortis,
794 1768 1001 1833 perfide,
1030 1783 1231 1832 semper
1257 1767 1376 1814 alar.

1473 1769 1564 1813 130

148 1848 314 1897 Finiet
338 1849 423 1896 illa
447 1847 573 1903 dies,
602 1863 717 1911 quae
744 1854 794 1895 te
821 1846 941 1893 mihi
966 1846 1229 1894 subtrahet
1254 1845 1402 1902 oli1n3

216 1927 381 1975 Finiet
405 1927 491 1974 illa
516 1925 640 1983 dies,
670 1942 783 1989 quae
808 1925 931 1972 mihi
958 1924 1103 1972 tarda
1129 1924 1293 1972 venit:

148 2006 216 2055 Et
239 2006 377 2072 prius
403 2007 533 2054 hanc
560 2004 794 2061 animam,
823 2004 1032 2052 nimium
1052 2004 1143 2051 tibi
1170 2020 1305 2068 saepe
1332 2003 1559 2068 petitam,

213 2084 426 2134 Auferet
449 2085 535 2133 illa
558 2084 685 2141 dies,
715 2100 829 2148 quae
855 2083 977 2131 mihi
1004 2098 1116 2131 sera
1140 2082 1305 2139 venit;

193 2223 267 2253 123.
293 2221 451 2263 Causaque
474 2233 533 2252 non
557 2223 646 2259 desit,
667 2223 743 2253 desit
768 2223 822 2252 tibi

145 2274 230 2313 copia
245 2272 380 2314 mortis]
399 2273 499 2304 Juxta
512 2272 722 2314 Sophocleum
740 2271 821 2302 illud

146 2323 179 2354 in
193 2322 333 2359 Electra,
349 2333 416 2353 ver.
437 2323 537 2352 1010:
564 2322 612 2353 Οὐ
627 2323 692 2365 γὰρ
705 2323 821 2354 aava»

147 2373 312 2415 ἔχθιστον,
333 2372 407 2404 ἀλλ’
429 2372 514 2405 ὅταν
538 2373 654 2404 eamr-v
677 2372 820 2414 Χρήζων

146 2436 206 2460 τις,
222 2423 290 2455 εἶτα
301 2421 381 2465 μηδὲ
396 2422 482 2454 τοῦτ’
501 2423 561 2465 ἔχῃ
577 2422 711 2464 λαβεῖν.

193 2473 266 2504 127.
286 2472 461 2514 Evenient]
485 2471 581 2503 Omni
598 2472 630 2503 in
646 2483 678 2503 re
695 2471 820 2513 agenda

145 2523 357 2554 observabant
373 2523 506 2565 majores
521 2522 623 2564 signa,
640 2533 710 2564 quae
729 2532 747 2553 a
763 2533 820 2553 nu-

146 2572 285 2604 minibus
308 2572 476 2603 darentur:
502 2577 538 2603 ut
561 2577 617 2603 aut
639 2572 687 2603 his
709 2571 820 2603 confir-

144 2622 223 2654 mati
249 2633 313 2654 rem
337 2622 518 2653 inchoatam
543 2622 741 2664 perficerent,
766 2627 820 2652 aut

146 2673 303 2716 perterriti
329 2672 528 2703 desisterent.
580 2672 734 2703 Inchoato
761 2672 820 2713 igi-

148 2729 200 2754 tur
223 2722 403 2754 devotionis
430 2723 582 2758 carmine,
610 2722 701 2763 fingit
729 2727 823 2764 poeta

149 2774 237 2805 Deos
281 2772 374 2815 signa
418 2773 555 2810 dedisse,
592 2772 709 2815 quibus
754 2782 824 2814 por-

196 2824 298 2857 VoL.
317 2825 359 2857 V.

892 2219 1067 2251 tendebant
1096 2220 1165 2262 ejus
1201 2217 1460 2261 imprecationem
1499 2217 1563 2248 fore

891 2275 1005 2301 ratam.

939 2321 1012 2351 128.
1040 2320 1080 2350 Et
1096 2332 1115 2350 a
1132 2321 1203 2350 laeva
1220 2318 1349 2359 mesta]
1378 2316 1461 2350 Coeli
1475 2322 1563 2359 parte

890 2370 1034 2401 sinistra:
1066 2371 1105 2401 ab
1133 2381 1171 2401 ea
1198 2369 1282 2400 enim
1311 2367 1466 2399 Romanis
1494 2378 1564 2409 pro-

888 2431 980 2463 spera
1001 2420 1143 2462 auguria.
1189 2419 1297 2452 Graiis
1313 2425 1345 2450 et
1359 2417 1511 2450 Barbaris
1527 2428 1564 2448 ea

889 2471 1020 2502 meliora
1036 2476 1136 2505 erant,
1153 2480 1224 2512 quae
1246 2479 1265 2499 a
1283 2468 1394 2499 dextra
1414 2466 1488 2498 coeli
1508 2466 1564 2497 da-

888 2521 1024 2559 bantur3
1043 2520 1115 2552 vide
1131 2520 1202 2552 Cic.
1217 2519 1249 2550 ii.
1265 2519 1304 2550 de
1321 2518 1465 2549 Divinat.
1481 2517 1562 2554 Quae

890 2577 996 2601 essent
1011 2581 1085 2601 aves
1100 2570 1174 2601 mali
1191 2568 1316 2605 ominis,
1334 2567 1457 2599 Plinius
1472 2566 1564 2598 docet

889 2621 922 2652 in
938 2622 979 2652 X.
995 2622 1075 2651 Ziin.

937 2672 1008 2703 131.
1026 2671 1129 2701 Finiet
1147 2670 1199 2700 illa
1217 2669 1307 2709 diesu]
1326 2668 1562 2710 Supervacuum

889 2727 938 2752 est
956 2721 1015 2752 hoc
1037 2719 1206 2754 distichon,
1223 2725 1255 2749 et
1279 2729 1297 2748 a
1318 2728 1416 2748 manu
1437 2715 1564 2748 indocta

895 2771 946 2803 hic
962 2771 1169 2802 inculcatum.
1192 2770 1311 2800 Hems.

1028 2821 1092 2857 3Q
