1830 3220
493 173 844 216 FASTORUM
877 174 998 216 LIB.
1030 173 1118 216 III.

1445 175 1532 218 133

113 290 211 339 Hic
231 291 357 339 latet
382 289 697 356 Hippolytus
723 290 864 339 furiis
883 291 1113 355 direptus
1131 306 1380 355 equorum
1397 309 1408 349 3
1427 294 1526 339 265

180 370 331 418 Unde
357 387 535 418 nemus
561 370 711 417 nullis
740 370 862 416 illud
888 370 1040 417 initur
1066 370 1231 433 equis.

113 449 253 497 Licia
277 449 588 514 dependent,
616 449 792 512 longas
818 447 1039 496 velantia
1064 464 1246 512 saepes,

182 528 250 575 Et
274 528 440 592 posita
465 535 544 576 est
567 527 758 575 meritae
784 527 946 574 multa
969 527 1160 574 tabella
1186 526 1328 574 Deae.

115 606 264 671 Saepe
289 614 469 670 potens
494 605 612 662 voti,
639 604 855 653 frontem
882 604 1117 652 redimita
1143 605 1359 661 coronis,

184 684 397 732 Femina
421 685 652 731 lucentes
679 690 848 748 portat
874 684 936 731 ab
963 684 1088 731 urbe
1113 683 1267 730 faces.

1437 687 1539 731 270

116 763 298 826 Regna
312 768 491 810 tenent
505 761 764 826 fortesque
782 779 950 818 manu,
964 761 1287 826 pedibusque
1299 760 1506 825 fugaces
1522 780 1534 820 ;

185 840 252 888 Et
278 841 411 905 perit
435 841 672 904 exemplo
699 841 968 905 postmodo
995 839 1215 904 quisque
1242 856 1350 888 suo.

119 918 312 968 Defluit
336 918 530 967 incerto
556 918 817 983 lapidosus
845 933 1101 966 murmure
1127 917 1289 966 rivus:

187 996 354 1061 Saepe,
383 997 474 1045 sed
500 997 700 1060 exiguis
726 996 1010 1053 haustibus,
1038 996 1156 1044 inde
1181 996 1343 1044 bibes.

119 1075 305 1139 Egeria
320 1085 414 1134 est,
434 1093 550 1141 quae
567 1077 764 1141 praebet
783 1092 959 1140 aquas,
979 1076 1093 1123 Dea
1112 1082 1254 1138 grata
1271 1075 1535 1123 Camenis:

186 1154 282 1203 Illa
308 1155 491 1203 Numae
517 1157 724 1220 conjux,
753 1155 1126 1218 consiliumque
1145 1153 1258 1202 fuit.

1439 1156 1538 1201 276

120 1233 377 1298 Principio
403 1234 614 1281 nimium
641 1241 867 1298 promtos
894 1233 958 1280 ad
985 1233 1121 1280 bella
1146 1231 1371 1286 Quirites

187 1311 378 1359 Molliri
404 1313 597 1377 placuit
616 1314 747 1376 jure,
778 1312 1047 1375 Deumque
1073 1317 1231 1358 metu.

163 1475 239 1506 267.
263 1475 314 1506 Sic
333 1474 515 1517 superstitio
530 1481 673 1507 veterum
694 1476 796 1507 colere

120 1524 243 1555 solebat
258 1524 329 1555 loca
344 1536 445 1557 sacra.
472 1526 608 1557 Metam.
625 1525 692 1557 viii.
710 1527 774 1557 744
788 1538 794 1556 :

118 1578 139 1591 “
156 1574 251 1605 Vittae
270 1574 408 1606 mediam
428 1575 606 1618 (arborem)
628 1586 798 1608 memores-

121 1635 183 1666 que
204 1624 330 1656 tabellae
352 1626 507 1667 Sertaque
529 1625 714 1668 cingebant,
733 1626 798 1657 voti

121 1681 309 1717 argumenta
345 1675 519 1718 potentis.'’
568 1676 696 1707 Tabelloe
733 1676 797 1706 illae

121 1725 226 1767 effigie
242 1726 322 1757 Deae
338 1725 504 1768 titulisque
524 1725 682 1768 insignitae
699 1732 798 1757 erant.

124 1775 209 1806 Vide
221 1776 327 1818 Heyn.
340 1775 380 1807 ad
391 1775 500 1807 Tibul.
513 1777 543 1807 I.
553 1775 598 1807 iii.
609 1777 664 1807 28.
692 1776 799 1807 Velare

125 1825 213 1856 verb.
231 1836 279 1867 pr.
293 1825 326 1856 in
343 1825 402 1856 hac
417 1836 461 1857 re.
496 1825 650 1856 Mulieres
664 1831 799 1865 potentes

124 1877 196 1912 voti,
213 1880 374 1918 compotes
391 1875 484 1906 factae
500 1875 576 1912 voti,
591 1874 708 1906 Dianae
725 1880 798 1906 vota

121 1925 290 1956 solvebant
305 1924 403 1956 etiam
419 1926 475 1962 sic,
491 1931 526 1956 ut
545 1925 669 1956 facibus
684 1924 798 1956 delatis

122 1974 306 2007 ardentibus
345 1975 453 2006 lucum
484 1975 553 2017 ejus
589 1974 797 2006 illustrarent.

125 2023 202 2055 Vid.
227 2024 425 2057 Wernsdorf.
446 2025 528 2056 Exc.
551 2023 607 2056 vii.
633 2024 673 2055 ad
697 2023 801 2056 Gratii

122 2073 250 2115 Cyneg.
297 2074 455 2106 Matronis
471 2086 504 2106 se
525 2074 748 2106 immiscebant
768 2084 801 2105 e-

126 2123 202 2155 tiam
220 2125 336 2167 puellae
350 2130 506 2156 amantes.
531 2125 648 2167 Itaque
659 2124 802 2166 Propert.

125 2174 171 2205 II.
203 2175 290 2205 xxiii.
319 2176 373 2206 39.
404 2186 469 2206 suae
504 2175 685 2217 exprobrat,
717 2173 802 2216 quod

126 2224 202 2255 velit
225 2229 245 2243 “
261 2226 403 2257 accensis
426 2235 550 2257 currere
570 2224 663 2255 taedis
685 2224 725 2254 In
749 2234 803 2255 ne-

126 2284 207 2311 mus,
235 2280 266 2306 et
294 2275 409 2306 'l'riviae
433 2274 556 2306 lumina
585 2274 666 2306 ferre
689 2273 802 2305 Deae.'’

125 2325 282 2356 Sacerdos
303 2325 419 2357 Dianae
449 2326 482 2357 in
507 2325 562 2356 illo
588 2335 714 2355 nemore
737 2325 802 2355 Res

128 2374 320 2406 Nemorensis
347 2375 461 2406 dictus.
521 2375 560 2405 Id
592 2373 803 2405 sacerdotium

127 2424 209 2455 servi
229 2425 354 2466 fugitivi
373 2425 666 2467 (pedibusfugaces‚
682 2423 803 2466 δραπέ-

128 2486 184 2505 ται
205 2473 330 2515 Strab.)
347 2475 387 2506 ad
409 2486 442 2506 se
464 2474 641 2518 rapiebant,
664 2473 708 2504 ita
729 2473 801 2515 qui-

129 2523 214 2560 dem,
238 2531 272 2556 ut
296 2536 389 2555 mann
401 2525 523 2567 fortior
540 2524 674 2567 priorem
700 2533 803 2554 sacer-

129 2573 234 2605 dotem
282 2574 492 2606 interficeret:
543 2584 639 2616 quem
684 2583 804 2604 morem

127 2624 242 2655 Strabo
258 2624 292 2656 d.
309 2625 331 2656 l.
345 2625 556 2667 βαρβαρικὸν
572 2625 625 2655 καὶ
644 2624 805 2656 Σκυθικὸν

128 2675 200 2712 ἔθος
216 2682 320 2707 vocat.
372 2676 466 2707 Conf.
482 2675 552 2706 Art.
569 2676 678 2706 Amat.
693 2674 715 2705 i.
730 2675 805 2705 260.

132 2725 184 2755 ubi
200 2730 220 2742 ‘⁸
236 2731 327 2767 parta
342 2736 399 2768 per
418 2725 541 2768 gladios
556 2735 655 2767 regna
672 2728 806 2756 nocente

132 2775 263 2805 manu.’'

909 1475 984 1506 273.
1013 1474 1138 1517 Egeria,
1153 1474 1264 1505 Numa
1283 1477 1419 1510 mortuo,
1434 1472 1467 1504 in
1488 1473 1545 1505 illo

866 1535 992 1556 nemore
1009 1524 1130 1562 abdita,
1146 1535 1210 1567 prae
1231 1533 1363 1554 moerore
1380 1523 1544 1566 insontem

866 1581 988 1606 mutata
1016 1581 1083 1612 est;
1123 1575 1260 1606 Metam.
1286 1573 1367 1604 dict.
1395 1574 1457 1605 loc.
1487 1574 1543 1606 In-

865 1631 995 1661 certum,
1013 1624 1091 1667 quia
1105 1623 1307 1656 adstantibus
1326 1633 1390 1654 non
1412 1630 1547 1666 apparet

866 1674 952 1705 unde
968 1674 1020 1705 sit.
1049 1674 1162 1705 Strabo
1175 1674 1215 1705 de
1232 1674 1305 1705 lacu
1319 1673 1449 1711 Dianae,
1465 1674 1500 1705 αἱ
1513 1674 1541 1706 δ’

866 1723 1069 1767 ἁποῤῥύσεις
1084 1724 1231 1756 ἐντᾶυθα
1242 1724 1304 1766 μὲν
1317 1722 1436 1763 ἄδηλοι
1447 1724 1544 1762 εἰσὶν,

866 1780 929 1805 etc.
977 1774 1107 1816 E1iguz's
1129 1775 1298 1810 haustibus,
1315 1773 1393 1804 forte
1417 1773 1494 1815 quia
1515 1775 1545 1806 ei

869 1823 915 1855 vis
944 1823 1093 1865 quaedam
1128 1823 1298 1866 peculiaris
1336 1822 1544 1856 tribuebatur.

869 1874 971 1905 Grata
1003 1874 1165 1911 Camenis;
1205 1873 1268 1904 vid.
1298 1872 1339 1904 ad.
1369 1883 1434 1904 ver.
1463 1875 1541 1905 259.

869 1924 1048 1956 Consilium.
1085 1923 1222 1965 Dionys.
1237 1928 1330 1954 vocat
1344 1933 1415 1953 eam
1435 1921 1546 1955 διδάσ-

866 1986 993 2006 κουσαν
1009 1965 1074 2014 τ’·ἠν
1088 1974 1271 2015 βασιλικὴν
1291 1972 1424 2015 σοφίαν.
1447 1975 1490 2004 Et
1506 1975 1547 2005 si-

869 2025 1014 2056 mulabat
1035 2025 1157 2061 Numa,
1173 2023 1242 2066 ejus
1264 2034 1297 2054 se
1317 2023 1451 2060 monitu,
1474 2035 1546 2066 quae

870 2074 1093 2117 acceptissima
1122 2073 1195 2104 Diis
1233 2079 1350 2110 essent,
1380 2083 1471 2104 sacra
1499 2073 1548 2105 in-

870 2124 1022 2163 stituere3
1047 2123 1116 2154 Liv.
1131 2123 1154 2154 i.
1172 2124 1226 2154 19.

914 2174 1103 2205 277-284,
1129 2173 1262 2204 Summa
1278 2172 1460 2203 meritorum
1477 2173 1549 2204 Nu-

872 2234 943 2261 mae,
960 2223 1015 2265 qui
1026 2228 1160 2254 conatus
1171 2228 1219 2254 est
1228 2223 1295 2261 τὴν
1307 2222 1422 2259 πόλιν,
1435 2223 1547 2265 ὥσπερ

873 2273 1022 2317 σίδηρον,
1046 2273 1081 2304 ἐκ
1107 2273 1251 2315 σκληρᾶς
1282 2273 1339 2303 καὶ
1368 2273 1550 2315 πολεμικῆς

871 2322 1110 2366 μαλακωτέραν
1142 2325 1282 2362 ποιῆσαι
1309 2323 1364 2353 καὶ
1394 2321 1550 2354 δικαιοτέ-

871 2385 947 2416 ραν·
975 2373 1140 2405 Plutarch.
1156 2373 1256 2404 Num.
1273 2374 1304 2403 8.
1323 2372 1378 2403 ubi
1400 2372 1491 2415 plura
1510 2373 1550 2405 de

873 2423 1085 2455 audacissima
1112 2423 1230 2454 civium
1260 2422 1391 2453 ferocia.
1444 2423 1550 2455 Etiam

873 2485 892 2505 a
919 2474 1053 2516 Dionys.
1079 2474 1132 2504 62.
1154 2472 1322 2513 ἐυσέβειαν
1346 2475 1483 2515 πρῶτον
1507 2472 1550 2504 δι-

873 2523 1016 2561 δάσκων,
1051 2524 1162 2556 ἔπειτα
1199 2522 1416 2562 δικαιοσύνην
1443 2523 1553 2555 Numa.

872 2575 1044 2606 inducitur.
1088 2574 1229 2610 Firmior,
1246 2573 1414 2608 robustior,
1433 2572 1551 2603 viribus

877 2625 1050 2663 valentior;
1085 2624 1171 2654 Plin.
1201 2623 1267 2654 III.
1294 2622 1397 2664 Epist.
1427 2622 1470 2652 ix.
1500 2623 1550 2654 ll.

875 2679 895 2692 ‘¹
909 2674 1143 2706 robustissimus
1158 2680 1191 2705 et
1204 2671 1435 2703 firmissimus.''
1455 2673 1551 2702 Sacra

876 2730 909 2756 et
924 2735 943 2756 a
960 2724 1099 2756 Romulo
1118 2725 1237 2755 tradita
1252 2721 1413 2753 renovavit
1428 2721 1550 2758 Numa,

877 2780 908 2806 et
934 2774 1001 2816 ipse
1031 2775 1123 2816 plura
1152 2772 1298 2809 addidit;
1335 2770 1470 2813 Dionys.
1496 2771 1538 2802 63
