1830 3220
567 196 640 239 IN
676 196 891 239 OVIDII
927 195 1178 239 FASTOS.
1492 197 1578 239 385

163 313 228 354 vel
250 313 468 362 occiderit,
495 314 623 362 unde,
649 314 775 369 quale
802 320 918 355 ortus
947 328 1179 355 occasusve
1203 327 1339 369 genus
1360 312 1403 353 in
1426 313 1573 354 Ovidii

160 381 426 437 aliorumque
464 382 750 424 notationibus
790 382 1117 437 intelligendum
1160 382 1227 430 sit,
1265 387 1477 436 quatenus
1519 384 1571 423 ad

161 451 386 492 veritatem
419 452 742 493 astronomicam
777 452 1001 501 accedant,
1029 453 1097 493 vel
1129 452 1317 507 denique
1352 466 1404 493 an
1430 452 1571 507 'negli-

159 520 333 575 gentiae,
356 521 425 562 vel
450 521 652 571 Ovidius,
676 522 742 562 vel
771 521 864 576 ejus
893 526 1090 562 auctores
1116 521 1320 576 culpandi
1341 521 1440 569 sint,
1457 521 1572 575 judi-

158 589 245 630 cari
266 595 422 645 potest.
487 591 630 643 Quam
660 590 881 631 fructuosa
910 591 965 632 sit
993 590 1084 631 haec
1108 591 1192 638 via,
1216 604 1343 645 quam
1369 589 1460 645 jam
1487 589 1570 630 Pe-

160 658 300 701 tavius
341 665 616 714 exposuerat,
653 660 707 700 ad
748 659 942 701 criticum
984 659 1046 700 rei
1086 659 1288 706 studium,
1328 658 1574 700 luculenter

158 727 356 770 laudatus
389 729 447 770 iii.
480 728 622 770 Pfaffii
655 729 761 770 liber
789 730 991 778 ostendit,
1015 730 1088 784 qui
1122 734 1265 769 tamen
1297 743 1571 769 numerorum

156 797 268 852 typis
291 812 592 852 expressorum
613 804 856 839 accuratam
878 798 1203 853 castigationem
1230 798 1388 853 passim
1418 797 1458 837 in
1482 812 1571 837 sus-

155 866 367 921 picionem
400 867 584 916 vocavit,
620 873 664 908 et
697 867 829 908 semel
865 868 907 908 in
940 868 1080 908 locum
1113 867 1277 915 incidit,
1313 866 1386 920 qui
1422 871 1571 921 aperte

154 934 287 977 falsus
309 941 402 977 erat
422 941 481 991 (p.
503 935 596 985 95.)
649 935 860 988 Quaedam
883 936 1013 978 ctiam
1039 935 1160 991 signa
1180 936 1224 976 in
1248 935 1408 977 Ovidio
1430 935 1570 983 obvia,

155 1003 374 1059 Aquarius
397 1011 441 1046 et
464 1004 613 1046 Pisces
640 1005 699 1046 ibi
721 1006 890 1053 desunt,
915 1011 961 1045 et
988 1020 1044 1046 ex
1071 1005 1317 1046 accessione
1340 1004 1570 1046 horizontis

155 1072 452 1123 Atheniensis,
485 1075 557 1129 qui
591 1074 648 1115 ibi
685 1089 800 1129 saepe
835 1074 1118 1122 desideratur,
1154 1089 1356 1129 magnum
1394 1074 1571 1115 haberet

154 1143 464 1185 incrementum
488 1145 563 1186 illa
587 1144 758 1185 Petavii
779 1145 938 1185 tabula.

215 1213 335 1266 Quas
368 1214 498 1268 igitur
521 1214 670 1255 Ovidii
699 1214 939 1255 notationes
966 1214 1154 1270 singulas
1185 1215 1220 1254 si
1247 1213 1341 1269 quis
1366 1214 1420 1254 ad
1449 1213 1568 1254 tabu-

152 1284 213 1324 las
249 1283 341 1325 illas
372 1285 535 1340 exiget,
560 1285 777 1326 advocatis
812 1285 904 1326 aliis
936 1284 1194 1325 kalendariis
1223 1283 1491 1332 sideralibus,
1513 1283 1567 1324 ad

154 1368 286 1394 unum
318 1353 580 1395 horizontem
613 1369 833 1410 unumque
860 1369 999 1395 aevum
1029 1369 1176 1396 omnes
1207 1353 1322 1395 nullo
1351 1353 1478 1394 modo
1504 1367 1568 1393 re-

150 1423 294 1464 vocari
319 1438 458 1478 posse,
481 1423 584 1464 alias
614 1424 667 1464 ad
694 1422 953 1472 Romanum,
977 1422 1081 1465 alias
1109 1424 1162 1464 ad
1190 1422 1471 1463 Alexandriae
1498 1422 1568 1463 ho-

150 1491 359 1534 rizontem
380 1493 614 1548 pertinere,
638 1508 825 1549 eumque
848 1495 976 1535 modo
999 1492 1177 1535 Graecas
1200 1493 1325 1534 modo
1350 1491 1568 1533 Romanas

152 1562 428 1604 auctoritates
450 1563 587 1617 sequi,
612 1563 752 1604 statim
776 1563 1003 1618 intelliget.
1068 1562 1170 1604 Non
1196 1562 1309 1603 enim
1332 1576 1429 1603 curn
1453 1560 1566 1602 Pon-

151 1631 331 1673 tedera³
351 1632 582 1673 consentiri
602 1639 758 1687 potest,
783 1633 856 1687 qui
885 1648 983 1674 eum
1011 1633 1198 1674 maxime
1220 1632 1343 1673 fastis
1366 1631 1566 1679 Caesaris,

151 1700 226 1756 qui
248 1706 400 1755 postea
422 1701 500 1741 sub
523 1700 725 1757 Augusto
747 1702 1016 1743 emendatius
1038 1702 1305 1757 prodierunt,
1327 1716 1450 1742 usum
1472 1715 1567 1741 esse

151 1770 299 1818 voluit,
323 1771 436 1825 quod
458 1770 625 1812 nonnisi
648 1771 904 1825 quibusdam
926 1771 967 1811 in
992 1771 1112 1820 locis,
1135 1771 1206 1811 ubi
1230 1785 1330 1812 vere
1353 1785 1449 1811 cum
1472 1785 1566 1811 aevo

149 1840 326 1883 Juliano
369 1847 413 1881 et
455 1839 608 1881 Romae
658 1841 876 1882 horizonte
926 1841 1140 1889 convenit,
1186 1840 1365 1881 concedi
1406 1845 1564 1894 potest.

149 1909 520 1951 Verisimillimum
544 1910 626 1951 erit
647 1917 692 1951 et
716 1909 901 1951 maxime
927 1915 1263 1951 consentaneum
1292 1908 1459 1957 rationi,
1483 1923 1567 1963 qua

153 1980 336 2022 Ovidius
362 1980 405 2021 in
435 1980 549 2022 omni
574 1980 655 2022 hoc
685 1986 938 2036 argumento
960 1985 1153 2021 versatus
1176 1985 1256 2028 est,
1278 1979 1418 2034 ipsum
1440 1993 1565 2019 usum

149 2064 243 2092 esse
269 2050 405 2099 fastis,
429 2050 575 2105 quales
607 2049 740 2091 Plinii
774 2056 818 2091 et
845 2049 1097 2092 Columellae
1130 2055 1241 2097 sunt,
1269 2048 1342 2089 ubi
1373 2054 1490 2089 ortus
1522 2053 1567 2088 et

148 2134 324 2161 occasus
354 2119 576 2161 secundum
609 2120 755 2161 varias
779 2120 937 2177 playa-3
968 2117 1195 2161 annotatib
1221 2124 1356 2166 erant,
1388 2123 1433 2158 et
1463 2117 1563 2158 inde

148 2204 223 2244 pro
253 2189 390 2230 lubitu
417 2196 462 2230 et
488 2195 536 2230 ut
563 2189 760 2230 carminis
789 2189 977 2230 rationes
1000 2188 1299 2235 admittebant,
1326 2186 1564 2228 notissimo--

147 2273 239 2299 rum
270 2258 456 2300 siderum
489 2258 763 2313 apparentias
796 2258 921 2299 modo
951 2257 1061 2305 huic,
1091 2257 1218 2298 modo
1252 2256 1322 2297 alii
1356 2255 1561 2297 horizonti

147 2327 383 2382 adscriptas
409 2328 453 2368 in
483 2342 653 2369 carmen
677 2342 798 2368 suum
827 2327 1106 2368 transtulisse.
1171 2325 1454 2367 Luculentius
1485 2325 1560 2366 hoc

888 2449 963 2480 dum
981 2448 1129 2480 Italicam
1151 2447 1304 2479 rationem
1326 2447 1461 2479 Caesaris
1484 2457 1559 2477 auc-

887 2498 1004 2530 toritati
1019 2504 1167 2542 opponat.

189 2456 204 2473 ἃ
226 2450 413 2482 Pontederae
455 2451 589 2493 Antiqu.
633 2449 818 2481 Latinarum

146 2502 396 2542 Graecarumque
427 2501 639 2532 enarrationes
662 2506 758 2542 atque
785 2510 817 2531 e-

148 2552 378 2588 mendationes,
393 2554 543 2592 praecipue
562 2553 602 2582 ad
621 2553 728 2582 veteris
743 2552 818 2581 αηιιὶ

146 2605 294 2633 rationem
310 2603 485 2632 attinentes.
506 2603 622 2633 Patav.
638 2601 732 2632 1740.
756 2600 819 2638 Qui

146 2651 193 2683 vir
216 2657 285 2694 post
309 2651 469 2682 Caesarem
493 2651 579 2683 aliud
600 2650 819 2682 kalendarium

146 2701 352 2734 emendatum
379 2708 411 2733 et
434 2702 537 2733 Italiae
563 2703 664 2743 magis
687 2701 820 2743 adapta-

148 2759 215 2784 tum
239 2763 308 2784 esse
330 2758 449 2789 censet,
466 2763 564 2794 quum
582 2752 704 2783 Plinius
727 2751 820 2782 inter—

207 2818 321 2848 VOL.
349 2818 392 2848 V.

931 2548 944 2568 ¹¹
968 2549 1019 2581 Ita
1042 2549 1128 2581 Plin.
1153 2559 1275 2590 semper
1292 2547 1380 2579 xviii.
1400 2559 1424 2578 s.
1440 2548 1493 2578 66.
1516 2547 1562 2578 iii.

890 2610 989 2631 nonas
1001 2599 1103 2642 April.
1118 2599 1150 2629 in
1166 2600 1270 2629 Attica
1283 2597 1425 2639 Virgiliae
1439 2596 1559 2640 vesperi

889 2650 1100 2681 occultantur.
1137 2648 1267 2679 Eaedem
1284 2646 1431 2690 postridie
1443 2647 1474 2677 in
1488 2647 1560 2677 Bae-

890 2701 971 2731 otia:
997 2699 1115 2731 Caesari
1132 2704 1164 2730 et
1180 2696 1342 2730 Chaldaeis
1357 2696 1470 2728 Nonis.

1071 2804 1151 2845 31)
