1809 3220
193 183 280 225 390
730 182 1079 226 EXCURSUS

197 302 286 343 dar.
319 300 451 343 Mart.
483 299 718 341 hirundinis
748 301 843 342 visu
878 307 922 342 et
951 307 1126 356 postero
1156 301 1226 343 die
1256 301 1433 345 Arcturi
1460 311 1612 347 exortu

195 371 450 428 vespertino,
485 370 558 425 qui
589 385 686 411 cum
725 369 911 412 Eudoxo
948 371 1065 412 facit.
1127 371 1201 413 Ad
1234 373 1436 415 amussim
1468 378 1612 415 autem

196 441 403 482 Petavius
425 455 522 482 curn
541 439 826 488 Euctemone,
845 440 889 481 in
911 440 1034 496 cujus
1057 441 1201 482 tabula
1220 449 1448 500 acronycte
1467 443 1611 484 oritur

197 511 317 552 Pisc.
338 510 424 551 13⁰.
449 509 623 551 32zd.
645 510 673 550 5
695 510 836 551 Mart.

253 580 378 621 Idem
403 580 527 620 video
550 579 905 621 animadvertisse
928 579 1235 628 Pontederam,
1261 582 1334 636 qui
1362 581 1610 623 astronomi-

195 667 266 694 cas
288 652 475 693 rationes
498 665 551 692 ne
574 650 767 705 respexit
789 650 978 705 quidem,
994 665 1035 704 p.
1050 650 1151 691 405.
1197 650 1339 703 Quam
1357 651 1612 693 Taubnerus

196 728 348 771 tentat,
376 721 560 770 medela,
584 726 646 768 ut,
676 720 1022 776 interrogationis
1055 720 1177 775 signo
1206 725 1304 775 post
1335 727 1428 762 tuos
1458 721 1612 776 posim,

195 792 314 833 loeus
338 797 535 846 negetur,
560 790 633 831 vix
656 790 918 831 mentionem
941 794 1144 830 meretur.
1194 788 1358 844 Aperte
1379 789 1492 830 inter
1513 789 1615 831 vitia

196 876 222 903 a
242 866 372 916 poeta
389 860 574 902 admissa
589 860 846 900 referendus
864 865 930 900 est
951 859 1084 907 locus,
1104 864 1148 899 et
1169 859 1446 913 probabiliter
1463 858 1610 908 fastos,

196 946 303 987 quos
331 930 608 985 sequebatur,
633 929 744 970 male
771 929 888 984 legit.
965 928 1171 970 Occasum
1199 928 1313 969 enim
1342 928 1612 977 matutinum,

195 1015 326 1056 quem
348 1000 389 1041 in
414 999 524 1040 hunc
548 999 662 1040 diem
685 998 795 1039 male
825 997 982 1053 posuit,
1005 1003 1124 1039 recte
1147 998 1352 1039 describit
1376 997 1527 1040 v.733.
1549 997 1610 1053 (d.

195 1070 254 1112 26
278 1069 402 1119 Mai.)

448 1160 617 1199 Auferat
636 1173 685 1199 ex
703 1159 823 1198 oculis
842 1159 1003 1197 veniens
1022 1158 1175 1197 Aurora
1195 1159 1364 1202 Booten,-

195 1260 493 1302 consentiente
529 1258 728 1306 Petavio,
763 1257 837 1312 qui
869 1257 1069 1298 eumdem
1101 1257 1154 1298 ad
1189 1256 1318 1298 Gem.
1350 1256 1409 1299 iii.
1438 1256 1508 1298 16.
1540 1256 1612 1298 ad-

196 1330 342 1372 scribit
362 1335 407 1371 et
428 1329 520 1370 fere
545 1327 811 1369 Columella:
846 1327 892 1368 xi
916 1327 1107 1368 Kalend.
1129 1327 1232 1369 Jun.
1256 1328 1475 1368 Arcturus
1496 1340 1615 1368 mane

193 1399 348 1442 occidit
362 1417 375 1440 .·
401 1398 456 1440 cf.
472 1398 673 1440 Euctem.
694 1398 736 1438 in
756 1396 884 1438 Gem.
902 1396 1087 1437 Ovidius
1105 1396 1292 1437 maxime
1315 1396 1367 1437 ad
1385 1395 1612 1437 veritatem

335 1469 379 1509 it.

197 1469 392 1581 a053e⁰iliv‚
415 1537 517 1578 904.
540 1536 600 1590 (d.
625 1535 683 1577 25
703 1535 865 1590 April.)
887 1534 1019 1576 Canis
1040 1535 1222 1576 traditur
1243 1534 1367 1575 oriri:

436 1639 633 1690 Signaque
653 1638 748 1676 dant
768 1638 930 1683 imbres‚·
961 1638 1209 1689 exoriturque
1230 1637 1347 1676 Canis
1362 1652 1373 1683 3

195 1740 249 1781 ad
286 1738 403 1793 quod
444 1736 561 1777 sidus
600 1735 856 1790 placandum
896 1733 1126 1789 Robigalia
1163 1734 1358 1776 instituta
1398 1734 1613 1776 dicuntur.

197 1810 414 1851 occasum
447 1806 671 1855 helianum,
703 1805 794 1847 sive
824 1805 1118 1860 vespertinum
1150 1810 1431 1859 apparentem
1460 1803 1612 1845 substi-

195 1878 405 1922 tuendum
442 1891 552 1924 esse,
584 1875 643 1916 ita
669 1880 717 1915 ut
743 1874 902 1916 festum
932 1874 1238 1922 celebraretur,
1267 1888 1399 1929 quum
1430 1873 1613 1929 primum

196 1948 334 1991 Sirius
355 1948 396 1988 in
419 1945 532 1987 coelo
551 1959 760 2000 apparere
784 1943 985 1993 desierat,
1007 1958 1154 1985 omnes
1170 1943 1386 1985 viderunt.
1434 1943 1616 1986 Occasui

195 2019 310 2060 enim
331 2017 481 2058 sideris
500 2016 563 2057 vis
581 2014 821 2069 perniciosa
842 2014 884 2054 in
907 2014 1054 2068 fruges
1078 2013 1365 2062 tribuebatur;
1391 2013 1477 2054 vid.
1501 2012 1613 2054 Plin.

194 2087 316 2129 xviii.
333 2086 404 2128 29.
439 2086 511 2126 Ad
532 2084 702 2125 Petavii
720 2084 805 2125 tab.
826 2083 984 2125 occidit
1006 2082 1169 2124 heliace
1192 2083 1322 2123 Taur.
1345 2084 1404 2123 5⁰.
1425 2081 1612 2124 31:28.

198 2159 239 2199 d.
265 2157 403 2212 April.
429 2170 525 2197 cum
553 2170 637 2209 quo
665 2154 866 2195 convenit
888 2153 999 2194 Plin.
1065 2152 1304 2194 Columella
1330 2153 1506 2207 adponit
1527 2152 1614 2193 diei

195 2227 267 2268 30.
293 2227 366 2268 Pr.
387 2225 488 2267 Kal.
513 2224 649 2265 Maias
667 2223 797 2265 Canis
821 2238 866 2263 se
890 2237 1071 2277 vespere
1093 2223 1225 2271 celat;
1248 2228 1292 2263 et
1307 2221 1429 2277 Virg.
1449 2220 1612 2278 Georg.

197 2297 222 2337 i.
246 2295 347 2337 217.
372 2295 487 2336 canis
517 2308 716 2334 occasum
744 2307 837 2334 cum
867 2293 966 2333 solis
989 2292 1166 2333 transitu
1189 2292 1230 2332 111
1255 2292 1459 2339 Tamum,
1483 2305 1612 2346 quem

198 2365 328 2406 Ovid.
353 2366 480 2405 etiam
504 2364 722 2418 tetigerat,
741 2362 910 2417 jungit:

400 2449 600 2488 Candidus
620 2449 764 2486 auratis
783 2449 907 2499 aperit
927 2462 1045 2499 quum
1067 2448 1242 2486 cornibus
1257 2461 1400 2486 annum

403 2514 568 2557 TauruS,
590 2520 629 2550 et
650 2512 807 2550 adverso
828 2512 967 2550 cedens
991 2512 1112 2549 Canas·
1126 2511 1263 2549 occidit
1284 2519 1396 2550 astro.

198 2602 308 2644 Cod.
346 2600 525 2641 Fames.
562 2598 687 2639 lectio
715 2599 803 2653 jam
837 2597 1047 2638 medelam
1083 2598 1278 2639 adlatura
1309 2603 1423 2638 erat:
1462 2596 1615 2638 occidit

195 2678 324 2728 atque
344 2670 475 2711 canis.
543 2668 682 2722 Neap.
707 2668 914 2723 conjecit:
940 2668 1205 2724 (isfuflielqlle,
1225 2667 1293 2708 alii
1315 2666 1614 2723 occuliturque.

200 2742 286 2783 Sed
322 2740 398 2781 hoc
434 2739 581 2779 vitium
614 2753 637 2778 a
670 2744 798 2792 poeta
827 2739 1059 2779 admissum
1091 2752 1202 2785 esse,
1234 2751 1487 2791 persuasum
1520 2735 1618 2777 mihi
