1809 3220
206 163 293 205 482
608 164 658 205 Ρ.
686 163 902 206 OVIDII
938 164 1224 217 NASONIS

207 280 374 336 Quam
399 281 540 329 dolor
571 281 652 328 hic
680 298 905 346 unquam
931 283 1095 347 spatio
1116 295 1420 330 evanescere
1446 280 1622 345 possit,

276 359 455 408 Leniat
479 367 567 407 aut
591 360 762 408 odium
788 369 992 425 tempus
1019 369 1072 409 et
1096 361 1219 409 hora
1243 375 1429 407 meum.
1532 360 1625 406 136

206 437 518 501 Pugnabunt
537 439 722 501 jaculis
747 440 868 487 dum
895 439 1136 496 Thraces,
1166 438 1381 503 Iazyges
1404 452 1540 494 arcu,

275 516 411 563 Dum
437 517 641 580 tepidus
670 517 895 582 Ganges,
922 517 1132 581 frigidus
1160 516 1290 565 Ister
1315 515 1438 574 erit3

205 593 410 643 Robora
433 595 555 642 dum
582 604 796 653 montes,
824 596 946 643 dum
975 596 1163 661 pabula
1187 594 1357 643 mollia
1382 593 1567 658 campi,

273 671 408 720 Dum
435 673 632 722 Tiberis
657 674 813 723 flavas
840 674 1038 722 Tuscus
1065 674 1275 722 habebit
1299 689 1483 737 aquas;
1529 674 1623 720 140

208 751 355 799 Bella
379 768 549 816 geram
574 760 774 801 tecum:
816 770 909 801 nec
937 769 1070 801 mors
1096 753 1216 800 inihi
1243 752 1386 800 finiet
1409 751 1538 810 iras3

273 829 420 878 Saeva
445 832 535 880 sed
562 832 611 879 in
634 848 809 880 manes
837 832 1069 880 manibus
1096 848 1235 879 arma
1259 831 1417 879 dabit.

203 907 333 956 Tum
355 925 579 974 quoque,
603 927 761 974 quum
775 927 960 959 vacuas
979 909 1119 958 fuero
1138 910 1366 975 dilapsus
1386 909 1438 957 in
1457 924 1620 966 auras,

271 985 537 1036 Exanimis
563 1006 727 1038 mores
754 989 919 1038 oderit
943 990 1124 1037 umbra
1146 996 1279 1037 tuos,

202 1065 334 1113 Tum
360 1083 566 1132 quoque
591 1067 835 1116 factorum
860 1068 1058 1116 veniam
1087 1083 1279 1116 memor
1304 1067 1483 1115 umbra
1509 1073 1620 1114 tuo-

272 1144 523 1211 Insequar
549 1154 601 1195 et
625 1148 794 1195 vultus
821 1163 968 1195 ossea
992 1147 1128 1195 larva
1152 1154 1285 1194 tuos.
1343 1148 1494 1210 [rum,
1528 1147 1620 1192 146

203 1223 319 1272 Sive
345 1241 457 1289 ego,
479 1225 617 1290 quod
643 1226 815 1282 nolim,
843 1225 1005 1289 longis
1030 1232 1327 1273 consumtus
1353 1225 1416 1274 ab
1442 1223 1618 1282 annis3

271 1303 388 1353 Sive
415 1321 567 1353 manu
588 1305 722 1353 facta
742 1312 901 1353 morte
927 1305 1124 1353 solutus
1150 1320 1263 1353 ero:

203 1381 319 1431 Sive
347 1400 438 1448 per
462 1384 738 1433 immensas
757 1385 989 1449 jactabor
1015 1384 1287 1448 naufragus
1313 1383 1492 1441 undas,

270 1461 562 1527 Nostraque
590 1463 898 1528 longinquus
924 1463 1120 1512 viscera
1145 1463 1298 1528 piscis
1325 1463 1470 1512 edet:
1524 1464 1618 1510 150

203 1540 321 1589 Sive
346 1542 626 1606 peregrinae
653 1550 866 1608 carpent
885 1560 998 1591 mea
1022 1544 1250 1591 membra
1272 1543 1530 1600 volucres3

270 1618 387 1667 Sive
414 1637 526 1668 meo
552 1620 753 1685 ‘cingent
779 1623 1027 1687 sanguine
1053 1629 1214 1671 rostra
1237 1622 1374 1687 lupi:

201 1696 318 1745 Sive
345 1698 528 1762 aliquis
554 1700 793 1763 dignatus
819 1701 913 1749 erit
938 1717 1225 1766 supponere
1251 1707 1415 1758 terrae,

267 1774 334 1824 Et
358 1776 478 1825 dare
505 1778 707 1843 plebeio
733 1796 916 1845 corpus
943 1780 1090 1828 inane
1116 1797 1263 1844 rogo:

198 1853 462 1920 Quidquid
489 1873 589 1915 ero,
621 1857 814 1923 Stygiis
837 1875 1103 1924 erumpere
1130 1858 1260 1906 nitar
1285 1859 1349 1906 ab
1374 1858 1490 1917 oris,
1524 1861 1615 1907 155

266 1933 334 1982 Et
358 1935 563 1983 tendam
590 1937 785 2000 gelidas
812 1937 944 1985 ultor
969 1938 1019 1985 in
1045 1954 1131 1985 ora
1156 1953 1352 1985 manus.

198 2013 287 2062 Me
312 2014 524 2078 vigilans
547 2032 752 2065 cernes:
793 2017 963 2065 tacitis
990 2033 1084 2080 ego
1111 2017 1273 2064 noctis
1299 2016 1350 2065 in
1376 2016 1567 2066 umbris

264 2092 538 2142 Excutiam
566 2112 784 2152 somnos,
812 2095 949 2144 visus
976 2096 1174 2152 adesse,
1202 2102 1333 2144 tuos,

197 2171 433 2237 Denique
456 2173 708 2238 quidquid
735 2191 870 2239 ages,
894 2183 1013 2224 ante
1038 2192 1094 2224 os
1119 2175 1398 2240 oculosque
1417 2175 1611 2232 volabo,

265 2250 332 2299 Et
356 2267 554 2315 querar,
582 2260 633 2302 et
658 2254 796 2303 nulla
821 2255 943 2304 sede
971 2255 1174 2320 quietus
1200 2254 1313 2304 eris.
1519 2258 1613 2304 160

239 2431 313 2462 146.
341 2431 487 2472 Insequar
505 2439 533 2463 et
549 2435 653 2464 mistus
670 2434 866 2477 osseasnrma
935 2434 1081 2473 Θάνατος
1105 2435 1203 2474 λύσις
1226 2437 1281 2467 καὶ
1305 2438 1471 2479 χωρισμὸς
1496 2436 1615 2480 ψυχῆς

191 2482 284 2522 ticos]
312 2482 400 2513 Ossea
417 2483 502 2513 larva
516 2483 615 2515 codex
633 2484 778 2528 Dionysii
794 2485 864 2517 Sal·
934 2485 1004 2518 ἀπὸ
1022 2489 1185 2528 σώματος.

190 2533 297 2573 vagnii
341 2533 461 2564 Boessii
481 2545 488 2564 ε
536 2534 693 2576 quomodo
731 2537 865 2573 Seneca,
982 2537 1054 2567 151.
1084 2536 1226 2568 Volucres
1238 2536 1438 2580 peregrinae]
1459 2537 1611 2570 Vultures

190 2581 292 2624 Epist.
316 2583 403 2614 xxiv.
431 2585 589 2615 larvarum
615 2585 751 2616 habitum
776 2588 866 2618 nudis
935 2585 1134 2618 habebantur
1156 2596 1231 2618 aves
1251 2587 1436 2629 peregrinoe,
1457 2587 1548 2629 quasi
1570 2599 1609 2620 ex

187 2633 298 2662 ossibus
314 2634 526 2664 cohaereniium
540 2633 633 2665 dixit.
652 2636 694 2666 H.
935 2635 1041 2667 alieno
1057 2637 1131 2668 orbe
1145 2636 1318 2669 venientes.
1367 2637 1459 2669 Unde
1469 2643 1501 2670 et
1517 2638 1610 2670 bellis

238 2682 311 2714 148.
340 2683 439 2715 Morte
460 2684 604 2725 solutus]
639 2685 864 2718 Definitionum
934 2684 1082 2718 civilibus
1094 2692 1610 2730 veneruntavesnunquamantea

190 2731 333 2763 Platonis
347 2733 507 2775 exprimit,
526 2734 579 2776 qni
604 2734 715 2766 scribit
732 2742 864 2767 mortem
935 2734 1020 2773 visae,
1051 2735 1156 2779 specie
1186 2737 1281 2779 paulo
1318 2737 1399 2769 infra
1427 2738 1604 2776 columbas,

187 2790 254 2811 esse
279 2781 465 2814 solutionem
491 2783 604 2815 animm
630 2795 648 2815 a
672 2795 820 2828 corpore:
846 2785 862 2817 ὁ
935 2797 1015 2829 quas
1031 2788 1239 2831 adpellabant
1257 2788 1437 2822 Betrientes.
