1809 3220
207 173 294 215 256

609 172 661 213 P.
697 172 914 214 OVIDII
949 171 1235 214 NASONIS

205 289 275 337 At
300 289 438 337 canis
465 294 581 336 ante
607 289 783 352 pedes,
813 305 937 336 saxo
962 288 1237 337 fabricatus
1264 288 1462 344 eodem,

275 367 487 415 Stabat:
518 383 632 430 quae
659 368 827 415 standi
848 375 964 415 cuin
993 367 1118 416 Lare
1141 383 1296 415 causa
1319 366 1447 414 fuit?
1481 366 1622 428 [que.

206 445 386 493 Servat
410 452 625 509 uterque
645 446 868 502 domum,
890 445 1096 493 domino
1113 461 1318 509 quoque
1337 444 1468 491 fidus
1490 450 1625 490 uter-

272 524 512 588 Compita
537 532 679 587 grata
703 525 827 583 deo;
871 525 1095 588 compita
1120 531 1263 587 grata
1288 522 1417 570 cani.

1532 523 1626 568 140

155 588 161 597 ³
203 601 480 664 Exagitant
504 609 557 649 et
583 601 695 659 Lar,
724 609 775 649 et
800 603 949 650 turba
976 601 1159 649 Diania
1184 600 1348 658 fures3

268 679 688 744 Pervigilantque
717 679 870 728 Lares
890 698 900 737 ;

943 680 1347 744 pervigilantque
1374 694 1544 726 canes.

202 757 333 805 Bina
355 758 685 821 gemellorum
712 759 1005 823 quaerebam
1033 758 1178 821 signa
1201 758 1430 813 deorum,

267 834 473 883 Viribus
500 852 702 884 annosae
727 836 862 885 facta
887 837 1080 885 caduca
1104 853 1280 884 morae:

1529 836 1621 880 144

200 911 344 960 Mille
372 912 542 970 Lares,
574 914 901 978 Geniumque
928 915 1089 971 ducis,
1119 915 1206 978 qui
1232 913 1442 962 tradidit
1465 912 1598 969 illos,

271 990 405 1038 Urbs
432 991 618 1049 habet3
662 999 714 1040 et
738 992 834 1039 vici
862 992 1070 1039 numina
1094 992 1226 1039 trina
1251 991 1441 1039 colunt.

198 1067 312 1122 Quo
337 1067 500 1115 feror?
538 1069 801 1132 Augustus
829 1069 1018 1117 mensis
1044 1070 1166 1116 mihi
1192 1069 1428 1117 carminis
1453 1068 1604 1132 hujus

264 1144 358 1193 Jus
384 1146 549 1194 dabit:
592 1146 786 1194 interea
809 1147 923 1195 diva
949 1148 1179 1196 canenda
1205 1147 1352 1195 Bona
1376 1154 1470 1194 est.

241 1309 315 1340 138.
340 1308 457 1345 Stabat,
474 1319 589 1352 nempe
607 1310 646 1342 ad
667 1311 755 1342 Curii
774 1323 871 1344 aram.

198 1358 299 1389 Grata
333 1360 396 1395 deo,
427 1358 501 1389 inde
539 1360 636 1390 Lares
673 1360 872 1402 Compitales

196 1408 285 1444 dicti,
302 1413 334 1439 et
354 1409 385 1439 in
407 1408 552 1450 compitis
573 1409 671 1448 culti3
696 1410 871 1452 Dionysius

195 1457 362 1489 Halicarn.
391 1457 436 1488 iv.
470 1459 525 1488 24.
575 1458 677 1489 Grata
706 1462 800 1497 cani5
838 1461 870 1491 in

194 1508 332 1550 compita
359 1509 443 1540 enim
468 1516 678 1551 purgamenta
702 1516 734 1541 et
762 1512 870 1543 sordes

194 1557 446 1599 abjiciebantur3
470 1558 604 1589 Erhard.
624 1560 733 1601 Symb.
754 1560 786 1590 in
807 1562 867 1592 Pe-

193 1607 344 1644 tronium,
365 1609 439 1639 134.
486 1608 566 1639 Inde
584 1609 667 1650 apud
684 1610 868 1648 Phaedrum,

192 1659 221 1690 I.
250 1658 317 1689 sab.
343 1658 440 1689 xxvii.
470 1660 528 1689 ll:
556 1659 649 1689 Canis
679 1661 769 1690 trivio
797 1672 867 1691 con-

191 1715 305 1749 ceptus.
351 1709 447 1740 Lares
463 1709 522 1739 dea
545 1709 637 1740 Muta
656 1711 798 1752 gemellos
813 1722 868 1754 pe-

191 1765 337 1800 pererat;
376 1758 409 1789 ii.
443 1759 517 1790 615.
564 1759 682 1790 Eorum
721 1760 813 1802 signa
849 1772 867 1792 a

192 1808 288 1840 Curio
309 1808 412 1851 posita
432 1819 529 1851 quum
547 1815 702 1851 quaereret
719 1810 866 1847 Ovidius,

189 1869 252 1889 non
289 1859 406 1901 reperit
442 1858 566 1895 eadem,
597 1859 714 1902 quippe
744 1860 867 1892 caduca

191 1908 288 1944 facta,
320 1908 398 1940 alios
426 1919 499 1940 vero
532 1909 628 1940 Lares
657 1911 742 1941 mille
771 1911 864 1942 vidit.

190 1957 290 1988 Erant
311 1957 397 1988 enim
418 1958 531 1989 Romae
553 1959 628 1990 265.
649 1960 788 2002 compita
804 1960 864 1992 La-

189 2006 282 2043 rium,
305 2012 434 2038 auctore
452 2007 559 2038 Plinio
576 2007 623 2039 iii.
646 2019 671 2039 s.
687 2009 721 2039 9.
743 2020 775 2051 p.
795 2011 866 2042 156.

189 2055 363 2087 Harduini.
410 2057 495 2093 Jam,
521 2057 673 2098 quoniam
701 2062 866 2100 Augustus

192 2105 374 2145 Compitales
397 2105 493 2137 Lares
515 2118 626 2137 ornare
648 2108 691 2138 bis
713 2120 794 2139 anno
815 2111 863 2141 in-

188 2157 304 2192 stituit,
321 2157 565 2198 veruisfloribus
581 2164 610 2188 et
630 2160 750 2195 oestivis,
770 2160 865 2201 (Sue-

189 2204 294 2237 tonius
326 2205 464 2248 August.
499 2205 571 2246 31.)
608 2213 775 2250 propterea
812 2208 864 2241 hic

189 2265 315 2297 quoque
341 2261 436 2298 poeta
470 2255 671 2288 occasionem
701 2263 810 2301 captat
834 2259 864 2291 ei

188 2304 353 2336 adulandi.
398 2306 496 2337 Lares
515 2311 548 2337 et
569 2307 663 2338 Genii
682 2318 767 2351 saepe
787 2320 863 2341 con-

185 2353 383 2395 junguntur3
415 2355 533 2386 Genius
548 2356 632 2387 enim
649 2356 739 2394 deus,
755 2358 788 2389 in
804 2369 862 2390 cu-

183 2403 238 2444 jus
274 2403 377 2434 tutela
413 2404 548 2446 quisque
587 2405 676 2437 vivit.
729 2407 862 2439 Genium

189 2453 325 2484 Caesaris
336 2453 422 2484 cives
438 2454 578 2486 Romani
592 2455 695 2487 colere
706 2457 861 2490 solebant.

188 2502 314 2534 Minue.
328 2503 417 2534 Felix
430 2503 463 2534 in
479 2504 594 2536 Octav.
610 2505 697 2536 xxix.
714 2507 753 2536 6:
778 2508 861 2539 “Sic

187 2553 256 2595 ejus
276 2563 390 2584 nomen
410 2560 537 2590 vocant,
554 2554 593 2585 ad
612 2554 768 2597 imagines
786 2567 860 2600 sup-

186 2602 322 2645 plicant,
358 2603 497 2645 genium,
528 2604 561 2634 id
599 2611 647 2636 est
684 2605 860 2638 daemonem

188 2652 257 2694 ejus
272 2651 476 2694 implorant.”
505 2653 667 2691 Horatius,
683 2654 745 2686 IV.
762 2656 813 2687 Od
830 2669 861 2689 v.

189 2702 242 2733 34.
273 2701 315 2733 ad
354 2702 556 2744 Augustum:
604 2704 738 2736 Laribus
774 2713 863 2737 tuum

193 2752 302 2785 Miscet
318 2763 440 2784 numen.
463 2753 572 2795 Atque
588 2754 683 2785 etiam
699 2765 784 2787 nunc
801 2757 857 2787 dni

941 1319 990 1344 est
1014 1313 1203 1355 Augustus3
1226 1311 1323 1345 etiam
1350 1311 1489 1349 Persius,
1510 1312 1616 1354 Satyr.

941 1364 983 1394 vi.
997 1365 1051 1394 48.
1065 1366 1133 1394 deos
1144 1366 1328 1406 geniumque
1342 1364 1430 1394 ducis
1445 1362 1602 1393 nominat.

989 1414 1171 1445 148—158.
1209 1413 1359 1444 Kalendis
1398 1413 1493 1443 Maiis
1525 1414 1616 1443 etiam

942 1462 1034 1494 Rome
1058 1466 1119 1495 deae
1145 1465 1220 1495 tedes
1242 1465 1395 1494 dedicata.
1444 1462 1548 1494 Etiam
1575 1461 1615 1493 de

940 1512 999 1544 hac
1021 1512 1094 1549 dea,
1117 1524 1188 1555 quae
1209 1513 1332 1545 Graecis
1350 1514 1422 1551 Θεὸς
1443 1512 1616 1555 γυναικεία

939 1562 1036 1599 dicta,
1054 1563 1149 1594 variae
1170 1570 1259 1594 erant
1281 1569 1424 1594 veterum
1439 1562 1615 1605 opiniones.

939 1612 1106 1644 Cornelius
1135 1614 1240 1644 Labeo
1270 1619 1379 1644 auctor
1408 1618 1486 1649 erat,
1514 1612 1614 1644 Maiae

938 1662 1038 1694 aedem
1058 1663 1215 1694 Kalendis
1231 1662 1329 1693 Maiis
1347 1663 1527 1694 dedicatam
1546 1673 1615 1694 esse

936 1713 996 1743 sub
1027 1713 1153 1744 nomine
1192 1714 1291 1744 Bonae
1328 1713 1428 1753 Deae;
1468 1713 1614 1745 eamdem

936 1761 1029 1793 deam
1068 1768 1100 1794 et
1137 1763 1293 1800 faunam,
1331 1764 1448 1805 Opem,
1478 1764 1613 1795 Fatuam

936 1811 1075 1852 dictam3
1100 1813 1298 1850 Macrobius,
1308 1813 1329 1844 i.
1346 1814 1473 1845 Saturn.
1491 1814 1542 1845 12.
1557 1813 1612 1845 ubi

936 1868 966 1892 et
983 1862 1052 1893 aliae
1068 1863 1233 1894 sententiae
1250 1868 1465 1894 recensentur.
1511 1863 1614 1895 Varro

936 1912 1036 1943 Fauni
1049 1913 1148 1944 filiam
1160 1913 1346 1949 tradiderat,
1360 1912 1438 1944 adeo
1449 1912 1613 1955 pudicam,

935 1968 971 1993 ut
994 1968 1085 1995 extra
1107 1973 1295 2005 gynaeceum
1323 1973 1488 2005 nunquam
1515 1963 1556 1994 sit
1578 1974 1612 1995 e—

933 2022 1052 2053 gressa,
1083 2022 1142 2043 nec
1171 2022 1287 2043 nomen
1317 2013 1385 2055 ejus
1420 2012 1453 2043 in
1481 2012 1612 2055 publico

935 2061 1030 2093 fuerit
1045 2061 1202 2098 auditum,
1218 2067 1253 2092 ut
1271 2072 1329 2093 nec
1346 2062 1447 2094 virum
1466 2073 1609 2105 unquam

935 2110 1060 2148 viderit,
1090 2122 1149 2143 nec
1179 2121 1198 2142 a
1225 2111 1292 2143 viro
1328 2111 1370 2143 sit
1397 2112 1486 2152 visa3
1524 2113 1609 2145 unde

933 2159 1053 2192 factum
1073 2161 1125 2198 sit,
1150 2167 1186 2193 ut
1209 2161 1277 2193 viro
1292 2161 1447 2204 templum
1469 2162 1538 2205 ejus
1560 2163 1610 2195 in-

931 2210 1020 2252 gredi
1036 2222 1100 2243 non
1114 2211 1240 2243 licuerit
1251 2224 1261 2251 3
1285 2211 1341 2243 sed
1353 2212 1443 2243 locus
1457 2212 1610 2246 classicus

933 2260 973 2291 de
1002 2260 1063 2293 hac
1088 2261 1150 2293 dea
1175 2261 1307 2304 ejusque
1330 2261 1428 2294 sacris
1451 2268 1500 2294 est
1522 2263 1608 2306 apud

931 2309 1142 2343 Plutarchum
1161 2311 1194 2342 in
1213 2311 1292 2343 Vita
1311 2312 1458 2349 Caesaris,
1477 2323 1549 2356 cap.
1564 2315 1610 2355 9;

931 2360 1107 2392 secundum
1123 2371 1196 2392 eum
1212 2361 1356 2403 Phryges
1371 2372 1442 2393 eam
1457 2362 1518 2394 sibi
1539 2363 1609 2395 viu—

931 2408 1079 2441 dicarunt
1098 2410 1316 2448 domesticam,
1337 2411 1439 2443 Midae
1457 2418 1606 2451 matrem,

931 2458 1070 2491 Romani
1093 2467 1201 2492 autem
1225 2459 1329 2492 Fauni
1347 2461 1517 2504 conjugem
1537 2462 1608 2494 dix-

930 2514 1034 2540 erunt.

976 2559 1032 2590 Est
1045 2561 1146 2596 moles,
1164 2560 1247 2602 etc.]
1274 2561 1444 2604 Templum
1459 2560 1606 2604 intelligi,

929 2608 962 2639 in
991 2616 1098 2640 monte
1125 2610 1287 2642 Aventino
1315 2611 1463 2653 positum,
1483 2617 1603 2643 eertum

931 2664 997 2697 est;
1031 2658 1060 2689 ei
1083 2659 1168 2690 enim
1191 2660 1291 2691 monti
1313 2660 1427 2692 Remus
1447 2662 1605 2692 institerat

931 2717 1005 2739 aves
1020 2709 1240 2749 consulturus;
1264 2709 1387 2747 Livius,
1403 2710 1427 2742 i.
1441 2710 1472 2742 6.
1495 2710 1604 2754 Negat

931 2762 1039 2789 tamen
1059 2759 1226 2801 Neapolis,
1248 2759 1303 2802 qui
1327 2765 1419 2802 putat
1443 2759 1604 2801 designari
