1830 3220
614 185 965 228 FASTORUM
1001 185 1123 227 LIB.
1148 186 1230 228 ΙΙΙ.

1551 189 1637 231 119

210 303 463 351 Omnibus
484 303 718 366 agricolis
745 311 1194 368 armentorumque
1220 306 1474 368 magistris

277 381 450 430 Iliadae
476 380 656 429 fratres
676 384 793 447 jura
817 381 979 447 petita
1003 382 1209 430 dabant.

209 459 358 525 Saepe
384 460 593 507 domum
618 460 829 508 veniunt
854 460 1152 525 praedonum
1179 461 1426 525 sanguine
1452 463 1570 520 laeti,

276 538 343 586 Et
368 538 607 603 redigunt
632 546 772 587 actos
799 539 850 586 in
876 555 968 587 sua
993 555 1108 587 rura
1133 540 1305 588 boves.

210 616 283 665 Ut
304 634 462 682 genus
483 618 767 675 audierunt,
792 617 986 666 animos
1006 624 1152 682 pater
1172 619 1339 667 editus
1362 627 1544 683 auget3
1573 622 1637 668 65

279 695 348 743 Et
372 695 534 761 pudet
559 696 609 744 in
635 697 813 761 paucis
840 713 1025 744 nomen
1054 697 1243 745 habere
1270 697 1432 746 casis:

209 774 566 839 Romuleoque
593 776 731 824 cadit
756 777 999 840 trajectus
1027 775 1262 824 Amulius
1289 792 1440 825 ense:

277 853 565 919 Regnaque
591 856 816 920 longaevo
842 855 1182 903 restituuntur
1208 872 1316 903 avo.

209 932 403 983 Moenia
427 935 742 984 conduntur:
786 952 917 1000 quae,
946 935 1177 1000 quamvis
1203 951 1358 1000 parva
1382 934 1601 993 fuerunt,

279 1011 397 1061 Non
423 1020 595 1062 tamen
622 1014 854 1079 expediit
878 1014 1197 1062 transiluisse
1226 1013 1407 1062 Remo.

1573 1017 1638 1061 70

208 1090 238 1138 J
245 1107 342 1148 am,
356 1093 508 1141 modo
524 1110 627 1158 qua
641 1093 842 1142 fuerant
857 1095 1011 1151 silvae,
1026 1110 1371 1159 pecorumque
1388 1110 1636 1153 recessus,

283 1170 418 1219 Urbs
446 1180 582 1229 erat;
625 1181 824 1221 aeternae
851 1190 1010 1237 quum
1037 1180 1181 1238 pater
1206 1172 1346 1220 urbis
1372 1172 1471 1221 ait:

211 1249 416 1298 Arbiter
440 1267 709 1309 armorum,
737 1253 801 1300 de
826 1253 971 1316 cujus
998 1251 1243 1314 sanguine
1271 1258 1417 1299 natus

280 1328 505 1387 Credor3
543 1337 609 1387 et,
637 1338 693 1378 ut
717 1330 912 1386 credar,
936 1330 1149 1394 pignora
1174 1336 1314 1377 certa
1337 1330 1499 1388 dabo;

210 1406 255 1454 A
282 1414 333 1455 te
360 1408 667 1473 principium
694 1409 926 1457 Romano
952 1409 1186 1457 ducimus
1213 1424 1374 1457 anno:

1577 1414 1640 1458 75

282 1486 483 1536 Primus
510 1488 573 1536 de
600 1489 762 1553 patrio
788 1490 991 1536 nomine
1018 1487 1207 1536 mensis
1235 1495 1332 1536 eat.

214 1564 328 1613 Vox
354 1574 463 1615 rata
480 1568 563 1625 fit;
603 1568 872 1632 patrioque
891 1575 1038 1615 vocat
1063 1567 1128 1614 de
1153 1566 1357 1614 nomine
1385 1583 1636 1627 mensem3

284 1643 486 1694 Dicitur
511 1647 619 1694 haec
646 1647 809 1712 pietas
836 1652 979 1710 grata
1002 1645 1159 1693 fuisse
1188 1644 1317 1693 Deo.

259 1856 311 1887 63.
336 1854 408 1886 Liv.
427 1855 448 1886 i.
465 1856 504 1885 4:
532 1859 552 1872 “
571 1855 609 1886 In
629 1855 766 1886 latrones
784 1854 892 1897 praeda

213 1911 342 1937 onustos
357 1905 496 1947 impetus
516 1906 634 1941 facere,
652 1904 892 1947 pastoribusque

214 1961 306 1998 rapta
333 1954 514 1986 dividere.’'

215 2008 302 2038 Iaetus
318 2008 458 2038 victoria.

562 1955 641 1986 Laeti
665 1957 829 1997 sangnine,
858 1960 892 1986 ut

258 2057 311 2088 65.
359 2055 510 2087 Heinsius
539 2065 602 2086 non
631 2055 788 2097 improbat
816 2054 891 2086 lect.

215 2107 289 2139 Urs.
312 2106 447 2138 duorum
474 2106 587 2137 Patav.
609 2104 743 2136 duorum
770 2105 893 2136 Medic.

215 2163 304 2198 pater
325 2159 464 2199 agnitus.
511 2157 623 2188 Burm.
645 2160 732 2186 recte
751 2154 895 2187 defendit

217 2209 328 2245 editus,
344 2206 428 2249 quod
445 2211 553 2237 tamen
567 2216 630 2237 non
647 2215 718 2236 cum
734 2215 771 2236 eo
793 2205 894 2248 expli-

219 2268 301 2294 cem,
322 2257 377 2300 qui
407 2256 536 2300 publice
561 2257 631 2299 jam
660 2255 828 2287 dicebatur
855 2256 895 2286 ab

217 2307 365 2340 omnibus
392 2313 496 2350 pater,
519 2307 586 2344 sed,
607 2317 703 2349 quem
725 2306 897 2337 Faustulus

220 2359 267 2390 eis
291 2364 467 2401 aperuerat.
513 2358 584 2389 Hoc
611 2356 726 2388 melius
750 2356 899 2389 convenit

220 2408 270 2447 iis,
298 2419 370 2451 quae
394 2407 536 2440 historici
564 2408 697 2439 habent.
744 2407 787 2437 Et
810 2408 898 2438 edere

222 2459 267 2491 sic
291 2458 387 2498 alibi3
411 2460 493 2491 Met.
507 2458 540 2489 ii.
559 2459 615 2489 43.
632 2462 652 2474 “
671 2457 826 2499 Clymene
844 2467 898 2488 ve-

222 2521 272 2542 ros
287 2509 389 2542 edidit
405 2508 524 2540 ortus.'’
573 2508 691 2539 Nomen
713 2507 753 2538 de
777 2507 901 2549 generis

222 2560 390 2592 nobilitate
415 2559 512 2591 etiam
542 2558 628 2600 apud
653 2558 722 2590 Cic.
747 2563 780 2589 et
809 2557 901 2589 alios.

226 2611 351 2643 Paucis.
397 2609 485 2642 Olim
502 2609 595 2641 edeb.
609 2611 725 2650 parvis:
749 2608 806 2640 sed
822 2609 901 2639 alte-

225 2672 294 2693 rum
309 2659 540 2703 significantius
555 2665 621 2698 est3
640 2658 803 2701 duplicem
818 2658 903 2690 enim

225 2710 356 2754 pudoris
372 2720 502 2742 causam
526 2708 668 2746 exhibet,
682 2708 715 2739 in
740 2708 834 2746 casis,
850 2708 903 2739 iis-

227 2773 288 2804 que
315 2760 438 2804 paucis.
486 2762 654 2803 Longaevns
675 2765 806 2792 vocatur
829 2757 906 2801 quia

224 2813 292 2855 jam
309 2823 393 2844 avus.

1008 1854 1061 1884 70.
1111 1853 1286 1894 Vulgarem
1324 1852 1406 1882 hanc
1436 1851 1639 1883 traditionem

964 1905 1080 1935 Noster
1095 1904 1189 1934 etiam
1207 1902 1239 1933 ii.
1256 1903 1329 1933 134.
1341 1902 1384 1933 iv.
1400 1903 1475 1933 840.
1489 1903 1642 1944 sequitur.

965 1956 1052 1986 Remi
1066 1965 1177 1985 necem
1191 1964 1247 1996 per
1258 1952 1514 1995 euphemismum
1528 1952 1643 1994 tangit.

964 2006 1123 2036 Pecudum
1135 2003 1380 2035 commoratione
1392 2002 1523 2034 vastitas
1535 2003 1644 2034 decla-

962 2061 1068 2094 ratur3
1115 2053 1279 2090 Horatius,
1309 2052 1374 2084 ΙΙΙ.
1405 2052 1468 2084 Od.
1503 2052 1548 2083 iii.
1579 2054 1640 2084 40:

963 2110 983 2122 “
995 2105 1084 2136 Dum
1096 2103 1214 2135 Priami
1231 2102 1419 2144 Paridisque
1430 2103 1524 2133 busto
1537 2103 1639 2134 Insul-

964 2160 1011 2187 tet
1033 2154 1248 2187 armentum.''
1294 2153 1336 2183 Et
1356 2158 1499 2195 pastores
1519 2152 1563 2183 ibi
1586 2152 1642 2184 de-

963 2206 1096 2248 gebant.

1010 2257 1065 2288 72.
1109 2256 1216 2292 Pater,
1246 2253 1401 2291 conditor,
1432 2253 1488 2296 qui
1525 2254 1646 2286 Martio

966 2307 1068 2338 mensi
1094 2315 1211 2337 nomen
1230 2303 1376 2346 imponit.
1421 2304 1485 2335 Pro
1508 2314 1545 2335 eo
1564 2304 1645 2336 bene

968 2356 1144 2387 Romulum
1173 2360 1343 2386 voventem
1377 2353 1500 2385 inducit
1532 2359 1564 2385 et
1598 2354 1645 2385 lo-

966 2413 1132 2449 quentem.
1179 2405 1325 2441 AEterna,
1356 2404 1444 2435 urbis
1481 2403 1646 2446 epitheton

968 2456 1124 2487 Romanis
1147 2454 1319 2487 admodum
1343 2459 1489 2496 gratum:
1512 2453 1586 2485 vide
1606 2455 1647 2485 ad

969 2517 1035 2538 ver.
1050 2507 1126 2537 421.
1174 2506 1309 2542 Arbiter,
1321 2515 1448 2547 praeses.
1496 2504 1647 2546 Pignora.

971 2556 1153 2592 Phaethon,
1168 2556 1306 2586 Metam.
1326 2554 1360 2585 ii.
1380 2555 1442 2585 38:
1468 2558 1490 2571 “
1510 2554 1648 2595 Pignora

971 2607 1024 2644 da,
1040 2607 1174 2649 genitor,
1190 2616 1246 2648 per
1262 2616 1333 2648 quae
1350 2611 1406 2636 tua
1420 2615 1496 2636 vera
1509 2613 1648 2646 propago

972 2656 1131 2689 Credar.'’
1190 2655 1296 2687 Etiam
1334 2655 1368 2686 h.
1404 2654 1426 2686 l.
1465 2652 1648 2685 Mitscherl.

971 2709 1053 2739 dato.
1113 2707 1177 2739 Sed
1213 2706 1373 2738 Romulus
1407 2705 1467 2735 hoc
1504 2702 1648 2734 instituto

971 2757 1106 2800 posteris
1127 2768 1229 2800 genus
1247 2767 1340 2789 suum
1361 2754 1493 2798 prodere
1512 2753 1651 2786 volebat.

973 2807 1018 2839 iv.
1035 2808 1092 2839 24.
