1809 3220
225 182 311 224 176

609 179 660 220 Ρ.
695 177 913 220 OVIDII
947 177 1233 221 NASONIS

223 297 358 346 Hinc
384 303 524 345 satus
552 294 757 350 AEneaS,
785 293 948 358 pietas
975 301 1209 358 spectata
1233 310 1324 359 per
1349 295 1511 358 ignes,

291 375 462 430 Sacra,
490 379 790 437 patremque
817 370 1056 428 humeris,
1084 372 1244 420 altera
1268 388 1427 429 sacra,
1453 371 1585 420 tulit.

219 452 468 501 Venimus
494 451 558 498 ad
582 450 704 498 felix
729 448 1003 512 aliquando
1028 466 1213 497 nomen
1241 449 1355 507 Iuli,

289 529 440 577 Unde
465 529 646 576 domus
673 527 896 575 Teucros
923 526 953 574 J
960 527 1060 575 ulia
1083 527 1248 591 tangit
1273 544 1408 576 avos.

1573 529 1640 574 40

217 609 494 656 Postumus
519 607 666 664 huic;
697 605 801 670 qui,
825 605 961 669 quod
987 605 1123 653 silvis
1148 604 1244 653 fuit
1268 613 1409 654 ortus
1429 605 1480 653 in
1506 604 1637 661 altis,

288 685 473 734 Silvius
500 685 550 732 in
578 684 722 732 Latia
747 691 898 748 gente
923 691 1134 732 vocatus
1161 691 1284 732 erat.

219 765 391 828 Isque,
416 762 610 821 Latine,
634 763 725 810 tibi
751 771 895 828 pater
919 770 1027 810 est:
1057 761 1196 810 subit
1214 761 1346 810 Alba
1367 760 1634 809 Latinum:

286 842 558 890 Proximus
584 850 662 890 est
687 842 845 889 titulis
874 840 1071 905 Epitos,
1099 841 1248 897 Alba,
1275 840 1394 888 tuis.

1538 844 1562 851 “

218 921 313 969 Ille
338 921 480 968 dedit
506 920 674 985 Capyi
700 920 921 968 recidiva
943 920 1192 967 vocabula
1216 918 1408 982 Trojae;
1569 919 1634 965 45

285 998 354 1047 Et
376 1005 494 1046 tuus
521 1006 599 1046 est
621 998 773 1056 idem,
805 999 1037 1063 Calpem,
1064 997 1229 1045 factus
1256 1013 1394 1044 avus.
1450 996 1633 1058 [beret,

217 1076 493 1139 Quumque
524 1076 679 1140 patris
712 1093 922 1140 regnum
948 1083 1065 1140 post
1090 1076 1224 1124 hunc
1251 1073 1520 1122 Tiberinus
1546 1074 1634 1121 ha·

287 1153 487 1202 Dicitur
512 1154 562 1201 in
587 1153 767 1202 Tuscae
795 1155 994 1218 gurgite
1019 1171 1214 1203 mersus
1242 1169 1403 1217 aquae.
1439 1153 1634 1216 [potem

216 1232 332 1281 Jam
368 1240 539 1280 tamen
564 1232 827 1297 Agrippan
863 1232 1106 1296 genitum,
1137 1231 1515 1294 Remulumque
1547 1246 1634 1277 ne·

281 1310 522 1368 Viderat3
563 1310 612 1357 in
642 1311 916 1359 Remulum
943 1310 1154 1358 fulmina
1178 1309 1334 1357 missa
1357 1308 1540 1356 ferunt.
1569 1311 1634 1356 50

257 1423 310 1454 37.
335 1421 386 1453 De
410 1421 470 1452 liae
496 1424 610 1461 pietate
638 1422 751 1452 „Eneae
782 1422 889 1453 confer

212 1472 234 1503 i.
251 1472 326 1503 527.
351 1471 446 1501 Nunc
471 1470 537 1512 ipse
562 1470 699 1511 graviter
717 1473 814 1511 pietas
836 1482 887 1501 vo-

213 1526 317 1553 catur.
364 1520 454 1551 Bene
469 1526 600 1560 spectata
619 1531 674 1559 per
691 1522 796 1563 ignes;
823 1526 887 1552 ete-

213 1571 279 1602 nim
300 1571 379 1601 AEn.
397 1569 441 1601 iii.
460 1570 520 1600 148
536 1581 542 1599 :
568 1569 730 1611 “Phrygii
746 1577 888 1612 penates,

214 1622 304 1658 Quos
327 1630 451 1650 mecum
473 1630 492 1650 a
514 1619 619 1661 Troja,
647 1619 822 1661 mediisque
847 1630 885 1650 ex

214 1669 331 1712 ignibis
346 1668 433 1701 urbis
448 1668 666 1700 Extuleram.”
717 1669 815 1705 Unde,
832 1680 888 1711 per

213 1731 321 1763 quem.
370 1719 557 1750 Teucrorum
579 1729 692 1750 nomen
717 1718 800 1760 apud
820 1719 885 1749 Ho-

213 1781 334 1802 merum
351 1780 412 1800 non
428 1768 574 1805 occurrit,
591 1779 648 1800 nec
671 1769 887 1810 frequentatur

212 1819 337 1852 caeteris
366 1818 477 1860 graecis
513 1820 635 1861 poetis;
676 1818 784 1850 latinis
813 1830 887 1850 vero

213 1869 316 1912 poetis
337 1868 507 1899 admodum
532 1868 696 1899 usitatum.
745 1868 829 1900 Vide
846 1869 885 1900 (le

212 1930 250 1951 eo
264 1918 361 1961 paulo
376 1924 450 1948 ante
463 1917 577 1949 adver.
592 1919 630 1948 31
645 1929 653 1956 3
681 1917 800 1955 Livius,
814 1917 835 1948 i.
852 1919 885 1949 3.

212 1969 268 2000 ubi
298 1968 339 1999 de
369 1967 521 2003 Ascanio,
550 1968 663 1998 AEneae
692 1978 884 2006 successore,

212 2017 370 2060 loquitur:
413 2016 544 2048 “Haud
588 2017 666 2047 nihil
707 2017 881 2058 ambigam,

210 2066 338 2099 hiccine
376 2065 470 2096 fuerit
497 2065 665 2102 Ascanius,
701 2076 741 2097 an
775 2067 884 2109 major,

211 2127 308 2159 quam
325 2115 388 2151 hic,
406 2115 527 2146 Creusa
543 2119 643 2146 matre
660 2115 720 2146 Ilio
733 2115 883 2147 incolumi

211 2171 316 2201 natus
337 2175 507 2206 comesque
529 2163 604 2195 inde
628 2170 769 2206 paternae
788 2166 883 2206 sugae,

209 2226 304 2258 quem
320 2215 426 2246 Iulum
442 2214 588 2246 eumdem
608 2215 698 2246 Julia
713 2226 791 2256 gens
807 2226 881 2246 auc-

209 2272 308 2296 torem
331 2264 465 2296 nominis
489 2264 537 2295 sui
566 2264 762 2307 nuncupat.''
808 2264 881 2296 Ma-

207 2315 306 2357 jorem
318 2314 415 2346 fuisse
427 2314 523 2345 etiam
534 2314 688 2356 Virgilius
701 2321 732 2345 et
747 2315 882 2356 Dionys.

209 2365 231 2396 i.
250 2366 303 2396 65.
317 2364 440 2395 volunt.
486 2365 534 2395 Ea
547 2364 666 2406 origine
684 2364 777 2395 valde
792 2364 882 2396 laeta-

208 2415 302 2446 batur
312 2415 404 2445 Julia
419 2415 539 2451 domus5
564 2413 731 2455 Virgilius,
748 2414 880 2445 AEneid.

208 2464 230 2495 i.
252 2465 337 2495 288:
365 2462 516 2500 “Julius,
535 2473 554 2494 a
572 2473 688 2505 magno
710 2463 881 2495 demissum

210 2524 325 2546 nomen
354 2513 466 2545 Iulo.’'
525 2513 642 2544 Confer
678 2513 880 2555 Dionysium,

209 2564 230 2596 i.
248 2564 301 2595 70.

253 2614 308 2644 41.
330 2611 449 2643 Seriem
473 2622 582 2653 regum
603 2611 799 2643 Albanorum
822 2611 879 2643 ha-

207 2665 265 2695 bes
284 2661 381 2694 etiam
399 2662 535 2693 Metam.
549 2661 616 2693 xiv.
631 2662 695 2693 609
710 2672 780 2703 sqq.
826 2662 878 2692 De

209 2724 249 2745 ea
275 2712 348 2744 vide
370 2711 488 2754 Ryckii
516 2711 651 2743 Dissert.
674 2712 717 2742 xi.
744 2724 778 2754 p.
803 2713 879 2744 453.

214 2763 375 2794 Postumus
393 2761 447 2793 ille
469 2762 583 2794 Silvius
605 2761 780 2794 secundum
798 2761 877 2793 Dio-

959 1422 1094 1462 nysium.
1112 1421 1132 1452 i.
1152 1421 1203 1451 70.
1228 1427 1297 1451 erat
1318 1419 1451 1451 Ascanii
1472 1418 1578 1456 frater,
1594 1429 1634 1450 ex

958 1471 1091 1502 Lavinia
1119 1477 1189 1514 post
1217 1470 1338 1501 obitum
1377 1470 1490 1500 AEneae
1526 1474 1632 1500 natus.

958 1521 1091 1553 Lavinia
1108 1532 1206 1563 quum
1227 1531 1299 1552 eum
1322 1526 1411 1552 utero
1433 1519 1540 1556 ferret,
1565 1529 1632 1551 me-

957 1577 1122 1613 tueretque
1148 1570 1334 1606 Ascanium,
1358 1581 1375 1601 a
1398 1574 1522 1612 pastore
1546 1569 1633 1612 regio

956 1621 988 1652 in
1027 1624 1119 1653 silvas
1148 1622 1290 1653 desertas
1319 1619 1458 1651 deducta
1486 1624 1544 1655 est,
1577 1619 1633 1650 ubi

957 1671 1089 1702 Siluium
1116 1671 1198 1702 clam
1236 1669 1371 1712 peperit,
1396 1669 1479 1711 quod
1517 1679 1631 1700 nomen

956 1721 1101 1752 omnibus
1132 1720 1285 1762 deinceps
1314 1719 1383 1762 ejus
1411 1718 1544 1761 posteris
1573 1717 1631 1749 ad-

956 1770 1057 1802 liaeS1t.
1088 1770 1198 1802 Livius
1214 1780 1286 1801 vero
1302 1780 1374 1800 eum
1393 1774 1485 1800 vocat
1499 1767 1632 1800 Ascanii

956 1820 1067 1857 filium,
1083 1831 1159 1851 casu
1183 1819 1322 1862 quodam
1345 1819 1378 1850 in
1401 1818 1488 1849 silvis
1507 1825 1630 1849 natum.

956 1870 1055 1911 Isque,
1086 1870 1209 1905 Latini,
1241 1874 1302 1901 ete.
1358 1867 1493 1900 Ovidius
1522 1866 1574 1899 hic
1597 1872 1631 1899 et

956 1920 1093 1951 Metam.
1125 1919 1212 1950 dicto
1233 1919 1314 1954 loco,
1341 1919 1469 1949 AEneam
1498 1917 1629 1948 Silvium

954 1970 1070 2005 omisit,
1087 1975 1208 2011 patrem
1225 1968 1344 1999 Latini.
1373 1969 1472 2004 Subit,
1486 1966 1630 1999 succedit

954 2020 1031 2049 Alba
1051 2019 1175 2049 Latino.
1218 2018 1322 2058 Epiros
1338 2017 1427 2049 Livio
1443 2018 1532 2059 Atys,
1548 2017 1627 2049 Dio-

955 2068 1044 2110 nysio
1062 2069 1194 2108 Capetus
1209 2067 1336 2099 dicitur.

998 2120 1051 2150 45.
1076 2118 1235 2153 Recidira,
1251 2128 1334 2160 quae,
1351 2117 1522 2160 anteajam
1537 2128 1627 2149 usui·-

953 2174 1038 2211 pata,
1055 2167 1096 2199 ad
1111 2178 1175 2198 rem
1188 2178 1301 2198 novam
1312 2166 1512 2198 adhibentur.
1528 2167 1628 2209 Capys

951 2217 1026 2248 olim
1041 2217 1222 2248 nominatus
1237 2223 1304 2248 erat
1320 2227 1381 2248 non
1401 2216 1496 2248 modo
1513 2217 1625 2249 AEneae

951 2278 1039 2304 arm,
1061 2267 1210 2298 Assaraci
1239 2267 1333 2302 filius,
1359 2266 1415 2297 sed
1438 2271 1470 2296 et
1497 2277 1579 2298 unus
1609 2277 1626 2298 e

949 2317 1042 2348 sociis
1056 2318 1168 2348 AEneae
1182 2329 1190 2356 ;
1215 2317 1291 2347 AEn.
1305 2316 1327 2348 i.
1341 2317 1414 2347 183.
1459 2316 1512 2347 De
1528 2327 1623 2348 voca-

950 2366 1026 2398 bulo
1045 2368 1207 2403 recidivus,
1227 2365 1378 2396 Heinsius
1394 2365 1450 2407 qui
1474 2365 1507 2396 id
1527 2365 1624 2398 valde

950 2417 1090 2453 amabat,
1120 2415 1218 2447 latius
1242 2414 1309 2457 egit
1331 2415 1370 2446 ad
1396 2414 1624 2453 Claudianum,

949 2466 1026 2497 xliv.
1042 2467 1096 2497 66.
1143 2466 1204 2497 Pro
1222 2465 1346 2505 Calpete
1364 2464 1417 2496 hic
1437 2470 1469 2495 et
1483 2465 1621 2499 Metam.

949 2515 1014 2547 xiv.
1029 2517 1104 2547 613.
1120 2516 1242 2555 Capeto,
1259 2520 1355 2556 atque
1373 2514 1419 2546 ita
1439 2520 1471 2546 et
1491 2513 1621 2554 Livius3

948 2565 1004 2597 sed
1025 2565 1161 2608 Neapol.
1185 2564 1278 2596 metri
1306 2575 1404 2596 causa
1426 2564 1486 2596 hoc
1510 2564 1581 2595 loco
1603 2575 1621 2596 e

948 2614 1104 2656 Dionysio
1127 2620 1158 2646 et
1181 2613 1321 2645 Eusebio
1343 2613 1465 2645 invexit
1486 2613 1622 2653 Calpete.

953 2664 1049 2696 Tusca
1069 2675 1161 2705 aqua,
1178 2663 1302 2695 Albula
1322 2664 1447 2699 fluvius,
1469 2662 1525 2704 qui
1546 2662 1621 2695 inde

947 2713 1071 2745 Tiberis
1083 2724 1199 2745 nomen
1210 2713 1334 2756 accepit
1346 2725 1355 2753 ;
1378 2713 1486 2744 confer
1496 2711 1531 2743 ii.
1544 2714 1620 2745 389.

993 2765 1046 2795 49.
1069 2764 1120 2795 De
1136 2765 1276 2806 Agrippa
1291 2769 1323 2795 et
1338 2763 1466 2794 Remulo
1480 2767 1535 2794 aut
1555 2762 1617 2794 Ro-
