1809 3220
230 200 316 242 218
633 201 682 241 P.
718 199 935 241 0V1D11
971 199 1255 242 NASONIS

233 317 311 364 Sit
335 316 454 364 licet
479 323 530 363 et
555 315 721 371 fuerit,
750 323 922 363 tamen
946 316 1040 363 hac
1068 315 1383 364 Mutinensia
1409 315 1582 364 Caesar

300 392 559 440 Grandine
585 392 764 440 militia
789 393 1020 441 contudit
1045 409 1184 440 arma
1209 409 1315 441 sua.

228 470 447 518 TERTIA
478 479 594 534 post
619 471 832 518 Veneris
863 487 1021 535 quum
1048 472 1134 518 lux
1163 471 1435 518 surrexerit
1461 470 1601 527 Idus,

297 549 573 596 Pontifices
601 549 743 596 forda
768 566 912 597 sacra
935 550 1077 597 litate
1103 550 1246 596 bove.
1546 552 1645 597 630

229 626 394 674 Forda
417 626 583 675 ferens
612 627 701 674 bos
729 635 822 685 est,
851 627 1191 691 fecundaque,
1220 627 1357 674 dicta
1381 626 1617 674 ferendo:

295 703 427 752 Hinc
456 704 607 752 etiam
636 705 768 752 fetus
795 721 978 752 nomen
1005 705 1192 752 habere
1219 711 1415 768 putant.

227 781 376 830 Nunc
403 783 663 846 gravidum
698 799 855 846 pecus
885 790 985 840 est3
1027 781 1244 845 gravidae
1284 797 1417 828 nunc
1453 780 1645 829 semine

294 859 482 907 Telluri
510 862 671 924 plenae
697 861 902 908 victima
927 861 1077 925 plena
1101 861 1266 907 datur.
1420 878 1422 880 ’
1443 860 1610 921 [terrae
1634 875 1643 906 :

225 936 352 985 Pars
379 938 516 986 cadit
538 954 652 986 arce
678 937 847 986 Jovis:
888 946 966 986 ter
981 938 1138 986 denas
1162 937 1319 984 Curia
1336 953 1517 985 vaccas
1543 938 1640 984 635

291 1016 522 1079 Accipit;
565 1022 618 1063 et
643 1016 782 1078 largo
810 1032 985 1080 sparsa
1010 1031 1188 1062 cruore
1216 1014 1402 1062 madet.

224 1093 320 1140 Ast
345 1094 429 1140 ubi
454 1093 733 1141 visceribus
758 1094 941 1141 vitulos
968 1109 1179 1157 rapuere
1209 1091 1438 1148 ministri,

298 1171 555 1234 Sectaque
580 1171 793 1218 fumosis
819 1179 940 1218 exta
964 1171 1150 1218 dedere
1177 1169 1319 1224 focis,

225 1247 351 1311 Igne
377 1256 569 1296 cremat
592 1249 793 1305 vitulos,
822 1265 936 1312 quae
963 1255 1083 1296 natu
1110 1247 1345 1303 maxima,
1374 1246 1557 1310 Virgo;

295 1326 430 1373 Luce
458 1325 598 1373 Palis
623 1326 836 1390 populos
863 1333 1046 1389 purget
1069 1331 1123 1372 ut
1148 1325 1232 1372 ille
1257 1323 1401 1372 cinis.

223 1428 307 1459 enim
324 1429 410 1472 apud
433 1428 622 1460 Ciceronem
644 1429 685 1459 ad
701 1428 777 1460 Div.
794 1440 824 1460 x.
841 1430 895 1460 30.

222 1478 309 1520 prius
327 1478 477 1520 proelium
502 1478 589 1510 xviii.
612 1478 689 1509 Kal.
715 1478 796 1509 Maii
813 1489 897 1509 com-

223 1527 353 1559 missum
383 1527 506 1559 scribit.
553 1528 667 1569 Itaque
704 1535 758 1558 aut
782 1528 897 1558 erravit

224 1576 361 1608 Ovidius
372 1582 438 1613 aut,
455 1576 540 1618 quod
549 1582 580 1607 et
593 1576 750 1607 Gesenius
762 1576 896 1612 monuit,

224 1626 309 1668 apud
318 1625 503 1657 Ciceronem
513 1637 661 1657 numerus
670 1632 834 1667 corruptus
842 1632 900 1657 est.

270 1677 458 1707 629--672.
475 1677 534 1707 Die
550 1687 604 1706 xv.
617 1677 696 1715 Apr.
713 1676 902 1707 Fordicidia.

225 1725 288 1757 Hic
315 1736 431 1757 nomen
456 1726 610 1768 explicat,
638 1736 731 1756 sacra
753 1726 821 1768 ipsa
846 1726 901 1757 de-

225 1775 345 1811 scribit,
386 1775 601 1817 originemque
640 1786 748 1806 corum
790 1776 902 1818 repetit

222 1825 296 1856 inde
311 1836 330 1857 a
346 1827 464 1857 Numa.
491 1826 593 1856 Fortia
611 1828 667 1862 bos,
680 1837 781 1856 vacca
796 1837 899 1869 praeg-

224 1886 316 1907 nans.
372 1877 507 1906 Festus:
548 1875 767 1906 “Fordicidiis
804 1877 900 1907 boves

225 1924 333 1962 sordae,
353 1924 386 1955 id
406 1931 454 1956 est
473 1925 624 1967 gravidae,
640 1925 898 1963 immolabantur,

224 1975 318 2005 dietae
346 1985 365 2006 a
388 1975 488 2006 setu.'’
536 1976 636 2006 Varro
657 1975 697 2006 de
718 1975 807 2017 Liug.
830 1977 899 2007 Lat.

224 2036 264 2055 v:
287 2024 498 2055 “Fordicidia
519 2035 538 2055 a
554 2025 650 2056 sordis
672 2026 787 2056 bubus.
836 2026 899 2056 Bos

225 2074 325 2111 forda,
351 2085 420 2116 quae
445 2074 557 2104 sertin
584 2075 729 2105 ventre.'’
776 2075 898 2106 Glossae

214 2122 329 2164 sardas
341 2123 503 2164 explicant
515 2123 776 2166 ἐγκυμοιιοὺσας,
789 2126 899 2166 etfor-

224 2175 338 2204 dividia
367 2173 483 2211 θυσίας
510 2174 692 2216 ὲγκίνμονος
712 2174 801 2215 βοός.
849 2176 898 2206 De

224 2222 332 2253 vaccis
353 2223 555 2264 peculiariter
574 2223 631 2253 hoc
648 2224 759 2254 vocab.
776 2223 897 2255 dictum

224 2277 331 2302 monet
359 2272 523 2303 Bentleius
553 2272 593 2303 ad
622 2273 802 2309 Horatium,
830 2273 896 2304 III.

225 2322 289 2354 Od.
304 2322 367 2359 273
391 2322 503 2352 Festus
518 2329 549 2353 et
564 2323 665 2353 Varro
681 2321 721 2353 de
738 2323 788 2353 Re
803 2322 897 2354 Rust.

225 2371 259 2403 ii.
283 2374 316 2402 5.
336 2371 478 2402 scribunt
502 2377 533 2402 et
557 2372 650 2403 horda
674 2378 771 2414 atque
795 2373 898 2403 hordi-

225 2423 328 2459 cz'dia,·
366 2421 438 2452 vide
471 2421 598 2452 omnino
635 2422 818 2454 Schneider.
857 2423 896 2454 ad

225 2470 376 2502 Varronis
391 2470 510 2501 dictum
527 2471 643 2502 locum.
673 2471 792 2508 Litore,
809 2479 898 2513 grato

225 2519 379 2551 sacrificio
423 2519 606 2551 satisfacere
650 2520 734 2556 Diis,
772 2521 898 2563 placare

226 2568 325 2600 Deos.
370 2567 480 2610 Negat
502 2568 630 2610 quidem
653 2569 791 2606 Servius,
810 2572 900 2602 litare

225 2629 313 2650 sacra
338 2623 424 2649 recte
449 2617 536 2657 dici3
564 2619 619 2650 sed
642 2619 714 2650 vide
740 2620 899 2652 Schwarz.

227 2667 267 2698 ad
283 2667 434 2704 Plinium,
449 2678 526 2710 pan.
540 2668 588 2699 lii.
603 2669 635 2699 3.
661 2668 773 2700 Feretzs
784 2680 896 2712 nempe

225 2716 257 2747 in
271 2724 370 2748 utero.
409 2717 461 2747 Ab
478 2718 671 2759 antiquofeo
686 2724 800 2760 putant
814 2719 895 2750 flux-

226 2765 288 2796 isse
317 2767 472 2798 vocabula
491 2767 579 2809 fero,
599 2768 702 2810 fetus,
723 2769 894 2810 fecundus,

1544 1326 1643 1371 640

956 1429 1084 1471 surdus.
1103 1428 1159 1459 Vir
1171 1428 1284 1459 doctus
1295 1427 1328 1458 in
1338 1427 1474 1469 Ephem.
1488 1427 1643 1459 Heidelb.

967 1479 999 1510 d.
1025 1479 1046 1510 l.
1074 1489 1141 1509 voc.
1162 1479 1280 1520 foi-clus
1304 1477 1435 1509 deducit
1466 1488 1485 1508 a
1510 1478 1640 1514 Graeco,

967 1528 1080 1571 φοράς,
1118 1527 1268 1570 φορτίδος,
1299 1528 1475 1569 laudatque
1509 1527 1541 1559 in
1571 1537 1642 1558 eam

968 1589 1032 1610 rem
1052 1578 1155 1610 Vossii
1173 1578 1311 1619 Etyniol.

1013 1629 1090 1659 633.
1115 1627 1261 1669 Tempori
1286 1626 1559 1658 accommodatum
1583 1625 1642 1658 hoc

970 1689 1106 1709 sacrum.
1133 1678 1235 1708 Tellus
1247 1688 1302 1708 cur
1316 1676 1368 1707 hic
1383 1682 1644 1707 commemoretur

971 1739 987 1759 e
1008 1739 1073 1760 ver.
1091 1729 1165 1759 665.
1180 1733 1291 1770 patet3
1316 1726 1398 1757 adde
1419 1726 1440 1758 i.
1459 1727 1646 1758 671—674.

970 1778 1084 1809 Hostia
1107 1778 1135 1809 ei
1151 1777 1277 1820 propria
1300 1783 1367 1808 erat
1385 1787 1439 1808 sus
1458 1787 1646 1819 praegnans3

970 1827 1167 1863 Macrobius,
1180 1827 1202 1858 i.
1217 1828 1282 1858 Sat.
1299 1828 1347 1858 12.
1373 1827 1489 1863 Plenae,
1503 1825 1643 1867 gravidae

969 1878 1152 1914 seminibus,
1188 1878 1290 1917 plena,
1330 1875 1474 1917 gravida,
1513 1875 1644 1908 victima

969 1927 1072 1959 datur.
1117 1929 1183 1958 Arx
1204 1926 1300 1963 Jovis,
1317 1926 1486 1957 delubrum
1506 1926 1595 1958 Jovis
1610 1925 1644 1956 in

969 1976 1151 2018 Capitolio;
1174 1976 1217 2006 vi.
1240 1977 1299 2014 183
1323 1975 1396 2007 vide
1417 1975 1459 2006 ad
1481 1975 1503 2006 i.
1519 1976 1583 2014 85;
1607 1975 1644 2007 ii.

970 2026 1023 2056 70.
1074 2026 1182 2061 Curia,
1207 2025 1308 2056 Varro
1331 2024 1372 2054 de
1393 2024 1486 2066 Ling.
1513 2024 1584 2056 Lat.
1603 2036 1641 2056 v:

969 2075 1051 2105 “Ea
1079 2074 1130 2104 die
1158 2073 1287 2115 publice
1317 2073 1521 2104 immolantur
1545 2074 1644 2106 boves

968 2128 1168 2165 praegnantes
1212 2123 1245 2153 in
1292 2122 1388 2154 curiis
1432 2122 1644 2165 complures.’'

968 2174 1066 2204 Erant
1093 2179 1200 2204 autem
1237 2173 1364 2209 Romae,
1394 2172 1478 2214 quod
1508 2179 1643 2211 constat,

967 2223 1062 2254 curiae
1089 2223 1230 2265 triginta.
1280 2224 1432 2260 Ministrz',
1462 2222 1642 2260 victimarii‚

966 2278 1002 2303 ut
1018 2284 1081 2304 ver.
1097 2274 1171 2304 413.
1219 2273 1373 2313 Rapum,
1390 2272 1467 2315 quia
1480 2272 1643 2304 celerrime

966 2333 1003 2354 ea
1032 2333 1080 2354 res
1116 2324 1338 2365 peragebatur.
1385 2323 1475 2354 Nata
1513 2325 1643 2354 maxima

971 2373 1073 2414 Virgo,
1090 2372 1202 2411 eadem
1226 2372 1381 2414 dignitate
1401 2372 1541 2404 maxima
1562 2379 1641 2409 erat,

967 2423 1050 2454 unde
1067 2434 1085 2454 a
1099 2422 1216 2459 Plinio,
1228 2423 1288 2455 IV.
1304 2423 1404 2465 Epist.
1416 2423 1449 2454 ii.
1464 2424 1495 2454 6.
1509 2425 1640 2455 maxima

966 2473 1086 2503 vestalis
1102 2478 1233 2503 vocatur
1246 2484 1254 2511 3
1285 2472 1339 2503 ubi
1356 2472 1429 2503 vide
1447 2477 1553 2504 notam
1570 2483 1641 2504 nos·

967 2528 1057 2552 tram.
1081 2522 1166 2552 Luce
1183 2522 1282 2559 Palis,
1294 2522 1460 2558 Palilibus,
1474 2522 1515 2554 de
1527 2521 1656 2564 quibus'

968 2582 1040 2602 mox
1064 2582 1128 2602 ver.
1145 2572 1205 2602 721
1224 2583 1294 2614 sqq.
1342 2573 1496 2614 Pin-gare,
1515 2571 1642 2614 expiare

968 2620 1145 2652 lustrando.
1190 2621 1242 2652 De
1269 2623 1505 2664 purgaminibus
1529 2621 1564 2652 ii.
1588 2622 1642 2652 35.

967 2671 1006 2700 In
1029 2669 1068 2701 iis
1091 2672 1168 2701 cinis
1188 2670 1282 2702 etiam
1300 2671 1385 2713 apud
1404 2671 1483 2703 alios
1498 2670 1640 2714 populos,

966 2719 1049 2750 Vide
1072 2720 1221 2762 Spencer.
1244 2720 1284 2752 de
1314 2721 1440 2763 legibus
1471 2720 1638 2753 ritualibus

965 2769 1063 2800 Hebr.
1079 2774 1155 2800 tom.
1171 2769 1204 2801 ii.
1219 2782 1250 2812 p.
1268 2771 1320 2801 77.
