1809 3220
210 185 299 228 504

612 184 663 225 P.
699 183 917 226 OVIDII
953 183 1239 226 NASONIS

210 301 433 350 Victima
453 300 531 348 vel
561 299 757 348 Phoebo
784 316 955 348 sacras
980 301 1220 349 macteris
1243 300 1308 348 ad
1335 315 1464 357 aras,

278 379 445 434 Quam
471 378 588 426 tulit
614 394 642 426 a
668 394 801 426 saevo
827 377 1129 427 Theudotus
1154 379 1300 427 hoste
1326 394 1520 428 necem.

210 458 314 506 Aut
338 465 388 505 te
413 457 659 505 devoveat
683 457 835 505 certis
863 457 1071 506 Abdera
1094 457 1295 513 diebus,

279 535 522 599 Saxaque
547 535 786 582 devotum
813 535 1059 598 grandine
1085 536 1231 600 plura
1254 542 1447 600 petant.

1538 537 1638 582 470

208 613 314 661 Aut
337 613 367 661 J
372 614 477 662 ovis
504 613 672 662 infesti
699 614 803 662 telo
828 614 1007 662 feriare
1033 614 1257 671 trisulco,

278 691 352 739 Ut
377 699 516 740 satus
546 690 837 756 Hipponoo,
868 691 1251 755 Dosithoesque
1277 697 1452 756 pater3

212 768 284 817 Ut
309 786 447 818 soror
472 769 750 827 Autonoes,
779 777 835 818 ut
861 770 943 817 cui
970 776 1244 818 matertera
1271 769 1411 817 Maia
1432 776 1541 827 est3

279 848 352 896 Ut
375 856 567 896 temere
593 856 795 913 optatos
822 848 913 913 qui'
937 848 1070 897 male
1096 848 1231 896 rexit
1257 864 1447 912 equos:

212 925 284 974 Ut
307 926 442 974 ferus
469 926 712 983 AEolides,
742 934 797 974 ut
823 927 1070 990 sanguine
1097 933 1269 974 cretus
1295 926 1492 982 eodem,
1536 928 1636 973 475

278 1003 393 1059 Quo
413 1005 587 1067 genita
612 1012 705 1061 est,
729 1005 938 1069 liquidis
960 1021 1074 1069 quae
1095 1012 1234 1053 caret
1252 1005 1436 1053 Arctos
1457 1003 1633 1068 aquis:

210 1083 284 1130 Ut
310 1083 530 1132 Macedo
556 1084 746 1150 rapidis
775 1085 875 1133 icta
901 1091 979 1133 est
1004 1100 1120 1132 cum
1147 1085 1367 1148 conjuge
1385 1083 1633 1139 flammis;

281 1161 367 1209 Sic
394 1179 574 1227 precor
599 1163 805 1211 aetherei
832 1162 1046 1211 vindicis
1073 1163 1190 1226 igne
1217 1163 1388 1211 cadas.

210 1239 456 1289 Praedave
481 1242 550 1289 sis
576 1241 692 1298 illis,
721 1241 910 1306 quibus
938 1251 1017 1290 est
1043 1241 1257 1290 Latonia
1283 1241 1441 1289 Delos

278 1318 414 1368 Ante
439 1319 576 1369 diem
602 1327 747 1385 rapto
774 1337 875 1369 non
901 1320 1136 1369 adeunda
1161 1319 1385 1367 Thraso:

254 1483 331 1515 469.
355 1482 506 1524 Abdera]
535 1482 619 1514 Urbs
633 1482 777 1515 Thraciae
799 1482 888 1514 initio

211 1533 287 1565 anni
322 1533 481 1564 hominem
519 1533 655 1565 devovet
689 1545 746 1576 pro
784 1534 887 1565 salute

211 1583 384 1620 communi,
402 1582 570 1625 obruitque
587 1582 763 1625 lapidibus.

255 1633 330 1664 472.
365 1633 407 1663 Ut
431 1639 515 1663 satus
541 1632 730 1673 Hipponoo]
768 1633 889 1675 Impre-

208 1687 299 1714 catur
338 1681 418 1713 hosti
461 1683 772 1726 κεραυνοπληγὶαν.
836 1683 889 1714 De

210 1733 374 1774 Capaneo,
391 1731 553 1774 Hipponoi
574 1731 651 1769 filio,
673 1743 769 1775 quem
786 1739 888 1776 poetae

209 1782 242 1813 in
272 1781 509 1825 oppugnatione
538 1782 733 1819 Thebarum,
757 1783 889 1814 fulmine

209 1843 395 1875 percussum
427 1842 496 1864 esse
526 1833 660 1874 fingunt.
706 1832 794 1864 Illud
827 1843 890 1864 non

208 1883 340 1925 perinde
365 1888 487 1919 notum,
507 1883 547 1913 ab
566 1883 634 1925 ipso
655 1883 793 1925 primum
818 1893 886 1914 sca-

209 1932 313 1964 larum
327 1932 598 1975 oppugnationem
620 1932 783 1964 inventam
800 1944 808 1971 3
834 1943 887 1964 cu-

206 1983 260 2026 jus
283 1983 328 2015 rei
351 1983 440 2014 testis
465 1988 513 2015 est
533 1983 699 2025 Vegetius,
719 1983 775 2015 lib.
798 1983 841 2014 iv.
860 1994 889 2015 c.

209 2033 264 2064 21.
287 2033 540 2064 S.·—-Dosith0es.
586 2034 700 2070 Atrax,
726 2043 824 2074 quum
849 2033 885 2063 fi-

209 2082 285 2114 liam
311 2082 490 2114 Dosithoen
520 2093 539 2114 a
562 2083 643 2114 Jove
672 2093 886 2125 compressam

163 2155 166 2158 .
210 2131 412 2175 prodidisset,
428 2131 563 2163 fulmine
578 2132 753 2163 exstinctus
767 2138 827 2163 est.

255 2182 332 2213 473.
361 2181 403 2212 Ut
425 2181 537 2222 sermm]
567 2181 692 2213 Semele
716 2192 800 2213 soror
817 2182 886 2213 Au-

210 2239 331 2268 tonoes,
346 2232 419 2263 luce
437 2231 538 2268 Jovis,
555 2242 651 2274 quam
670 2231 807 2274 decepta
828 2231 887 2262 im-

210 2281 358 2325 petravit,
388 2281 548 2312 exstincta
582 2287 652 2320 est3
685 2280 758 2312 vide
791 2280 888 2312 Ovid.

210 2333 346 2363 Metam.
366 2330 411 2361 iii.
438 2331 628 2362 Dom.-——Ut
648 2333 699 2362 cni
723 2337 889 2362 matertera

213 2382 314 2412 Maia.
360 2381 435 2412 Non
458 2380 658 2412 referendum
684 2381 742 2412 hoc
767 2380 807 2412 ad
832 2381 888 2412 Se-

213 2431 327 2468 melen,
344 2430 394 2462 cui
411 2430 504 2461 Maia
519 2431 661 2462 Atlantis
683 2430 749 2462 filia
769 2436 884 2462 mater-

211 2488 278 2513 tera
293 2490 412 2523 magna
426 2478 487 2510 fuit
503 2481 596 2518 (tunc
615 2480 698 2511 enim
714 2479 884 2521 legendum

209 2536 306 2568 esset,
324 2537 353 2562 et
372 2531 426 2561 cui
447 2537 544 2561 mater
561 2529 648 2560 Maia
661 2531 690 2569 ;)
718 2539 822 2571 neque
844 2529 884 2560 ad

211 2582 413 2616 OEnomaum,
428 2580 544 2611 Martis
560 2585 592 2610 et
608 2580 757 2622 Steropes
770 2579 884 2609 Atlan-

209 2632 286 2665 tidis
302 2631 414 2666 filium,
427 2630 518 2673 cujus
535 2630 648 2661 domus
661 2629 794 2660 fulmine
805 2639 883 2670 quo-

211 2692 273 2726 que
286 2681 362 2713 arsit
377 2693 382 2711 :
409 2679 465 2712 sed
481 2680 587 2722 potius
603 2679 642 2710 ad
655 2679 791 2715 Jasium,
803 2680 884 2711 Jove

209 2740 241 2766 et
274 2732 401 2763 Electra
435 2729 602 2761 Atlantide
641 2735 762 2760 natum.
799 2729 884 2758 Vm..

216 2784 327 2815 Amin.

1536 1320 1637 1365 480

1003 1482 1079 1513 475.
1111 1482 1154 1513 Ut
1164 1481 1260 1522 ferus
1275 1480 1437 1521 AEolides]
1464 1479 1637 1516 Salmonei,

958 1531 1043 1563 AEoli
1081 1531 1149 1568 filii,
1179 1530 1394 1562 temeritatem
1428 1530 1461 1560 in
1490 1529 1536 1560 vi.
1560 1530 1638 1560 AEn.

958 1582 988 1613 V
991 1582 1074 1624 irgil.
1091 1581 1225 1613 cecinit:
1260 1581 1329 1612 Vidi
1351 1587 1379 1612 et
1400 1581 1539 1612 crudetes
1558 1581 1636 1611 dan-

958 1640 1017 1663 tem
1033 1632 1191 1663 Salmonea
1204 1642 1319 1672 paenas,
1335 1636 1398 1662 etc.
1446 1630 1510 1661 Hic
1525 1630 1638 1662 solium

958 1682 1019 1714 sibi
1040 1682 1235 1724 perforatum
1258 1681 1425 1719 exstruxit,
1445 1681 1479 1712 in
1498 1691 1562 1723 quo
1579 1691 1636 1712 ve-

959 1731 1114 1771 hebatur3
1138 1731 1224 1763 unde
1243 1730 1382 1773 crepitus
1398 1730 1510 1773 ingens
1532 1729 1637 1773 prodi-

959 1782 1025 1819 bat,
1043 1788 1075 1813 et
1091 1792 1209 1824 aquam
1227 1792 1283 1824 per
1294 1780 1451 1812 foramina
1461 1780 1640 1817 emittebat,

960 1832 1138 1874 praedicans
1154 1832 1289 1863 tonitrus
1304 1837 1336 1863 et
1355 1831 1479 1874 pluvias
1498 1837 1534 1862 ut
1548 1831 1639 1863 Deus

960 1882 1054 1913 edere
1069 1894 1076 1912 :
1102 1892 1196 1923 quem
1209 1881 1336 1923 Jupiter
1348 1880 1540 1912 fulminavit.
1555 1881 1638 1912 ΖΑΒ.

958 1932 1051 1963 —Ut
1073 1933 1224 1974 sanguine
1245 1937 1338 1962 natus
1358 1933 1472 1962 endem.
1518 1930 1638 1962 Nescio

958 1982 1036 2025 quid
1057 1982 1096 2013 de
1118 1983 1264 2021 Ismenen
1285 1981 1442 2023 Lycaonis
1461 1980 1527 2012 filio
1550 1991 1635 2012 com·

956 2032 1187 2071 miniscuntur;
1218 2032 1272 2073 qui
1301 2042 1399 2073 quum
1428 2031 1517 2062 Deos
1544 2030 1636 2062 flocci

956 2083 1087 2119 faceret,
1112 2082 1245 2113 fulmine
1271 2092 1438 2124 percussus
1460 2081 1636 2113 interierit:

958 2132 1105 2163 Sanctius
1136 2131 1175 2162 de
1206 2131 1275 2174 ipso
1302 2132 1451 2173 Lycaone
1481 2132 1636 2174 interpre-

957 2187 1054 2213 tatur.
1092 2182 1172 2223 Ego,
1187 2181 1269 2212 hanc
1286 2180 1359 2212 libri
1375 2181 1637 2213 San-Victoriani

958 2231 1127 2262 lectionem
1149 2241 1282 2273 sequor:
1308 2237 1343 2262 ut
1365 2233 1465 2262 eodem
1485 2233 1638 2273 sanguine

957 2283 1045 2312 nati.-
1070 2281 1148 2323 quia
1163 2279 1323 2322 Lycaonis
1337 2279 1454 2311 liberos
1469 2279 1614 2322 intelligo
1629 2293 1635 2310 ;

958 2341 1012 2362 eos
1037 2331 1122 2362 enim
1146 2329 1261 2372 partim
1285 2329 1319 2360 in
1342 2329 1434 2372 lupos
1457 2339 1637 2366 conversos,

958 2381 1072 2423 partim
1098 2379 1231 2411 fulmine
1254 2390 1433 2421 percuSSOS‚
1456 2384 1565 2410 auctor
1588 2385 1638 2411 est

956 2430 1131 2461 Hecataeus
1141 2429 1302 2466 Milesius,
1315 2429 1396 2460 libro
1411 2428 1444 2460 ii.
1455 2429 1635 2471 Genealog.

956 2480 1067 2512 Natal.
1083 2480 1209 2516 Comes,
1226 2479 1282 2510 lib.
1302 2478 1346 2510 ix.
1362 2489 1436 2522 cap.
1452 2480 1484 2510 9.
1499 2479 1634 2522 Mytho-

956 2531 1019 2572 log.
1044 2529 1351 2570 SALv.—Sanguine
1369 2536 1474 2561 notus.
1524 2530 1635 2562 Cretas

955 2585 1019 2612 tres
1035 2580 1154 2622 scripti.
1179 2580 1224 2610 H.

998 2631 1073 2661 479.
1105 2630 1253 2661 Praedave
1273 2631 1314 2660 sis
1335 2629 1428 2670 iltis]
1469 2629 1630 2672 Impreca-

954 2685 1004 2710 tur
1018 2679 1224 2711 laniationem
1242 2689 1260 2710 a
1276 2679 1420 2716 canibus,
1437 2679 1542 2722 qualis
1557 2689 1630 2711 con-

954 2729 1025 2770 tigit
1043 2728 1164 2761 Thraso
1188 2739 1286 2771 puero
1307 2729 1340 2760 in
1362 2730 1468 2768 Delo3
1491 2728 1633 2760 Thrasus

955 2784 1058 2810 autem
1080 2790 1159 2820 puer
1176 2779 1291 2810 Dianoe
1308 2779 1448 2811 dilectus
1462 2789 1480 2810 a
1495 2779 1630 2810 canibus
