1809 3220
206 156 294 197 :346

603 154 654 196 Ρ.
691 154 906 197 OVIDII
944 155 1228 199 NASONIS

207 272 576 337 Admiscetque
603 272 726 321 alios
749 291 759 332 3
801 280 867 331 et,
896 280 952 321 ut
977 274 1111 322 hunc
1137 274 1345 322 tibicina
1369 281 1556 322 coetum

274 352 492 416 Augeat,
520 352 570 399 in
595 351 757 416 longis
777 352 1003 400 vestibus
1030 352 1099 401 ire
1119 354 1283 417 jubet.

209 430 293 479 Sic
320 431 531 479 reduces
557 431 686 478 bene
713 447 861 496 posse
887 431 1019 494 tegi:
1061 448 1124 480 ne
1150 431 1275 480 forte
1302 438 1540 480 notentur

276 510 469 558 Contra
493 510 701 574 collegae
722 511 866 574 jussa
892 511 1083 559 redisse
1111 511 1203 559 sui.

1526 513 1624 559 690

208 588 312 636 Res
337 589 557 653 placuit;
599 589 844 653 cultuque
870 605 997 637 novo
1022 590 1141 638 licet
1168 589 1345 638 Idibus
1374 589 1472 648 uti3

271 667 339 715 Et
363 684 544 716 canere
571 668 634 716 ad
658 675 854 717 veteres
879 669 1031 717 verba
1051 670 1228 734 jocosa
1251 668 1446 717 modos.

206 744 332 793 Haec
359 746 445 794 ubi
472 745 764 812 perdocuit:
810 746 1056 812 Superest
1091 748 1228 803 mihi,
1256 747 1469 806 discere,
1497 747 1620 804 dixi,

276 824 381 872 Cur
406 825 472 873 sit
497 824 847 890 Quinquatrus
876 826 962 874 illa
986 834 1164 875 vocata
1188 827 1315 875 dies,

206 902 443 963 Martius,
471 904 654 969 inquit,
684 904 788 968 agit
813 905 901 954 tali
927 921 1040 954 mea
1064 905 1265 954 nomine
1291 905 1447 963 festa;

1524 907 1621 954 695

276 982 475 1048 Estque
502 984 596 1032 sub
624 983 839 1033 inventis
865 985 974 1032 haec
1001 1001 1208 1050 quoque
1233 985 1383 1033 turba
1406 983 1550 1032 meis.

205 1062 379 1111 Prima
404 1064 658 1112 terebrato
684 1082 774 1130 per
798 1081 909 1113 rara
933 1063 1177 1113 foramina
1200 1064 1355 1120 buxo,

274 1142 347 1190 Ut
371 1143 530 1200 daret,
559 1143 722 1201 effeci,
751 1143 876 1192 tibia
900 1144 1050 1207 longa
1075 1159 1243 1191 sonoS.

204 1220 318 1269 Vox
345 1221 565 1287 placuit:
607 1222 813 1287 liquidis
839 1222 1020 1271 faciem
1046 1221 1378 1270 referentibus
1406 1219 1570 1274 undiS‚
1635 1265 1638 1267 ,

270 1300 388 1348 Vidi
412 1301 660 1364 virgineas
687 1301 986 1349 intumuisse
1015 1317 1189 1365 genas,

200 1514 363 1546 Puteanus
377 1517 500 1545 deornm
516 1515 656 1552 exhibet,
670 1521 704 1546 ut
717 1516 876 1558 personati

199 1563 331 1595 deorum
359 1565 492 1607 figuram
520 1566 687 1607 gesserint.
739 1567 876 1598 Tibicina

200 1625 255 1656 pro
275 1615 401 1657 plurali.
450 1616 562 1658 Longis
583 1615 649 1648 sive
672 1616 877 1649 muliebribus

199 1667 327 1697 vestibus
345 1666 489 1709 plerique
507 1667 573 1709 jam
599 1674 684 1704 ante,
704 1678 799 1709 quam
821 1668 876 1699 de-

199 1722 409 1758 portarentur,
428 1723 518 1749 erant
544 1718 650 1750 amicti
675 1724 801 1761 propter
824 1729 876 1750 co-

198 1765 445 1807 messationem3
483 1767 647 1800 Plutarch.
704 1768 793 1800 Licet
823 1767 877 1799 Li-

199 1816 287 1848 vius:
326 1822 346 1835 “
362 1817 608 1860 impetratoque,
633 1824 669 1850 ut
698 1825 875 1856 manerent,

199 1865 321 1904 datum,
342 1873 376 1898 ut
403 1868 543 1900 triduum
570 1868 738 1911 quotannis
762 1869 877 1907 ornati,

199 1926 272 1948 cum
296 1925 393 1949 cantu
415 1924 510 1960 atque
537 1918 608 1956 hac,
625 1930 696 1961 quae
719 1930 803 1951 nunc
828 1932 876 1952 so-

198 1966 313 1999 lemnis
336 1974 395 2005 est,
416 1968 546 2001 licentia
567 1980 623 2012 per
645 1970 755 2001 urbem
779 1980 875 2012 vaga-

197 2018 342 2050 rentur.'’
388 2019 571 2051 Secundum
598 2020 818 2057 Plutarchum,
843 2020 876 2053 id

198 2066 362 2100 decretum
382 2075 431 2100 est
447 2080 465 2101 a
481 2075 605 2106 senatu,
625 2070 793 2112 ἐνομίσθη,
811 2072 876 2111 τήν

200 2117 328 2161 ἡμέραν
347 2119 476 2160 ἐκείνην
493 2120 597 2158 οὕτως
621 2120 876 2163 ἀμπεχομένους

199 2169 315 2210 σοβεῖν
329 2169 380 2202 διὰ
395 2173 457 2211 τῆς
471 2171 613 2210 πόλεως.

244 2220 319 2252 695.
351 2221 513 2258 Manius,-
542 2221 613 2253 vide
638 2221 683 2253 iii.
713 2223 789 2254 809.
820 2223 874 2254 ubi

200 2280 297 2301 causa
309 2271 444 2302 nominis
454 2271 604 2304 redditur.
623 2273 749 2309 Tibiam,
759 2284 873 2316 nempe

199 2325 331 2357 rectam,
344 2321 491 2353 Minerva
507 2323 658 2364 reperisse
675 2323 874 2361 credebatur,

200 2375 234 2400 et
258 2369 388 2412 quidem
415 2382 453 2403 ex
493 2371 693 2404 hinnulorum
731 2374 873 2414 ossibus;

201 2419 296 2452 Bion.
322 2421 409 2463 Idyl.
440 2421 487 2452 iii.
518 2423 559 2461 7;
590 2422 808 2454 Callimachus
841 2423 873 2455 in

199 2471 352 2508 Dianam,
363 2473 439 2503 244.
449 2472 558 2515 ibique
570 2473 790 2515 Spanhemius.
811 2473 874 2505 Sed

200 2521 240 2552 ob
267 2521 499 2554 deformitatem
524 2522 630 2554 vultus
655 2533 693 2554 ex
720 2524 797 2555 flatu
825 2524 873 2554 in-

199 2571 405 2604 tumescentis
431 2583 450 2603 a
476 2572 537 2604 dea
563 2573 688 2616 abjecta
713 2578 779 2604 est:
815 2574 869 2605 ab·

193 2622 314 2664 jectam
325 2622 450 2666 excepit
463 2623 608 2666 Marsyas
620 2635 628 2662 3
648 2623 779 2655 Met.vi.
789 2625 868 2663 3853

199 2672 358 2714 Hyginus,
372 2672 436 2704 fab.
454 2673 526 2705 165.
564 2674 646 2704 Fons
665 2672 781 2704 sabulae
804 2673 870 2705 He-

199 2721 299 2753 rodot.
315 2722 368 2755 vii.
387 2724 440 2754 26.
486 2723 525 2755 In
552 2734 679 2755 sensum
705 2724 773 2766 ejus
795 2724 869 2755 sub-

199 2770 293 2803 tiliter
315 2778 346 2804 et
366 2772 491 2816 copiose
512 2773 675 2816 inquisivit
692 2773 738 2806 vir
758 2774 871 2806 doctus

1522 1301 1619 1346 700

944 1516 976 1547 in
1015 1517 1128 1548 Museo
1166 1515 1287 1553 Attico,
1321 1515 1381 1547 vol.
1407 1514 1431 1546 i.
1489 1515 1620 1546 Turbam

947 1568 1073 1599 Marsus
1094 1566 1245 1608 intelligit
1274 1565 1453 1602 tibicinum,
1484 1564 1538 1608 qui
1565 1567 1619 1596 sub

946 1619 1076 1648 inventis
1098 1618 1251 1648 Minervae
1274 1627 1342 1648 esse
1367 1615 1526 1652 dicantur,
1543 1614 1619 1657 quia

945 1673 1096 1699 exercent
1121 1672 1220 1698 artem
1239 1667 1279 1697 ab
1300 1677 1338 1698 ea
1354 1666 1535 1704 inventam;
1560 1664 1620 1696 du-

946 1729 1013 1749 rum
1029 1730 1034 1748 :
1052 1717 1200 1760 equidem
1216 1717 1357 1754 mallem,
1375 1722 1430 1748 aut
1445 1727 1501 1758 pro
1517 1716 1619 1751 turba,

948 1775 1003 1800 aut
1027 1780 1081 1811 pro
1107 1770 1237 1800 inventis
1256 1768 1352 1800 codd.
1369 1767 1456 1800 aliud
1472 1765 1623 1799 vocabul.

947 1819 1036 1851 nobis
1051 1819 1267 1863 suppeditare.
1302 1819 1422 1862 Longa,
1434 1817 1621 1861 quiamulta

946 1869 1086 1901 habebat
1116 1869 1290 1908 foramina3
1329 1869 1464 1900 Metam.
1495 1867 1540 1899 iv.
1562 1867 1617 1899 30.

947 1920 1204 1963 longoforamine
1223 1920 1335 1962 (longa
1359 1918 1548 1951 foraminum
1565 1929 1616 1950 se-

945 1971 1009 2012 rie)
1036 1973 1150 2002 bimus:
1175 1971 1229 2002 xii.
1252 1972 1323 2002 158.
1351 1972 1441 2013 longa
1464 1969 1618 2011 multifori

946 2023 1018 2053 tibia
1049 2023 1131 2052 buxi.
1176 2021 1286 2052 Prisca
1314 2026 1423 2052 contra
1452 2020 1616 2051 Romano-

945 2083 1013 2104 rum
1026 2072 1105 2104 tibia
1118 2072 1228 2115 paucis
1244 2071 1448 2103 foraminibus
1460 2076 1528 2103 erat
1542 2070 1616 2101 bre-

945 2123 1012 2162 vis;
1049 2122 1159 2154 Horat.
1189 2122 1260 2153 Art.
1297 2121 1387 2152 Poet.
1417 2121 1502 2152 203:
1542 2120 1618 2150 tibia

940 2173 1215 2215 paitcojiii·ainiize.
1262 2173 1331 2203 Vox
1350 2183 1441 2203 rarus
1456 2181 1540 2213 saepe
1560 2180 1615 2202 oc-

943 2223 1050 2260 currit,
1063 2222 1116 2254 ubi
1133 2221 1299 2254 densitatis
1309 2221 1394 2253 notio
1409 2219 1617 2264 exprimenda

942 2280 1029 2312 erat;
1053 2273 1125 2305 vide
1141 2273 1180 2304 ad
1198 2273 1280 2303 Met.
1296 2272 1349 2303 vii.
1365 2273 1440 2303 622.

988 2325 1062 2356 699.
1091 2324 1162 2361 Vos,
1176 2334 1271 2355 sonus
1294 2322 1396 2354 dulcis
1418 2321 1558 2365 querulae
1576 2321 1616 2352 ti-

942 2374 1015 2406 biae..
1066 2373 1164 2405 Undis
1191 2384 1247 2416 pro
1280 2373 1417 2416 speculis
1449 2372 1618 2404 utebantur

944 2431 1086 2462 veteres3
1112 2425 1250 2455 Metam.
1274 2422 1316 2454 iv.
1337 2424 1422 2461 3123
1446 2421 1614 2465 Virgilius,

943 2474 1015 2505 Ecl.
1034 2473 1079 2505 iii.
1094 2475 1150 2505 25.
1191 2473 1275 2505 Hinc
1299 2474 1492 2515 lympharum
1514 2483 1617 2513 specu-

945 2525 1007 2556 lum
1035 2524 1120 2567 apud
1145 2524 1327 2560 Phaedrum,
1354 2524 1382 2555 I.
1401 2523 1444 2555 iv.
1465 2525 1496 2555 3.
1543 2523 1616 2554 Non

941 2578 1020 2606 tanti
1048 2581 1101 2612 est,
1129 2585 1191 2606 non
1221 2580 1278 2611 est,
1305 2585 1361 2605 cur
1385 2572 1464 2605 tibia
1486 2583 1614 2610 canam,

939 2636 1037 2667 quum
1075 2624 1152 2656 milii
1182 2635 1281 2656 causa
1317 2622 1525 2656 deformitatis
1560 2623 1613 2654 sit.

942 2675 1017 2706 Diri
1042 2685 1113 2706 cum
1141 2674 1308 2706 Taubnero
1333 2672 1490 2710 revocavi,
1513 2682 1613 2714 quum

939 2726 1016 2756 dixit
1029 2724 1192 2757 ederetur:
1207 2730 1281 2756 sunt
1295 2724 1363 2755 haec
1377 2733 1504 2766 quoque
1516 2721 1612 2753 verba

940 2775 1107 2806 Minervae.
