1830 3220
612 178 964 222 FASTORUM
998 179 1119 222 LIB.
1151 179 1212 222 ΙΙ.
1567 178 1627 220 99

198 297 335 346 Dum
362 297 499 346 sicco
526 297 714 362 primas
742 296 903 345 irritat
927 297 1115 345 cortice
1142 296 1390 351 flammas,

269 375 384 422 Stat
410 392 550 440 puer,
579 382 631 423 et
654 375 890 423 manibus
917 375 1023 422 lata
1048 375 1270 422 canistra
1295 380 1452 422 tenet.

1523 377 1621 421 650

198 453 342 510 Inde,
370 454 456 502 ubi
484 462 560 502 ter
585 453 757 518 fruges
786 454 982 502 medios
1009 454 1218 501 immisit
1244 453 1294 500 in
1320 453 1481 516 ignes,

265 532 488 596 Porrigit
512 533 699 581 incisos
725 533 828 580 filia
853 549 1009 597 parva
1033 532 1188 580 favos.

196 610 330 658 Vina
354 618 532 659 tenent
557 611 667 659 alii:
711 611 934 658 libantur
959 611 1159 673 singula
1183 609 1431 665 flammis;

268 689 533 754 Spectant,
562 698 615 738 et
638 691 825 754 linguis
852 690 1071 738 candida
1096 690 1244 737 turba
1268 688 1453 736 favent.

199 768 466 833 Spargitur
491 775 544 816 et
567 784 702 816 caesa
726 768 1010 816 communis
1033 767 1302 816 Terminus
1325 781 1484 829 agna;
1525 767 1622 813 655

268 847 379 895 Nec
406 847 650 912 queritur,
678 848 875 896 lactens
902 863 1062 911 quum
1090 847 1185 894 sibi
1213 861 1371 910 porca
1394 844 1560 891 datur.

199 925 540 983 Conveniunt,
564 926 930 990 celebrantque
957 927 1117 991 dapes
1139 925 1324 973 vicinia
1348 923 1597 987 simplex3

268 1004 336 1052 Et
360 1012 570 1053 cantant
594 1005 790 1063 laudes,
819 1005 1057 1054 Termine
1084 1011 1279 1060 sancte,
1307 1012 1439 1052 tuas,

197 1080 274 1129 Tu
297 1083 532 1146 populos,
561 1084 837 1147 urbesque,
866 1090 918 1132 et
942 1100 1099 1147 regna
1124 1082 1352 1146 ingentia
1376 1079 1490 1127 finis
1510 1095 1519 1127 :

268 1160 450 1208 Omnis
477 1160 572 1208 erit
597 1161 706 1209 sine
732 1168 783 1209 te
809 1161 1059 1225 litigiosus
1087 1177 1223 1225 ager.

1526 1159 1626 1205 660

201 1238 358 1288 Nulla
383 1238 474 1285 tibi
503 1239 712 1287 ambitio
738 1246 846 1287 est:
879 1240 1019 1287 nullo
1046 1238 1388 1303 corrumperis
1415 1251 1565 1284 auro:

268 1315 519 1380 Legitima
545 1334 716 1366 servas
742 1319 938 1366 credita
964 1334 1080 1366 rura
1104 1318 1222 1366 fide.

199 1535 236 1561 ut
256 1529 401 1561 breviora
420 1530 495 1562 sint.
540 1531 656 1562 Heius.
673 1542 771 1562 ramos
786 1530 879 1562 intel-

198 1580 321 1622 ligebat
349 1580 491 1623 stipitem
521 1581 644 1612 scilicet
673 1581 793 1624 palum,
824 1581 880 1624 qui

198 1641 254 1672 pro
277 1629 411 1661 termino
435 1636 531 1662 esset.
579 1631 684 1662 Immo
706 1630 804 1673 stipes
826 1637 882 1662 aut

198 1679 282 1722 lapis
294 1680 361 1723 jam
380 1680 528 1712 adstabat
537 1692 546 1720 ;
569 1686 602 1712 et
617 1691 702 1712 nunc
716 1691 808 1712 sacra
822 1681 879 1713 de-

198 1730 391 1767 scribuntur,
409 1742 480 1773 quae
496 1731 541 1762 ibi
557 1731 688 1762 fiebant.
727 1731 831 1769 Rami,
847 1738 882 1763 ut

194 1780 265 1823 jam
288 1781 418 1812 Marsus
445 1781 537 1818 vidit,
562 1787 638 1812 sunt
663 1781 741 1823 pali,
765 1781 882 1823 quibus

199 1830 271 1862 fixis
292 1831 459 1873 congeries
485 1831 645 1873 lignorum
668 1831 823 1866 firmatur,
843 1842 882 1863 ne

199 1881 372 1913 dilabatur.
420 1880 537 1913 Nisum
554 1881 639 1913 senis
652 1882 786 1923 figentis
801 1882 882 1913 bene

199 1932 352 1974 exprimit
370 1939 504 1974 pugnat,
522 1932 574 1963 cui
597 1932 643 1964 sic
659 1932 774 1963 infinit.
791 1932 882 1963 addi-

201 1987 324 2019 tursut
345 1983 482 2014 Metam.
505 1983 528 2013 i.
547 1983 624 2014 685.
649 1989 770 2025 pugnat
797 1985 881 2014 evin—

200 2043 279 2070 cere,
296 2032 350 2064 ubi
366 2032 440 2065 vide
457 2038 523 2065 not.
572 2033 686 2075 Pugna
703 2040 811 2064 autem
828 2032 884 2064 tali

202 2093 283 2124 opus
302 2094 388 2115 nunc
411 2089 490 2120 erat,
505 2084 581 2126 quia
596 2084 693 2114 solida
711 2089 806 2120 terra,
822 2094 884 2114 non

206 2133 332 2165 mollita
346 2133 508 2165 fodiendo.

249 2184 325 2214 649.
353 2182 466 2214 Irritat
483 2184 640 2224 flammas,
660 2194 715 2215 eas
740 2183 885 2214 suscitat.

206 2234 290 2264 Met.
307 2232 373 2264 viii.
393 2235 470 2265 642.
497 2239 517 2251 ‘¹
536 2234 683 2276 foliisque
712 2239 744 2265 et
769 2233 886 2265 cortice

202 2283 289 2314 sicco
302 2283 414 2316 Nutrit
429 2289 461 2315 et
477 2284 517 2316 ad
534 2284 679 2316 flammas
692 2284 798 2315 anima
813 2295 882 2326 pro-

204 2333 295 2365 ducit
310 2334 427 2366 anili.''
468 2336 513 2367 Ut
526 2335 578 2366 hic
596 2337 672 2371 lata,
688 2334 733 2367 sic
749 2335 885 2365 Metam.

204 2383 292 2415 dicto
319 2384 400 2421 loco,
429 2388 541 2426 patula
571 2386 721 2417 canistra.
766 2386 886 2416 Praeter

206 2433 375 2472 πελάνους
409 2434 595 2478 Δήμητρος,
627 2435 693 2466 liba
722 2434 883 2470 Cerealia,

205 2483 382 2515 offerebant
407 2484 557 2516 Termino
581 2485 635 2516 καὶ
658 2485 768 2521 ἄλλας
791 2484 885 2522 τινὰς

203 2536 347 2576 καρπῶν
366 2532 540 2576 ἀπαρχάς.
578 2534 661 2566 Filia
677 2533 884 2574 parva-simos.

207 2584 287 2615 Haec
307 2583 387 2616 forte
407 2595 556 2627 expressa
579 2595 596 2616 e
619 2584 727 2615 Tibul.
743 2585 770 2616 I.
787 2585 885 2615 x.23.

207 2635 322 2672 Fuere,
339 2634 393 2676 qui
415 2637 547 2678 porrigit
568 2634 601 2666 in
621 2636 752 2676 pori-icit
771 2634 887 2666 mutari

207 2684 339 2721 vellent,
370 2683 447 2727 quia
474 2687 588 2725 por-rici
626 2685 789 2721 dicuntur,
815 2695 887 2727 quae

208 2745 271 2767 arae
294 2734 442 2777 imposita
457 2735 573 2768 dantur
597 2736 691 2775 De0;
715 2737 772 2768 sed
786 2735 889 2767 Hein-

949 1531 1014 1562 sius
1031 1536 1149 1566 monet,
1166 1529 1263 1562 filiam
1287 1527 1368 1571 patri
1392 1526 1568 1570 porrexisse
1583 1524 1629 1556 fa-

950 1590 1015 1617 vos,
1033 1590 1072 1611 ne
1095 1586 1245 1622 paternas
1263 1583 1369 1620 partes
1388 1586 1555 1619 perperam
1578 1585 1630 1606 oc-

950 1635 1096 1672 cuparet.
1136 1630 1281 1661 Candida
1298 1634 1384 1659 veste
1403 1624 1634 1669 paterfamilias

951 1690 1024 1711 cum
1046 1679 1113 1711 suis
1134 1679 1217 1710 inter
1236 1689 1327 1710 sacra
1348 1677 1499 1714 indutus,
1521 1675 1631 1707 Tibul.

952 1730 999 1760 ΙΙ.
1017 1729 1040 1760 i.
1064 1730 1114 1761 16.
1146 1728 1294 1761 Cf.infra
1309 1727 1351 1759 iv.
1367 1726 1443 1759 906.

996 1780 1071 1811 655.
1096 1779 1203 1809 Numa
1229 1782 1406 1820 putaverat,
1424 1776 1532 1807 Deum
1554 1774 1631 1805 Ter-

952 1830 1116 1865 minalem,
1133 1839 1231 1870 quum
1256 1828 1343 1870 pacis
1368 1832 1476 1858 custos
1495 1831 1579 1856 esset
1600 1830 1632 1856 et

948 1879 1082 1922 justitiae
1099 1889 1226 1922 praeses,
1244 1878 1332 1909 caede
1351 1887 1465 1919 purum
1485 1886 1555 1907 esse
1574 1874 1632 1905 de-

953 1931 1043 1961 bere:
1060 1929 1134 1961 hinc
1151 1929 1296 1960 noluerat
1313 1927 1342 1959 ei
1358 1925 1534 1958 animantia
1545 1934 1632 1955 mac-

953 1979 1024 2012 tari.
1076 1980 1191 2021 Itaque
1225 1989 1316 2010 saera
1351 1977 1420 2019 ejus
1457 1975 1513 2007 diu
1542 1979 1634 2005 erant

951 2028 1145 2072 ἀναίμακτα
1159 2042 1167 2068 ;
1183 2028 1387 2064 Plutarchus,
1400 2026 1537 2068 Dionys.
1568 2024 1632 2056 Sed

952 2086 1024 2122 post
1051 2080 1187 2112 accessit
1211 2090 1302 2122 agnae
1331 2084 1363 2110 et
1387 2087 1493 2120 porcae
1518 2076 1630 2107 immo-

954 2130 1042 2162 latio.
1088 2130 1171 2162 Inde
1191 2135 1224 2161 et
1253 2130 1366 2160 Horat.
1392 2127 1495 2170 Epod.
1519 2126 1553 2157 ii.
1579 2128 1632 2157 53.

955 2185 975 2197 “
1000 2191 1084 2223 agna
1118 2181 1206 2212 festis
1244 2190 1328 2211 caesa
1363 2177 1633 2210 Terminalibus.²'

957 2231 1152 2263 Conveniunt
1181 2242 1220 2262 ex
1246 2231 1362 2261 Numae
1389 2228 1547 2264 instituto,
1578 2227 1633 2270 qui

948 2281 1045 2323 jussit
1066 2281 1183 2319 Θυσίας
1205 2280 1368 2312 ἐπιτελεῖν
1393 2281 1554 2317 ἅπαντας
1574 2278 1630 2310 ἐπὶ

952 2333 1013 2364 τὸν
1032 2332 1141 2364 τόπον
1161 2329 1436 2373 συνερχομένους.
1474 2331 1525 2361 De
1541 2332 1629 2370 dapi-

954 2385 1008 2414 bus
1023 2383 1095 2414 vide
1111 2383 1152 2414 ad
1168 2393 1295 2414 versum
1313 2383 1389 2413 362.

998 2434 1076 2465 659.
1099 2433 1196 2464 Tales
1219 2432 1354 2476 hymnos
1369 2433 1488 2464 Noster
1507 2437 1540 2463 et
1554 2432 1630 2463 alibi

955 2483 1097 2521 inseruit,
1113 2489 1147 2515 ut
1162 2484 1245 2515 Met.
1261 2482 1306 2514 iv.
1326 2484 1376 2514 11.
1393 2483 1425 2513 in
1440 2482 1631 2522 Bacchum3

955 2538 987 2564 et
1002 2534 1140 2565 Metam.
1152 2532 1206 2565 vii.
1218 2533 1295 2564 434.
1309 2532 1342 2563 in
1353 2531 1470 2564 Thesei
1486 2531 1629 2564 laudem.

956 2583 1055 2619 Finis,
1070 2582 1188 2614 finibus
1202 2582 1356 2619 includis,
1371 2582 1451 2613 fines
1462 2592 1632 2623 regnorum

955 2632 1073 2674 signas.
1118 2634 1265 2669 Ambitio,
1283 2631 1423 2664 studium
1438 2631 1549 2673 gratiae
1565 2631 1631 2662 col-

956 2682 1106 2724 ligendae.
1144 2683 1344 2725 Legitimum,
1359 2681 1484 2723 legibus
1498 2690 1631 2712 consen-

957 2739 1100 2770 taneum,
1111 2733 1236 2775 legibus
1250 2732 1469 2764 constitutum.
