<?xml version="1.0" encoding="UTF-8"?>
<!DOCTYPE html PUBLIC "-//W3C//DTD XHTML 1.0 Transitional//EN"
    "http://www.w3.org/TR/xhtml1/DTD/xhtml1-transitional.dtd">
<html xmlns="http://www.w3.org/1999/xhtml" xml:lang="en" lang="en">
 <head>
  <title>
</title>
<meta http-equiv="Content-Type" content="text/html;charset=utf-8" />
  <meta name='ocr-system' content='tesseract 3.04.00' />
  <meta name='ocr-capabilities' content='ocr_page ocr_carea ocr_par ocr_line ocrx_word'/>
</head>
<body>
  <div class='ocr_page' id='page_1' title='image "./povidiinasonisop05oviduoft_0278.png"; bbox 0 0 1809 3220; ppageno 0'>
   <div class='ocr_carea' id='block_1_1' title="bbox 147 140 1168 184">
    <p class='ocr_par' dir='ltr' id='par_1_1' title="bbox 147 140 1168 184">
     <span class='ocr_line' id='line_1_1' title="bbox 147 140 1168 184; baseline -0.002 0"><span class='ocrx_word' id='word_1_1' title='bbox 147 141 235 184; x_wconf 78' lang='lat'>250</span> <span class='ocrx_word' id='word_1_2' title='bbox 544 142 596 184; x_wconf 88' lang='lat' dir='ltr'>P.</span> <span class='ocrx_word' id='word_1_3' title='bbox 631 140 847 183; x_wconf 89' lang='lat' dir='ltr'>OVIDII</span> <span class='ocrx_word' id='word_1_4' title='bbox 881 140 1168 183; x_wconf 89' lang='lat' dir='ltr'><strong>NASONIS</strong></span> 
     </span>
    </p>
   </div>
   <div class='ocr_carea' id='block_1_2' title="bbox 154 256 1584 1010">
    <p class='ocr_par' dir='ltr' id='par_1_2' title="bbox 154 256 1409 384">
     <span class='ocr_line' id='line_1_2' title="bbox 154 256 1409 323; baseline -0.002 -16"><span class='ocrx_word' id='word_1_5' title='bbox 154 258 265 307; x_wconf 92' lang='lat' dir='ltr'>Nec</span> <span class='ocrx_word' id='word_1_6' title='bbox 291 258 386 306; x_wconf 88' lang='lat' dir='ltr'>nisi</span> <span class='ocrx_word' id='word_1_7' title='bbox 412 265 529 323; x_wconf 86' lang='lat' dir='ltr'>post</span> <span class='ocrx_word' id='word_1_8' title='bbox 553 273 712 306; x_wconf 88' lang='lat' dir='ltr'>annos</span> <span class='ocrx_word' id='word_1_9' title='bbox 738 256 903 321; x_wconf 88' lang='lat' dir='ltr'>patuit</span> <span class='ocrx_word' id='word_1_10' title='bbox 927 264 1048 304; x_wconf 87' lang='lat' dir='ltr'>tunc</span> <span class='ocrx_word' id='word_1_11' title='bbox 1074 256 1215 305; x_wconf 84' lang='lat' dir='ltr'>curia</span> <span class='ocrx_word' id='word_1_12' title='bbox 1240 273 1409 314; x_wconf 81' lang='lat' dir='ltr'>seros3</span> 
     </span>
     <span class='ocr_line' id='line_1_3' title="bbox 225 335 1224 384; baseline -0.002 0"><span class='ocrx_word' id='word_1_13' title='bbox 225 335 425 384; x_wconf 81' lang='lat' dir='ltr'>Nomen</span> <span class='ocrx_word' id='word_1_14' title='bbox 451 342 502 383; x_wconf 88' lang='lat' dir='ltr'>et</span> <span class='ocrx_word' id='word_1_15' title='bbox 528 335 692 383; x_wconf 85' lang='lat' dir='ltr'>aetatis</span> <span class='ocrx_word' id='word_1_16' title='bbox 719 335 841 383; x_wconf 88' lang='lat' dir='ltr'>mite</span> <span class='ocrx_word' id='word_1_17' title='bbox 868 341 1075 382; x_wconf 83' lang='lat' dir='ltr'>senatus</span> <span class='ocrx_word' id='word_1_18' title='bbox 1102 342 1224 382; x_wconf 90' lang='lat' dir='ltr'>erat.</span> 
     </span>
    </p>

    <p class='ocr_par' dir='ltr' id='par_1_3' title="bbox 154 412 1576 555">
     <span class='ocr_line' id='line_1_4' title="bbox 154 412 1576 478; baseline -0.001 -17"><span class='ocrx_word' id='word_1_19' title='bbox 154 415 278 462; x_wconf 83' lang='lat' dir='ltr'>Jura</span> <span class='ocrx_word' id='word_1_20' title='bbox 303 415 458 462; x_wconf 86' lang='lat' dir='ltr'>dabat</span> <span class='ocrx_word' id='word_1_21' title='bbox 483 414 672 478; x_wconf 88' lang='lat' dir='ltr'>populo</span> <span class='ocrx_word' id='word_1_22' title='bbox 698 413 892 461; x_wconf 88' lang='lat' dir='ltr'>senior:</span> <span class='ocrx_word' id='word_1_23' title='bbox 932 412 1179 477; x_wconf 84' lang='lat' dir='ltr'>finitaque</span> <span class='ocrx_word' id='word_1_24' title='bbox 1205 412 1358 460; x_wconf 90' lang='lat' dir='ltr'>certis</span> <span class='ocrx_word' id='word_1_25' title='bbox 1513 415 1576 460; x_wconf 81' lang='lat'>65</span> 
     </span>
     <span class='ocr_line' id='line_1_5' title="bbox 226 491 1313 555; baseline -0.002 -16"><span class='ocrx_word' id='word_1_26' title='bbox 226 492 447 555; x_wconf 84' lang='lat' dir='ltr'>Legibus</span> <span class='ocrx_word' id='word_1_27' title='bbox 473 499 553 540; x_wconf 88' lang='lat' dir='ltr'>est</span> <span class='ocrx_word' id='word_1_28' title='bbox 579 499 717 549; x_wconf 78' lang='lat' dir='ltr'>aetas,</span> <span class='ocrx_word' id='word_1_29' title='bbox 746 491 882 539; x_wconf 87' lang='lat' dir='ltr'>unde</span> <span class='ocrx_word' id='word_1_30' title='bbox 907 497 1111 555; x_wconf 86' lang='lat' dir='ltr'>petatur</span> <span class='ocrx_word' id='word_1_31' title='bbox 1137 491 1313 538; x_wconf 85' lang='lat' dir='ltr'><strong>honos.</strong></span> 
     </span>
    </p>

    <p class='ocr_par' dir='ltr' id='par_1_4' title="bbox 159 567 1440 708">
     <span class='ocr_line' id='line_1_6' title="bbox 159 567 1440 634; baseline -0.003 -16"><span class='ocrx_word' id='word_1_32' title='bbox 159 570 226 618; x_wconf 85' lang='lat' dir='ltr'>Et</span> <span class='ocrx_word' id='word_1_33' title='bbox 249 570 446 618; x_wconf 88' lang='lat' dir='ltr'>medius</span> <span class='ocrx_word' id='word_1_34' title='bbox 466 571 732 634; x_wconf 88' lang='lat' dir='ltr'>juvenum,</span> <span class='ocrx_word' id='word_1_35' title='bbox 762 586 863 617; x_wconf 90' lang='lat' dir='ltr'>non</span> <span class='ocrx_word' id='word_1_36' title='bbox 888 568 1272 632; x_wconf 78' lang='lat' dir='ltr'>indignantibus</span> <span class='ocrx_word' id='word_1_37' title='bbox 1299 567 1440 632; x_wconf 82' lang='lat' dir='ltr'>ipsis,</span> 
     </span>
     <span class='ocr_line' id='line_1_7' title="bbox 227 648 1285 708; baseline -0.002 -12"><span class='ocrx_word' id='word_1_38' title='bbox 227 649 370 708; x_wconf 83' lang='lat' dir='ltr'>Ibat3</span> <span class='ocrx_word' id='word_1_39' title='bbox 414 655 465 696; x_wconf 90' lang='lat' dir='ltr'>et</span> <span class='ocrx_word' id='word_1_40' title='bbox 491 648 710 706; x_wconf 89' lang='lat' dir='ltr'>interior,</span> <span class='ocrx_word' id='word_1_41' title='bbox 739 648 780 696; x_wconf 88' lang='lat' dir='ltr'>si</span> <span class='ocrx_word' id='word_1_42' title='bbox 807 664 979 696; x_wconf 90' lang='lat' dir='ltr'>comes</span> <span class='ocrx_word' id='word_1_43' title='bbox 1005 664 1135 695; x_wconf 91' lang='lat' dir='ltr'>unus</span> <span class='ocrx_word' id='word_1_44' title='bbox 1161 654 1285 694; x_wconf 87' lang='lat' dir='ltr'>erat.</span> 
     </span>
    </p>

    <p class='ocr_par' dir='ltr' id='par_1_5' title="bbox 159 725 1584 868">
     <span class='ocr_line' id='line_1_8' title="bbox 159 725 1439 792; baseline -0.002 -18"><span class='ocrx_word' id='word_1_45' title='bbox 159 728 329 776; x_wconf 85' lang='lat' dir='ltr'>Verba</span> <span class='ocrx_word' id='word_1_46' title='bbox 354 727 469 792; x_wconf 91' lang='lat' dir='ltr'>quis</span> <span class='ocrx_word' id='word_1_47' title='bbox 496 728 709 776; x_wconf 78' lang='lat' dir='ltr'>auderet</span> <span class='ocrx_word' id='word_1_48' title='bbox 734 743 904 775; x_wconf 86' lang='lat' dir='ltr'>coram</span> <span class='ocrx_word' id='word_1_49' title='bbox 933 742 1053 774; x_wconf 90' lang='lat' dir='ltr'>sene</span> <span class='ocrx_word' id='word_1_50' title='bbox 1080 725 1233 789; x_wconf 78' lang='lat' dir='ltr'>digna</span> <span class='ocrx_word' id='word_1_51' title='bbox 1258 725 1439 772; x_wconf 78' lang='lat' dir='ltr'>rubore</span> 
     </span>
     <span class='ocr_line' id='line_1_9' title="bbox 231 803 1584 868; baseline -0.003 -16"><span class='ocrx_word' id='word_1_52' title='bbox 231 805 450 854; x_wconf 86' lang='lat' dir='ltr'>Dicere?</span> <span class='ocrx_word' id='word_1_53' title='bbox 490 822 756 854; x_wconf 79' lang='lat' dir='ltr'>censuram</span> <span class='ocrx_word' id='word_1_54' title='bbox 783 806 934 868; x_wconf 83' lang='lat' dir='ltr'>longa</span> <span class='ocrx_word' id='word_1_55' title='bbox 960 810 1168 852; x_wconf 85' lang='lat' dir='ltr'>senecta</span> <span class='ocrx_word' id='word_1_56' title='bbox 1193 803 1365 850; x_wconf 80' lang='lat' dir='ltr'>dabat.</span> <span class='ocrx_word' id='word_1_57' title='bbox 1520 805 1584 850; x_wconf 86' lang='lat'>70</span> 
     </span>
    </p>

    <p class='ocr_par' dir='ltr' id='par_1_6' title="bbox 163 880 1490 1010">
     <span class='ocr_line' id='line_1_10' title="bbox 163 880 1490 946; baseline -0.003 -15"><span class='ocrx_word' id='word_1_58' title='bbox 163 884 412 931; x_wconf 80' lang='lat' dir='ltr'>Romulus</span> <span class='ocrx_word' id='word_1_59' title='bbox 439 884 533 932; x_wconf 89' lang='lat' dir='ltr'>hoc</span> <span class='ocrx_word' id='word_1_60' title='bbox 559 884 711 940; x_wconf 81' lang='lat' dir='ltr'>vidit;</span> <span class='ocrx_word' id='word_1_61' title='bbox 755 884 1047 946; x_wconf 79' lang='lat' dir='ltr'>selectaque</span> <span class='ocrx_word' id='word_1_62' title='bbox 1076 888 1283 946; x_wconf 78' lang='lat' dir='ltr'>pectora</span> <span class='ocrx_word' id='word_1_63' title='bbox 1308 880 1490 928; x_wconf 82' lang='lat' dir='ltr'>Patres</span> 
     </span>
     <span class='ocr_line' id='line_1_11' title="bbox 233 961 1392 1010; baseline -0.003 -2"><span class='ocrx_word' id='word_1_64' title='bbox 233 961 406 1010; x_wconf 85' lang='lat' dir='ltr'>Dixit:</span> <span class='ocrx_word' id='word_1_65' title='bbox 448 962 511 1010; x_wconf 87' lang='lat' dir='ltr'>ad</span> <span class='ocrx_word' id='word_1_66' title='bbox 538 962 630 1009; x_wconf 90' lang='lat' dir='ltr'>hos</span> <span class='ocrx_word' id='word_1_67' title='bbox 656 962 793 1010; x_wconf 86' lang='lat' dir='ltr'>urbis</span> <span class='ocrx_word' id='word_1_68' title='bbox 821 977 1020 1009; x_wconf 86' lang='lat' dir='ltr'>summa</span> <span class='ocrx_word' id='word_1_69' title='bbox 1045 961 1201 1008; x_wconf 85' lang='lat' dir='ltr'>relata</span> <span class='ocrx_word' id='word_1_70' title='bbox 1229 975 1392 1006; x_wconf 81' lang='lat' dir='ltr'>novae.</span> 
     </span>
    </p>
   </div>
   <div class='ocr_carea' id='block_1_3' title="bbox 161 1139 854 2771">
    <p class='ocr_par' dir='ltr' id='par_1_7' title="bbox 161 1139 844 1624">
     <span class='ocr_line' id='line_1_12' title="bbox 162 1139 837 1182; baseline 0.003 -11"><span class='ocrx_word' id='word_1_71' title='bbox 162 1139 292 1171; x_wconf 87' lang='lat' dir='ltr'>rendum</span> <span class='ocrx_word' id='word_1_72' title='bbox 312 1139 353 1171; x_wconf 83' lang='lat' dir='ltr'>sit</span> <span class='ocrx_word' id='word_1_73' title='bbox 373 1150 543 1182; x_wconf 83' lang='lat' dir='ltr'>pronomen</span> <span class='ocrx_word' id='word_1_74' title='bbox 565 1142 632 1172; x_wconf 75' lang='lat' dir='ltr'>illa.</span> <span class='ocrx_word' id='word_1_75' title='bbox 679 1140 837 1182; x_wconf 76' lang='lat' dir='ltr'>Equidem</span> 
     </span>
     <span class='ocr_line' id='line_1_13' title="bbox 161 1190 839 1233; baseline 0.003 -12"><span class='ocrx_word' id='word_1_76' title='bbox 161 1195 359 1222; x_wconf 80' lang='lat' dir='ltr'>senectutem</span> <span class='ocrx_word' id='word_1_77' title='bbox 375 1190 532 1233; x_wconf 84' lang='lat' dir='ltr'>intelligo,</span> <span class='ocrx_word' id='word_1_78' title='bbox 545 1191 637 1233; x_wconf 80' lang='lat' dir='ltr'>cujus</span> <span class='ocrx_word' id='word_1_79' title='bbox 652 1190 699 1221; x_wconf 66' lang='lat' dir='ltr'>vis</span> <span class='ocrx_word' id='word_1_80' title='bbox 714 1191 791 1223; x_wconf 81' lang='lat' dir='ltr'>latet</span> <span class='ocrx_word' id='word_1_81' title='bbox 807 1192 839 1223; x_wconf 91' lang='lat' dir='ltr'>in</span> 
     </span>
     <span class='ocr_line' id='line_1_14' title="bbox 162 1241 839 1283; baseline 0.003 -14"><span class='ocrx_word' id='word_1_82' title='bbox 162 1252 254 1283; x_wconf 76' lang='lat' dir='ltr'>ruga.</span> <span class='ocrx_word' id='word_1_83' title='bbox 290 1241 456 1278; x_wconf 79' lang='lat' dir='ltr'>Habendis,</span> <span class='ocrx_word' id='word_1_84' title='bbox 473 1241 658 1272; x_wconf 78' lang='lat' dir='ltr'>tractandis.</span> <span class='ocrx_word' id='word_1_85' title='bbox 694 1242 839 1278; x_wconf 67' lang='lat' dir='ltr'>Consilio,</span> 
     </span>
     <span class='ocr_line' id='line_1_15' title="bbox 163 1290 839 1327; baseline 0.003 -6"><span class='ocrx_word' id='word_1_86' title='bbox 163 1296 225 1321; x_wconf 91' lang='lat' dir='ltr'>etc.</span> <span class='ocrx_word' id='word_1_87' title='bbox 278 1290 384 1322; x_wconf 88' lang='lat' dir='ltr'>Cicer.</span> <span class='ocrx_word' id='word_1_88' title='bbox 414 1291 541 1322; x_wconf 87' lang='lat' dir='ltr'>Senect.</span> <span class='ocrx_word' id='word_1_89' title='bbox 571 1292 608 1322; x_wconf 77' lang='lat'>6:</span> <span class='ocrx_word' id='word_1_90' title='bbox 645 1296 666 1308; x_wconf 72' lang='lat'>‘⁴</span> <span class='ocrx_word' id='word_1_91' title='bbox 686 1291 839 1327; x_wconf 75' lang='lat' dir='ltr'>Consilio,</span> 
     </span>
     <span class='ocr_line' id='line_1_16' title="bbox 164 1339 839 1382; baseline 0.003 -12"><span class='ocrx_word' id='word_1_92' title='bbox 164 1339 365 1375; x_wconf 84' lang='lat' dir='ltr'>auctoritate,</span> <span class='ocrx_word' id='word_1_93' title='bbox 383 1340 542 1371; x_wconf 81' lang='lat' dir='ltr'>sententia</span> <span class='ocrx_word' id='word_1_94' title='bbox 566 1351 614 1371; x_wconf 89' lang='lat' dir='ltr'>res</span> <span class='ocrx_word' id='word_1_95' title='bbox 638 1351 761 1380; x_wconf 68' lang='lat' dir='ltr'>magna)</span> <span class='ocrx_word' id='word_1_96' title='bbox 785 1352 839 1382; x_wconf 86' lang='lat' dir='ltr'>ge-</span> 
     </span>
     <span class='ocr_line' id='line_1_17' title="bbox 165 1389 839 1431; baseline 0.003 -12"><span class='ocrx_word' id='word_1_97' title='bbox 165 1394 287 1425; x_wconf 86' lang='lat' dir='ltr'>runtur,</span> <span class='ocrx_word' id='word_1_98' title='bbox 303 1389 420 1431; x_wconf 89' lang='lat' dir='ltr'>quibus</span> <span class='ocrx_word' id='word_1_99' title='bbox 443 1400 506 1421; x_wconf 91' lang='lat' dir='ltr'>non</span> <span class='ocrx_word' id='word_1_100' title='bbox 526 1390 620 1421; x_wconf 89' lang='lat' dir='ltr'>modo</span> <span class='ocrx_word' id='word_1_101' title='bbox 640 1401 702 1421; x_wconf 90' lang='lat' dir='ltr'>non</span> <span class='ocrx_word' id='word_1_102' title='bbox 723 1391 839 1425; x_wconf 87' lang='lat' dir='ltr'>orbari,</span> 
     </span>
     <span class='ocr_line' id='line_1_18' title="bbox 165 1438 842 1481; baseline 0.003 -12"><span class='ocrx_word' id='word_1_103' title='bbox 165 1438 221 1470; x_wconf 86' lang='lat' dir='ltr'>sed</span> <span class='ocrx_word' id='word_1_104' title='bbox 258 1438 355 1470; x_wconf 85' lang='lat' dir='ltr'>etiam</span> <span class='ocrx_word' id='word_1_105' title='bbox 399 1439 505 1481; x_wconf 83' lang='lat' dir='ltr'>augeri</span> <span class='ocrx_word' id='word_1_106' title='bbox 544 1446 691 1470; x_wconf 83' lang='lat' dir='ltr'>senectus</span> <span class='ocrx_word' id='word_1_107' title='bbox 728 1440 842 1471; x_wconf 87' lang='lat' dir='ltr'>solet.&#39;&#39;</span> 
     </span>
     <span class='ocr_line' id='line_1_19' title="bbox 166 1487 844 1530; baseline 0.003 -12"><span class='ocrx_word' id='word_1_108' title='bbox 166 1487 262 1518; x_wconf 81' lang='lat' dir='ltr'>Adde</span> <span class='ocrx_word' id='word_1_109' title='bbox 284 1488 418 1530; x_wconf 85' lang='lat' dir='ltr'>reliqua,</span> <span class='ocrx_word' id='word_1_110' title='bbox 434 1488 550 1530; x_wconf 84' lang='lat' dir='ltr'>quibus</span> <span class='ocrx_word' id='word_1_111' title='bbox 569 1488 672 1524; x_wconf 84' lang='lat' dir='ltr'>docet,</span> <span class='ocrx_word' id='word_1_112' title='bbox 688 1489 844 1520; x_wconf 82' lang='lat' dir='ltr'>maximas</span> 
     </span>
     <span class='ocr_line' id='line_1_20' title="bbox 167 1538 843 1580; baseline 0.003 -12"><span class='ocrx_word' id='word_1_113' title='bbox 167 1538 363 1580; x_wconf 70' lang='lat' dir='ltr'>respublicas</span> <span class='ocrx_word' id='word_1_114' title='bbox 380 1539 421 1569; x_wconf 84' lang='lat' dir='ltr'>ab</span> <span class='ocrx_word' id='word_1_115' title='bbox 433 1538 689 1569; x_wconf 72' lang='lat' dir='ltr'>adolescentibus</span> <span class='ocrx_word' id='word_1_116' title='bbox 709 1548 778 1570; x_wconf 86' lang='lat' dir='ltr'>esse</span> <span class='ocrx_word' id='word_1_117' title='bbox 798 1539 843 1570; x_wconf 92' lang='lat' dir='ltr'>la—</span> 
     </span>
     <span class='ocr_line' id='line_1_21' title="bbox 169 1588 729 1624; baseline 0.002 -6"><span class='ocrx_word' id='word_1_118' title='bbox 169 1588 327 1624; x_wconf 72' lang='lat' dir='ltr'>befanius,</span> <span class='ocrx_word' id='word_1_119' title='bbox 344 1599 362 1619; x_wconf 90' lang='lat' dir='ltr'>a</span> <span class='ocrx_word' id='word_1_120' title='bbox 379 1588 507 1620; x_wconf 86' lang='lat' dir='ltr'>senibus</span> <span class='ocrx_word' id='word_1_121' title='bbox 524 1594 729 1620; x_wconf 86' lang='lat' dir='ltr'>sustentatas.</span> 
     </span>
    </p>

    <p class='ocr_par' dir='ltr' id='par_1_8' title="bbox 166 1637 854 2771">
     <span class='ocr_line' id='line_1_22' title="bbox 212 1637 844 1669; baseline 0.003 -3"><span class='ocrx_word' id='word_1_122' title='bbox 212 1637 266 1667; x_wconf 82' lang='lat'>64.</span> <span class='ocrx_word' id='word_1_123' title='bbox 294 1637 430 1669; x_wconf 88' lang='lat' dir='ltr'>Senatus</span> <span class='ocrx_word' id='word_1_124' title='bbox 459 1637 563 1669; x_wconf 88' lang='lat' dir='ltr'>dictus</span> <span class='ocrx_word' id='word_1_125' title='bbox 591 1644 639 1669; x_wconf 89' lang='lat' dir='ltr'>est</span> <span class='ocrx_word' id='word_1_126' title='bbox 669 1648 688 1668; x_wconf 90' lang='lat' dir='ltr'>a</span> <span class='ocrx_word' id='word_1_127' title='bbox 718 1637 844 1669; x_wconf 89' lang='lat' dir='ltr'>nomine</span> 
     </span>
     <span class='ocr_line' id='line_1_23' title="bbox 166 1687 846 1724; baseline 0.003 -7"><span class='ocrx_word' id='word_1_128' title='bbox 166 1688 260 1724; x_wconf 71' lang='lat' dir='ltr'>viticis,</span> <span class='ocrx_word' id='word_1_129' title='bbox 275 1687 341 1718; x_wconf 78' lang='lat' dir='ltr'>sive</span> <span class='ocrx_word' id='word_1_130' title='bbox 365 1693 497 1718; x_wconf 76' lang='lat' dir='ltr'>maturce</span> <span class='ocrx_word' id='word_1_131' title='bbox 523 1687 640 1719; x_wconf 83' lang='lat' dir='ltr'>aetatis.</span> <span class='ocrx_word' id='word_1_132' title='bbox 686 1688 846 1719; x_wconf 83' lang='lat' dir='ltr'>Juvcntus</span> 
     </span>
     <span class='ocr_line' id='line_1_24' title="bbox 167 1735 846 1778; baseline 0.001 -11"><span class='ocrx_word' id='word_1_133' title='bbox 167 1742 216 1767; x_wconf 89' lang='lat' dir='ltr'>est</span> <span class='ocrx_word' id='word_1_134' title='bbox 234 1735 377 1778; x_wconf 72' lang='lat' dir='ltr'>fervida,</span> <span class='ocrx_word' id='word_1_135' title='bbox 404 1743 553 1768; x_wconf 87' lang='lat' dir='ltr'>senectus</span> <span class='ocrx_word' id='word_1_136' title='bbox 583 1738 685 1774; x_wconf 82' lang='lat' dir='ltr'>mitis;</span> <span class='ocrx_word' id='word_1_137' title='bbox 709 1738 846 1769; x_wconf 70' lang='lat' dir='ltr'>Metam.</span> 
     </span>
     <span class='ocr_line' id='line_1_25' title="bbox 170 1786 847 1829; baseline 0.001 -13"><span class='ocrx_word' id='word_1_138' title='bbox 170 1797 221 1817; x_wconf 86' lang='lat' dir='ltr'>xv.</span> <span class='ocrx_word' id='word_1_139' title='bbox 237 1787 321 1818; x_wconf 83' lang='lat'>209:</span> <span class='ocrx_word' id='word_1_140' title='bbox 349 1786 511 1829; x_wconf 76' lang='lat' dir='ltr'>“Excipit</span> <span class='ocrx_word' id='word_1_141' title='bbox 535 1793 720 1823; x_wconf 87' lang='lat' dir='ltr'>autumnus,</span> <span class='ocrx_word' id='word_1_142' title='bbox 745 1787 847 1829; x_wconf 87' lang='lat' dir='ltr'>posito</span> 
     </span>
     <span class='ocr_line' id='line_1_26' title="bbox 170 1835 848 1878; baseline 0.001 -12"><span class='ocrx_word' id='word_1_143' title='bbox 170 1835 290 1867; x_wconf 83' lang='lat' dir='ltr'>fervore</span> <span class='ocrx_word' id='word_1_144' title='bbox 315 1836 471 1878; x_wconf 81' lang='lat' dir='ltr'>juventae,</span> <span class='ocrx_word' id='word_1_145' title='bbox 500 1837 652 1868; x_wconf 86' lang='lat' dir='ltr'>Maturus</span> <span class='ocrx_word' id='word_1_146' title='bbox 686 1835 848 1878; x_wconf 83' lang='lat' dir='ltr'>mitisque,</span> 
     </span>
     <span class='ocr_line' id='line_1_27' title="bbox 170 1885 848 1928; baseline 0 -12"><span class='ocrx_word' id='word_1_147' title='bbox 170 1885 481 1928; x_wconf 82' lang='lat' dir='ltr'>interjuvenenique</span> <span class='ocrx_word' id='word_1_148' title='bbox 497 1896 670 1928; x_wconf 88' lang='lat' dir='ltr'>senemque</span> <span class='ocrx_word' id='word_1_149' title='bbox 681 1885 848 1928; x_wconf 86' lang='lat' dir='ltr'>Temperie</span> 
     </span>
     <span class='ocr_line' id='line_1_28' title="bbox 172 1934 849 1977; baseline 0 -12"><span class='ocrx_word' id='word_1_150' title='bbox 172 1934 329 1966; x_wconf 85' lang='lat' dir='ltr'>medius.”</span> <span class='ocrx_word' id='word_1_151' title='bbox 363 1935 539 1977; x_wconf 76' lang='lat' dir='ltr'>Dionysius</span> <span class='ocrx_word' id='word_1_152' title='bbox 555 1935 724 1966; x_wconf 87' lang='lat' dir='ltr'>Halicarn.</span> <span class='ocrx_word' id='word_1_153' title='bbox 741 1935 775 1966; x_wconf 80' lang='lat' dir='ltr'>ii.</span> <span class='ocrx_word' id='word_1_154' title='bbox 798 1936 849 1966; x_wconf 84' lang='lat'>12.</span> 
     </span>
     <span class='ocr_line' id='line_1_29' title="bbox 172 1983 851 2026; baseline 0.003 -12"><span class='ocrx_word' id='word_1_155' title='bbox 172 1983 328 2015; x_wconf 86' lang='lat' dir='ltr'>incertum</span> <span class='ocrx_word' id='word_1_156' title='bbox 350 1983 513 2026; x_wconf 85' lang='lat' dir='ltr'>relinquit,</span> <span class='ocrx_word' id='word_1_157' title='bbox 528 1989 634 2015; x_wconf 84' lang='lat' dir='ltr'>utrum</span> <span class='ocrx_word' id='word_1_158' title='bbox 651 1985 690 2015; x_wconf 89' lang='lat' dir='ltr'>ob</span> <span class='ocrx_word' id='word_1_159' title='bbox 706 1990 851 2016; x_wconf 90' lang='lat' dir='ltr'>senectu-</span> 
     </span>
     <span class='ocr_line' id='line_1_30' title="bbox 172 2033 850 2075; baseline 0 -11"><span class='ocrx_word' id='word_1_160' title='bbox 172 2038 248 2069; x_wconf 88' lang='lat' dir='ltr'>tem,</span> <span class='ocrx_word' id='word_1_161' title='bbox 273 2043 315 2064; x_wconf 85' lang='lat' dir='ltr'>an</span> <span class='ocrx_word' id='word_1_162' title='bbox 342 2033 383 2064; x_wconf 88' lang='lat' dir='ltr'>ob</span> <span class='ocrx_word' id='word_1_163' title='bbox 407 2033 555 2064; x_wconf 84' lang='lat' dir='ltr'>virtutem</span> <span class='ocrx_word' id='word_1_164' title='bbox 585 2033 762 2075; x_wconf 78' lang='grc' dir='ltr'>γερουσίας</span> <span class='ocrx_word' id='word_1_165' title='bbox 785 2034 850 2065; x_wconf 83' lang='lat' dir='ltr'>sive</span> 
     </span>
     <span class='ocr_line' id='line_1_31' title="bbox 174 2083 851 2125; baseline 0.001 -12"><span class='ocrx_word' id='word_1_166' title='bbox 174 2088 296 2113; x_wconf 80' lang='lat' dir='ltr'>senatus</span> <span class='ocrx_word' id='word_1_167' title='bbox 309 2093 424 2114; x_wconf 90' lang='lat' dir='ltr'>nomen</span> <span class='ocrx_word' id='word_1_168' title='bbox 447 2083 626 2125; x_wconf 81' lang='lat' dir='ltr'>acceperit3</span> <span class='ocrx_word' id='word_1_169' title='bbox 651 2083 774 2114; x_wconf 85' lang='lat' dir='ltr'>nonita</span> <span class='ocrx_word' id='word_1_170' title='bbox 792 2083 851 2114; x_wconf 90' lang='lat' dir='ltr'>du-</span> 
     </span>
     <span class='ocr_line' id='line_1_32' title="bbox 174 2132 850 2171; baseline 0.001 -8"><span class='ocrx_word' id='word_1_171' title='bbox 174 2132 290 2164; x_wconf 88' lang='lat' dir='ltr'>bitavit</span> <span class='ocrx_word' id='word_1_172' title='bbox 311 2132 384 2164; x_wconf 88' lang='lat' dir='ltr'>Cic.</span> <span class='ocrx_word' id='word_1_173' title='bbox 405 2134 534 2164; x_wconf 84' lang='lat' dir='ltr'>Senect.</span> <span class='ocrx_word' id='word_1_174' title='bbox 552 2133 591 2164; x_wconf 87' lang='lat'>6:</span> <span class='ocrx_word' id='word_1_175' title='bbox 623 2138 643 2149; x_wconf 80' lang='lat'>‘¹</span> <span class='ocrx_word' id='word_1_176' title='bbox 663 2132 850 2171; x_wconf 88' lang='lat' dir='ltr'>Consilium,</span> 
     </span>
     <span class='ocr_line' id='line_1_33' title="bbox 176 2181 848 2220; baseline 0.001 -7"><span class='ocrx_word' id='word_1_177' title='bbox 176 2181 267 2219; x_wconf 88' lang='lat' dir='ltr'>ratio,</span> <span class='ocrx_word' id='word_1_178' title='bbox 283 2182 440 2214; x_wconf 84' lang='lat' dir='ltr'>sententia</span> <span class='ocrx_word' id='word_1_179' title='bbox 456 2181 516 2213; x_wconf 87' lang='lat' dir='ltr'>nisi</span> <span class='ocrx_word' id='word_1_180' title='bbox 534 2187 639 2213; x_wconf 84' lang='lat' dir='ltr'>essent</span> <span class='ocrx_word' id='word_1_181' title='bbox 655 2181 689 2213; x_wconf 91' lang='lat' dir='ltr'>in</span> <span class='ocrx_word' id='word_1_182' title='bbox 707 2182 848 2220; x_wconf 85' lang='lat' dir='ltr'>senibus,</span> 
     </span>
     <span class='ocr_line' id='line_1_34' title="bbox 175 2231 851 2274; baseline 0.003 -12"><span class='ocrx_word' id='word_1_183' title='bbox 175 2242 238 2262; x_wconf 91' lang='lat' dir='ltr'>non</span> <span class='ocrx_word' id='word_1_184' title='bbox 254 2242 412 2263; x_wconf 89' lang='lat' dir='ltr'>summum</span> <span class='ocrx_word' id='word_1_185' title='bbox 428 2231 594 2263; x_wconf 90' lang='lat' dir='ltr'>consilium</span> <span class='ocrx_word' id='word_1_186' title='bbox 607 2232 741 2274; x_wconf 85' lang='lat' dir='ltr'>majores</span> <span class='ocrx_word' id='word_1_187' title='bbox 753 2232 851 2264; x_wconf 84' lang='lat' dir='ltr'>nostri</span> 
     </span>
     <span class='ocr_line' id='line_1_35' title="bbox 175 2280 852 2323; baseline 0.001 -11"><span class='ocrx_word' id='word_1_188' title='bbox 175 2280 392 2323; x_wconf 87' lang='lat' dir='ltr'>appellassent</span> <span class='ocrx_word' id='word_1_189' title='bbox 419 2286 577 2312; x_wconf 85' lang='lat' dir='ltr'>senatum.</span> <span class='ocrx_word' id='word_1_190' title='bbox 623 2280 721 2323; x_wconf 87' lang='lat' dir='ltr'>Apud</span> <span class='ocrx_word' id='word_1_191' title='bbox 750 2281 852 2314; x_wconf 79' lang='lat' dir='ltr'>Lace-</span> 
     </span>
     <span class='ocr_line' id='line_1_36' title="bbox 175 2329 851 2373; baseline 0.003 -13"><span class='ocrx_word' id='word_1_192' title='bbox 175 2329 350 2361; x_wconf 88' lang='lat' dir='ltr'>daemonios</span> <span class='ocrx_word' id='word_1_193' title='bbox 365 2330 493 2373; x_wconf 90' lang='lat' dir='ltr'>quidem</span> <span class='ocrx_word' id='word_1_194' title='bbox 504 2330 538 2366; x_wconf 90' lang='lat' dir='ltr'>ii,</span> <span class='ocrx_word' id='word_1_195' title='bbox 553 2330 607 2373; x_wconf 90' lang='lat' dir='ltr'>qui</span> <span class='ocrx_word' id='word_1_196' title='bbox 621 2330 851 2373; x_wconf 88' lang='lat' dir='ltr'>amplissimum</span> 
     </span>
     <span class='ocr_line' id='line_1_37' title="bbox 176 2379 852 2422; baseline 0.001 -12"><span class='ocrx_word' id='word_1_197' title='bbox 176 2379 395 2421; x_wconf 82' lang='lat' dir='ltr'>magistratum</span> <span class='ocrx_word' id='word_1_198' title='bbox 411 2385 536 2422; x_wconf 88' lang='lat' dir='ltr'>gerunt,</span> <span class='ocrx_word' id='word_1_199' title='bbox 546 2387 581 2411; x_wconf 91' lang='lat' dir='ltr'>ut</span> <span class='ocrx_word' id='word_1_200' title='bbox 597 2386 682 2417; x_wconf 82' lang='lat' dir='ltr'>sunt,</span> <span class='ocrx_word' id='word_1_201' title='bbox 697 2380 743 2411; x_wconf 92' lang='lat' dir='ltr'>sic</span> <span class='ocrx_word' id='word_1_202' title='bbox 755 2380 852 2411; x_wconf 88' lang='lat' dir='ltr'>etiam</span> 
     </span>
     <span class='ocr_line' id='line_1_38' title="bbox 176 2428 854 2461; baseline 0.004 -3"><span class='ocrx_word' id='word_1_203' title='bbox 176 2428 380 2460; x_wconf 85' lang='lat' dir='ltr'>nominantur</span> <span class='ocrx_word' id='word_1_204' title='bbox 395 2429 522 2461; x_wconf 85' lang='lat' dir='ltr'>senes.”</span> <span class='ocrx_word' id='word_1_205' title='bbox 547 2429 598 2460; x_wconf 91' lang='lat' dir='ltr'>Sic</span> <span class='ocrx_word' id='word_1_206' title='bbox 614 2435 646 2460; x_wconf 86' lang='lat' dir='ltr'>et</span> <span class='ocrx_word' id='word_1_207' title='bbox 662 2429 854 2461; x_wconf 86' lang='lat' dir='ltr'>Plutarchus</span> 
     </span>
     <span class='ocr_line' id='line_1_39' title="bbox 177 2477 850 2520; baseline 0.003 -12"><span class='ocrx_word' id='word_1_208' title='bbox 177 2477 210 2509; x_wconf 89' lang='lat' dir='ltr'>in</span> <span class='ocrx_word' id='word_1_209' title='bbox 240 2479 392 2516; x_wconf 89' lang='lat' dir='ltr'>Romulo,</span> <span class='ocrx_word' id='word_1_210' title='bbox 419 2479 470 2510; x_wconf 89' lang='lat'>13.</span> <span class='ocrx_word' id='word_1_211' title='bbox 496 2484 529 2510; x_wconf 89' lang='lat' dir='ltr'>et</span> <span class='ocrx_word' id='word_1_212' title='bbox 556 2478 622 2509; x_wconf 88' lang='lat' dir='ltr'>alii.</span> <span class='ocrx_word' id='word_1_213' title='bbox 672 2478 850 2520; x_wconf 80' lang='lat' dir='ltr'>Finitaque,</span> 
     </span>
     <span class='ocr_line' id='line_1_40' title="bbox 179 2527 852 2571; baseline 0.003 -13"><span class='ocrx_word' id='word_1_214' title='bbox 179 2533 244 2559; x_wconf 86' lang='lat' dir='ltr'>etc.</span> <span class='ocrx_word' id='word_1_215' title='bbox 301 2528 376 2560; x_wconf 85' lang='lat' dir='ltr'>Jam</span> <span class='ocrx_word' id='word_1_216' title='bbox 406 2527 517 2571; x_wconf 85' lang='lat' dir='ltr'>primis</span> <span class='ocrx_word' id='word_1_217' title='bbox 545 2527 681 2571; x_wconf 85' lang='lat' dir='ltr'>reipubl.</span> <span class='ocrx_word' id='word_1_218' title='bbox 710 2528 852 2560; x_wconf 84' lang='lat' dir='ltr'>Roman.</span> 
     </span>
     <span class='ocr_line' id='line_1_41' title="bbox 180 2577 854 2620; baseline 0.003 -12"><span class='ocrx_word' id='word_1_219' title='bbox 180 2577 374 2620; x_wconf 87' lang='lat' dir='ltr'>temporibus</span> <span class='ocrx_word' id='word_1_220' title='bbox 398 2583 524 2609; x_wconf 85' lang='lat' dir='ltr'>matura</span> <span class='ocrx_word' id='word_1_221' title='bbox 549 2584 626 2608; x_wconf 79' lang='lat' dir='ltr'>aetas</span> <span class='ocrx_word' id='word_1_222' title='bbox 651 2579 854 2620; x_wconf 85' lang='lat' dir='ltr'>spectabatur</span> 
     </span>
     <span class='ocr_line' id='line_1_42' title="bbox 178 2627 853 2670; baseline 0.001 -11"><span class='ocrx_word' id='word_1_223' title='bbox 178 2627 211 2659; x_wconf 88' lang='lat' dir='ltr'>in</span> <span class='ocrx_word' id='word_1_224' title='bbox 228 2627 464 2670; x_wconf 88' lang='lat' dir='ltr'>magistratibus</span> <span class='ocrx_word' id='word_1_225' title='bbox 479 2628 632 2659; x_wconf 86' lang='lat' dir='ltr'>creandis.</span> <span class='ocrx_word' id='word_1_226' title='bbox 670 2628 756 2659; x_wconf 89' lang='lat' dir='ltr'>Hinc</span> <span class='ocrx_word' id='word_1_227' title='bbox 771 2639 853 2660; x_wconf 88' lang='lat' dir='ltr'>anno</span> 
     </span>
     <span class='ocr_line' id='line_1_43' title="bbox 180 2677 853 2720; baseline 0.003 -12"><span class='ocrx_word' id='word_1_228' title='bbox 180 2677 222 2708; x_wconf 92' lang='lat' dir='ltr'>U.</span> <span class='ocrx_word' id='word_1_229' title='bbox 238 2678 277 2710; x_wconf 88' lang='lat' dir='ltr'>C.</span> <span class='ocrx_word' id='word_1_230' title='bbox 293 2678 368 2710; x_wconf 87' lang='lat'><strong>539.</strong></span> <span class='ocrx_word' id='word_1_231' title='bbox 382 2677 530 2710; x_wconf 89' lang='lat' dir='ltr'>Cornelio</span> <span class='ocrx_word' id='word_1_232' title='bbox 553 2677 694 2720; x_wconf 86' lang='lat' dir='ltr'>Scipioni</span> <span class='ocrx_word' id='word_1_233' title='bbox 717 2678 853 2710; x_wconf 82' lang='lat' dir='ltr'>aedilita·</span> 
     </span>
     <span class='ocr_line' id='line_1_44' title="bbox 180 2728 851 2771; baseline 0.001 -13"><span class='ocrx_word' id='word_1_234' title='bbox 180 2732 246 2759; x_wconf 85' lang='lat' dir='ltr'>tem</span> <span class='ocrx_word' id='word_1_235' title='bbox 267 2728 424 2771; x_wconf 85' lang='lat' dir='ltr'>spectanti</span> <span class='ocrx_word' id='word_1_236' title='bbox 442 2729 630 2760; x_wconf 82' lang='lat' dir='ltr'>obstiterunt</span> <span class='ocrx_word' id='word_1_237' title='bbox 649 2728 764 2761; x_wconf 88' lang='lat' dir='ltr'>tribuni</span> <span class='ocrx_word' id='word_1_238' title='bbox 785 2729 851 2771; x_wconf 87' lang='lat' dir='ltr'>ple-</span> 
     </span>
    </p>
   </div>
   <div class='ocr_carea' id='block_1_4' title="bbox 908 1136 1594 1729">
    <p class='ocr_par' dir='ltr' id='par_1_9' title="bbox 908 1136 1592 1469">
     <span class='ocr_line' id='line_1_45' title="bbox 908 1136 1587 1182; baseline -0.003 -12"><span class='ocrx_word' id='word_1_239' title='bbox 908 1139 966 1176; x_wconf 80' lang='lat' dir='ltr'>bis,</span> <span class='ocrx_word' id='word_1_240' title='bbox 990 1139 1075 1182; x_wconf 83' lang='lat' dir='ltr'>quod</span> <span class='ocrx_word' id='word_1_241' title='bbox 1104 1139 1245 1170; x_wconf 85' lang='lat' dir='ltr'>nondum</span> <span class='ocrx_word' id='word_1_242' title='bbox 1278 1137 1318 1169; x_wconf 82' lang='lat' dir='ltr'>ad</span> <span class='ocrx_word' id='word_1_243' title='bbox 1346 1136 1520 1180; x_wconf 83' lang='lat' dir='ltr'>petendum</span> <span class='ocrx_word' id='word_1_244' title='bbox 1543 1137 1587 1168; x_wconf 67' lang='lat' dir='ltr'>le-</span> 
     </span>
     <span class='ocr_line' id='line_1_46' title="bbox 908 1186 1591 1231; baseline 0 -12"><span class='ocrx_word' id='word_1_245' title='bbox 908 1189 1023 1231; x_wconf 86' lang='lat' dir='ltr'>gitima</span> <span class='ocrx_word' id='word_1_246' title='bbox 1051 1196 1130 1219; x_wconf 78' lang='lat' dir='ltr'>aetas</span> <span class='ocrx_word' id='word_1_247' title='bbox 1160 1193 1266 1226; x_wconf 82' lang='lat' dir='ltr'>esset3</span> <span class='ocrx_word' id='word_1_248' title='bbox 1299 1186 1420 1224; x_wconf 84' lang='lat' dir='ltr'>Livius,</span> <span class='ocrx_word' id='word_1_249' title='bbox 1446 1198 1522 1219; x_wconf 81' lang='lat' dir='ltr'>xxv.</span> <span class='ocrx_word' id='word_1_250' title='bbox 1549 1189 1591 1226; x_wconf 60' lang='grc' dir='ltr'>*ἐς</span> 
     </span>
     <span class='ocr_line' id='line_1_47' title="bbox 909 1236 1590 1279; baseline -0.003 -9"><span class='ocrx_word' id='word_1_251' title='bbox 909 1238 965 1270; x_wconf 86' lang='lat' dir='ltr'>sed</span> <span class='ocrx_word' id='word_1_252' title='bbox 990 1237 1090 1269; x_wconf 84' lang='lat' dir='ltr'>serius</span> <span class='ocrx_word' id='word_1_253' title='bbox 1112 1236 1244 1273; x_wconf 56' lang='lat' dir='ltr'>Villius,</span> <span class='ocrx_word' id='word_1_254' title='bbox 1263 1237 1338 1268; x_wconf 79' lang='lat' dir='ltr'>trib.</span> <span class='ocrx_word' id='word_1_255' title='bbox 1359 1236 1463 1279; x_wconf 84' lang='lat' dir='ltr'>plebis</span> <span class='ocrx_word' id='word_1_256' title='bbox 1488 1236 1590 1279; x_wconf 74' lang='lat' dir='ltr'>legem</span> 
     </span>
     <span class='ocr_line' id='line_1_48' title="bbox 910 1285 1590 1329; baseline -0.004 -9"><span class='ocrx_word' id='word_1_257' title='bbox 910 1287 1058 1320; x_wconf 87' lang='lat' dir='ltr'>annalem</span> <span class='ocrx_word' id='word_1_258' title='bbox 1090 1287 1175 1323; x_wconf 88' lang='lat' dir='ltr'>tulit,</span> <span class='ocrx_word' id='word_1_259' title='bbox 1203 1297 1268 1329; x_wconf 90' lang='lat' dir='ltr'>qua</span> <span class='ocrx_word' id='word_1_260' title='bbox 1295 1285 1369 1318; x_wconf 88' lang='lat' dir='ltr'>anni</span> <span class='ocrx_word' id='word_1_261' title='bbox 1396 1286 1590 1328; x_wconf 85' lang='lat' dir='ltr'>singulorum</span> 
     </span>
     <span class='ocr_line' id='line_1_49' title="bbox 910 1335 1592 1369; baseline -0.001 0"><span class='ocrx_word' id='word_1_262' title='bbox 910 1338 1063 1369; x_wconf 85' lang='lat' dir='ltr'>honorum</span> <span class='ocrx_word' id='word_1_263' title='bbox 1079 1337 1202 1368; x_wconf 85' lang='lat' dir='ltr'>definiti</span> <span class='ocrx_word' id='word_1_264' title='bbox 1219 1342 1305 1368; x_wconf 83' lang='lat' dir='ltr'>sunt.</span> <span class='ocrx_word' id='word_1_265' title='bbox 1351 1335 1436 1367; x_wconf 72' lang='lat' dir='ltr'>Vide</span> <span class='ocrx_word' id='word_1_266' title='bbox 1451 1336 1592 1368; x_wconf 84' lang='lat' dir='ltr'>Ducker.</span> 
     </span>
     <span class='ocr_line' id='line_1_50' title="bbox 911 1385 1592 1428; baseline -0.003 -9"><span class='ocrx_word' id='word_1_267' title='bbox 911 1387 953 1419; x_wconf 85' lang='lat' dir='ltr'>ad</span> <span class='ocrx_word' id='word_1_268' title='bbox 976 1387 1101 1419; x_wconf 83' lang='lat' dir='ltr'>Livium</span> <span class='ocrx_word' id='word_1_269' title='bbox 1123 1387 1210 1418; x_wconf 87' lang='lat' dir='ltr'>dicto</span> <span class='ocrx_word' id='word_1_270' title='bbox 1230 1386 1312 1418; x_wconf 90' lang='lat' dir='ltr'>loco.</span> <span class='ocrx_word' id='word_1_271' title='bbox 1361 1385 1469 1417; x_wconf 74' lang='lat' dir='ltr'>Finita</span> <span class='ocrx_word' id='word_1_272' title='bbox 1484 1386 1592 1428; x_wconf 84' lang='lat' dir='ltr'>igitur,</span> 
     </span>
     <span class='ocr_line' id='line_1_51' title="bbox 912 1437 1054 1469; baseline 0 -1"><span class='ocrx_word' id='word_1_273' title='bbox 912 1437 1054 1469; x_wconf 84' lang='lat' dir='ltr'>definita.</span> 
     </span>
    </p>

    <p class='ocr_par' dir='ltr' id='par_1_10' title="bbox 914 1485 1594 1729">
     <span class='ocr_line' id='line_1_52' title="bbox 957 1485 1592 1529; baseline -0.003 -10"><span class='ocrx_word' id='word_1_274' title='bbox 957 1488 1011 1519; x_wconf 84' lang='lat'>67.</span> <span class='ocrx_word' id='word_1_275' title='bbox 1036 1487 1108 1518; x_wconf 76' lang='lat' dir='ltr'>Non</span> <span class='ocrx_word' id='word_1_276' title='bbox 1131 1486 1224 1518; x_wconf 90' lang='lat' dir='ltr'>modo</span> <span class='ocrx_word' id='word_1_277' title='bbox 1245 1487 1277 1518; x_wconf 89' lang='lat' dir='ltr'>in</span> <span class='ocrx_word' id='word_1_278' title='bbox 1298 1485 1473 1529; x_wconf 83' lang='lat' dir='ltr'>republica,</span> <span class='ocrx_word' id='word_1_279' title='bbox 1488 1489 1592 1528; x_wconf 86' lang='lat' dir='ltr'>priva-</span> 
     </span>
     <span class='ocr_line' id='line_1_53' title="bbox 914 1536 1594 1579; baseline 0 -11"><span class='ocrx_word' id='word_1_280' title='bbox 914 1537 970 1568; x_wconf 84' lang='lat' dir='ltr'>tim</span> <span class='ocrx_word' id='word_1_281' title='bbox 1008 1547 1135 1579; x_wconf 86' lang='lat' dir='ltr'>quoque</span> <span class='ocrx_word' id='word_1_282' title='bbox 1175 1536 1390 1568; x_wconf 80' lang='lat' dir='ltr'>honorabatur</span> <span class='ocrx_word' id='word_1_283' title='bbox 1427 1542 1594 1575; x_wconf 86' lang='lat' dir='ltr'>senectus;</span> 
     </span>
     <span class='ocr_line' id='line_1_54' title="bbox 914 1586 1591 1618; baseline 0 0"><span class='ocrx_word' id='word_1_284' title='bbox 914 1587 981 1618; x_wconf 88' lang='lat' dir='ltr'>vid.</span> <span class='ocrx_word' id='word_1_285' title='bbox 1004 1586 1118 1618; x_wconf 88' lang='lat' dir='ltr'>Cicero</span> <span class='ocrx_word' id='word_1_286' title='bbox 1142 1588 1270 1618; x_wconf 86' lang='lat' dir='ltr'>Senect.</span> <span class='ocrx_word' id='word_1_287' title='bbox 1290 1588 1340 1618; x_wconf 89' lang='lat'>18.</span> <span class='ocrx_word' id='word_1_288' title='bbox 1386 1586 1507 1618; x_wconf 86' lang='lat' dir='ltr'>Locum</span> <span class='ocrx_word' id='word_1_289' title='bbox 1529 1597 1591 1618; x_wconf 87' lang='lat' dir='ltr'>me-</span> 
     </span>
     <span class='ocr_line' id='line_1_55' title="bbox 915 1635 1594 1679; baseline 0.001 -12"><span class='ocrx_word' id='word_1_290' title='bbox 915 1638 999 1668; x_wconf 82' lang='lat' dir='ltr'>dium</span> <span class='ocrx_word' id='word_1_291' title='bbox 1025 1636 1120 1668; x_wconf 85' lang='lat' dir='ltr'>fuisse</span> <span class='ocrx_word' id='word_1_292' title='bbox 1151 1636 1236 1679; x_wconf 84' lang='lat' dir='ltr'>apud</span> <span class='ocrx_word' id='word_1_293' title='bbox 1260 1636 1424 1667; x_wconf 86' lang='lat' dir='ltr'>Romanos</span> <span class='ocrx_word' id='word_1_294' title='bbox 1451 1635 1594 1679; x_wconf 84' lang='lat' dir='ltr'>aliosque</span> 
     </span>
     <span class='ocr_line' id='line_1_56' title="bbox 914 1685 1594 1729; baseline 0.003 -13"><span class='ocrx_word' id='word_1_295' title='bbox 914 1686 1050 1729; x_wconf 84' lang='lat' dir='ltr'>populos</span> <span class='ocrx_word' id='word_1_296' title='bbox 1060 1685 1353 1722; x_wconf 85' lang='lat' dir='ltr'>honoratissimum,</span> <span class='ocrx_word' id='word_1_297' title='bbox 1364 1686 1462 1718; x_wconf 87' lang='lat' dir='ltr'>etiam</span> <span class='ocrx_word' id='word_1_298' title='bbox 1474 1697 1512 1718; x_wconf 90' lang='lat' dir='ltr'>ex</span> <span class='ocrx_word' id='word_1_299' title='bbox 1523 1686 1594 1718; x_wconf 87' lang='lat' dir='ltr'>Sal-</span> 
     </span>
    </p>
   </div>
   <div class='ocr_carea' id='block_1_5' title="bbox 915 1735 1598 1778">
    <p class='ocr_par' dir='ltr' id='par_1_11' title="bbox 915 1735 1598 1778">
     <span class='ocr_line' id='line_1_57' title="bbox 915 1735 1598 1778; baseline 0.001 -12"><span class='ocrx_word' id='word_1_300' title='bbox 915 1735 1022 1773; x_wconf 76' lang='lat' dir='ltr'>lustio,</span> <span class='ocrx_word' id='word_1_301' title='bbox 1037 1736 1168 1778; x_wconf 80' lang='lat' dir='ltr'>Jugurt.</span> <span class='ocrx_word' id='word_1_302' title='bbox 1186 1736 1229 1768; x_wconf 87' lang='lat' dir='ltr'>xi.</span> <span class='ocrx_word' id='word_1_303' title='bbox 1243 1737 1276 1768; x_wconf 89' lang='lat'>3.</span> <span class='ocrx_word' id='word_1_304' title='bbox 1293 1742 1325 1768; x_wconf 88' lang='lat' dir='ltr'>et</span> <span class='ocrx_word' id='word_1_305' title='bbox 1340 1736 1466 1768; x_wconf 86' lang='lat' dir='ltr'>Minue.</span> <span class='ocrx_word' id='word_1_306' title='bbox 1479 1736 1598 1768; x_wconf 83' lang='lat' dir='ltr'>octav.</span> 
     </span>
    </p>
   </div>
   <div class='ocr_carea' id='block_1_6' title="bbox 912 1784 1601 2772">
    <p class='ocr_par' dir='ltr' id='par_1_12' title="bbox 912 1784 1601 2712">
     <span class='ocr_line' id='line_1_58' title="bbox 917 1784 1596 1828; baseline 0 -12"><span class='ocrx_word' id='word_1_307' title='bbox 917 1787 949 1816; x_wconf 90' lang='grc'>4.</span> <span class='ocrx_word' id='word_1_308' title='bbox 966 1791 1111 1828; x_wconf 88' lang='lat' dir='ltr'>apparet.</span> <span class='ocrx_word' id='word_1_309' title='bbox 1159 1784 1294 1828; x_wconf 85' lang='lat' dir='ltr'>Reliqui</span> <span class='ocrx_word' id='word_1_310' title='bbox 1314 1784 1378 1817; x_wconf 87' lang='lat' dir='ltr'>duo</span> <span class='ocrx_word' id='word_1_311' title='bbox 1399 1786 1482 1817; x_wconf 78' lang='lat' dir='ltr'>latus</span> <span class='ocrx_word' id='word_1_312' title='bbox 1498 1785 1596 1817; x_wconf 82' lang='lat' dir='ltr'>medii</span> 
     </span>
     <span class='ocr_line' id='line_1_59' title="bbox 918 1834 1597 1882; baseline 0.003 -17"><span class='ocrx_word' id='word_1_313' title='bbox 918 1842 1018 1878; x_wconf 77' lang='lat' dir='ltr'>tegere</span> <span class='ocrx_word' id='word_1_314' title='bbox 1055 1834 1259 1866; x_wconf 80' lang='lat' dir='ltr'>dicebantur.</span> <span class='ocrx_word' id='word_1_315' title='bbox 1311 1834 1482 1882; x_wconf 55' lang='lat' dir='ltr'>Juveuum4</span> <span class='ocrx_word' id='word_1_316' title='bbox 1514 1835 1597 1867; x_wconf 86' lang='lat' dir='ltr'>inter</span> 
     </span>
     <span class='ocr_line' id='line_1_60' title="bbox 912 1883 1596 1927; baseline 0.001 -12"><span class='ocrx_word' id='word_1_317' title='bbox 912 1884 1063 1926; x_wconf 80' lang='lat' dir='ltr'>juvenes.</span> <span class='ocrx_word' id='word_1_318' title='bbox 1089 1884 1161 1915; x_wconf 77' lang='lat' dir='ltr'>Non</span> <span class='ocrx_word' id='word_1_319' title='bbox 1176 1885 1413 1927; x_wconf 80' lang='lat' dir='ltr'>indignantibus</span> <span class='ocrx_word' id='word_1_320' title='bbox 1424 1886 1505 1925; x_wconf 79' lang='lat' dir='ltr'>ipsis,</span> <span class='ocrx_word' id='word_1_321' title='bbox 1518 1883 1596 1916; x_wconf 86' lang='lat' dir='ltr'>forte</span> 
     </span>
     <span class='ocr_line' id='line_1_61' title="bbox 918 1933 1596 1977; baseline 0.003 -12"><span class='ocrx_word' id='word_1_322' title='bbox 918 1945 973 1976; x_wconf 88' lang='lat' dir='ltr'>per</span> <span class='ocrx_word' id='word_1_323' title='bbox 987 1934 1149 1973; x_wconf 81' lang='grc' dir='ltr'>λιτότητα</span> <span class='ocrx_word' id='word_1_324' title='bbox 1165 1933 1299 1972; x_wconf 88' lang='lat' dir='ltr'>dictum,</span> <span class='ocrx_word' id='word_1_325' title='bbox 1315 1945 1414 1977; x_wconf 89' lang='lat' dir='ltr'>quum</span> <span class='ocrx_word' id='word_1_326' title='bbox 1430 1934 1478 1966; x_wconf 89' lang='lat' dir='ltr'>illi</span> <span class='ocrx_word' id='word_1_327' title='bbox 1494 1935 1596 1967; x_wconf 87' lang='lat' dir='ltr'>liben—</span> 
     </span>
     <span class='ocr_line' id='line_1_62' title="bbox 919 1982 1597 2027; baseline 0.003 -14"><span class='ocrx_word' id='word_1_328' title='bbox 919 1988 966 2015; x_wconf 84' lang='lat' dir='ltr'>ter</span> <span class='ocrx_word' id='word_1_329' title='bbox 981 1983 1013 2014; x_wconf 86' lang='lat' dir='ltr'>id</span> <span class='ocrx_word' id='word_1_330' title='bbox 1031 1982 1156 2015; x_wconf 87' lang='lat' dir='ltr'>honoris</span> <span class='ocrx_word' id='word_1_331' title='bbox 1171 1983 1396 2015; x_wconf 86' lang='lat' dir='ltr'>concederent.</span> <span class='ocrx_word' id='word_1_332' title='bbox 1427 1983 1480 2015; x_wconf 88' lang='lat' dir='ltr'>Sic</span> <span class='ocrx_word' id='word_1_333' title='bbox 1496 1984 1597 2027; x_wconf 84' lang='lat' dir='ltr'>major</span> 
     </span>
     <span class='ocr_line' id='line_1_63' title="bbox 918 2032 1597 2071; baseline 0.001 -7"><span class='ocrx_word' id='word_1_334' title='bbox 918 2039 966 2064; x_wconf 83' lang='lat' dir='ltr'>est</span> <span class='ocrx_word' id='word_1_335' title='bbox 981 2032 1166 2064; x_wconf 87' lang='lat' dir='ltr'>reverentia.</span> <span class='ocrx_word' id='word_1_336' title='bbox 1201 2032 1351 2070; x_wconf 84' lang='lat' dir='ltr'>Interior,</span> <span class='ocrx_word' id='word_1_337' title='bbox 1368 2032 1532 2071; x_wconf 85' lang='lat' dir='ltr'>Horatius,</span> <span class='ocrx_word' id='word_1_338' title='bbox 1547 2033 1597 2065; x_wconf 87' lang='lat'>11.</span> 
     </span>
     <span class='ocr_line' id='line_1_64' title="bbox 918 2082 1598 2116; baseline 0.003 -3"><span class='ocrx_word' id='word_1_339' title='bbox 918 2082 986 2114; x_wconf 85' lang='lat' dir='ltr'>Sat.</span> <span class='ocrx_word' id='word_1_340' title='bbox 1001 2093 1032 2113; x_wconf 91' lang='lat' dir='ltr'>v.</span> <span class='ocrx_word' id='word_1_341' title='bbox 1052 2083 1109 2113; x_wconf 89' lang='lat'>17:</span> <span class='ocrx_word' id='word_1_342' title='bbox 1136 2087 1157 2099; x_wconf 81' lang='lat'>⁴¹</span> <span class='ocrx_word' id='word_1_343' title='bbox 1173 2082 1224 2114; x_wconf 89' lang='lat' dir='ltr'>Ne</span> <span class='ocrx_word' id='word_1_344' title='bbox 1241 2088 1349 2114; x_wconf 82' lang='lat' dir='ltr'>tamen</span> <span class='ocrx_word' id='word_1_345' title='bbox 1364 2082 1412 2114; x_wconf 89' lang='lat' dir='ltr'>illi</span> <span class='ocrx_word' id='word_1_346' title='bbox 1427 2083 1475 2115; x_wconf 91' lang='lat' dir='ltr'>Tu</span> <span class='ocrx_word' id='word_1_347' title='bbox 1491 2093 1598 2116; x_wconf 89' lang='lat' dir='ltr'>comes</span> 
     </span>
     <span class='ocr_line' id='line_1_65' title="bbox 920 2131 1598 2174; baseline 0.004 -12"><span class='ocrx_word' id='word_1_348' title='bbox 920 2131 1067 2168; x_wconf 83' lang='lat' dir='ltr'>exterior,</span> <span class='ocrx_word' id='word_1_349' title='bbox 1083 2131 1111 2162; x_wconf 91' lang='lat' dir='ltr'>si</span> <span class='ocrx_word' id='word_1_350' title='bbox 1126 2131 1277 2174; x_wconf 85' lang='lat' dir='ltr'>postulet,</span> <span class='ocrx_word' id='word_1_351' title='bbox 1293 2131 1337 2163; x_wconf 88' lang='lat' dir='ltr'>ire</span> <span class='ocrx_word' id='word_1_352' title='bbox 1359 2132 1529 2172; x_wconf 88' lang='lat' dir='ltr'>recuses;”</span> <span class='ocrx_word' id='word_1_353' title='bbox 1553 2133 1598 2165; x_wconf 87' lang='lat' dir='ltr'>ibi</span> 
     </span>
     <span class='ocr_line' id='line_1_66' title="bbox 921 2180 1599 2215; baseline 0.004 -3"><span class='ocrx_word' id='word_1_354' title='bbox 921 2180 1100 2212; x_wconf 90' lang='lat' dir='ltr'>Gesnerus:</span> <span class='ocrx_word' id='word_1_355' title='bbox 1127 2186 1147 2198; x_wconf 81' lang='lat'>‘⁸</span> <span class='ocrx_word' id='word_1_356' title='bbox 1165 2181 1301 2213; x_wconf 80' lang='lat' dir='ltr'>Interior</span> <span class='ocrx_word' id='word_1_357' title='bbox 1323 2181 1364 2214; x_wconf 88' lang='lat' dir='ltr'>de</span> <span class='ocrx_word' id='word_1_358' title='bbox 1387 2182 1512 2214; x_wconf 88' lang='lat' dir='ltr'>duobus</span> <span class='ocrx_word' id='word_1_359' title='bbox 1535 2193 1599 2215; x_wconf 86' lang='lat' dir='ltr'>una</span> 
     </span>
     <span class='ocr_line' id='line_1_67' title="bbox 920 2231 1598 2275; baseline 0.004 -13"><span class='ocrx_word' id='word_1_360' title='bbox 920 2231 1070 2263; x_wconf 86' lang='lat' dir='ltr'>euntibus</span> <span class='ocrx_word' id='word_1_361' title='bbox 1086 2236 1146 2268; x_wconf 82' lang='lat' dir='ltr'>est,</span> <span class='ocrx_word' id='word_1_362' title='bbox 1163 2231 1218 2274; x_wconf 90' lang='lat' dir='ltr'>qui</span> <span class='ocrx_word' id='word_1_363' title='bbox 1239 2232 1280 2263; x_wconf 85' lang='lat' dir='ltr'>ad</span> <span class='ocrx_word' id='word_1_364' title='bbox 1299 2231 1454 2275; x_wconf 88' lang='lat' dir='ltr'>parietem</span> <span class='ocrx_word' id='word_1_365' title='bbox 1475 2232 1511 2271; x_wconf 86' lang='lat' dir='ltr'>it,</span> <span class='ocrx_word' id='word_1_366' title='bbox 1530 2233 1598 2265; x_wconf 90' lang='lat' dir='ltr'>sive</span> 
     </span>
     <span class='ocr_line' id='line_1_68' title="bbox 921 2280 1599 2325; baseline 0.006 -15"><span class='ocrx_word' id='word_1_367' title='bbox 921 2280 1043 2318; x_wconf 82' lang='lat' dir='ltr'>dexter,</span> <span class='ocrx_word' id='word_1_368' title='bbox 1059 2281 1125 2313; x_wconf 88' lang='lat' dir='ltr'>sive</span> <span class='ocrx_word' id='word_1_369' title='bbox 1149 2281 1296 2320; x_wconf 88' lang='lat' dir='ltr'>sinister;</span> <span class='ocrx_word' id='word_1_370' title='bbox 1321 2284 1463 2319; x_wconf 66' lang='lat' dir='ltr'>ester-ior,</span> <span class='ocrx_word' id='word_1_371' title='bbox 1478 2281 1535 2325; x_wconf 90' lang='lat' dir='ltr'>qui</span> <span class='ocrx_word' id='word_1_372' title='bbox 1559 2283 1599 2315; x_wconf 88' lang='lat' dir='ltr'>ab</span> 
     </span>
     <span class='ocr_line' id='line_1_69' title="bbox 920 2330 1584 2375; baseline 0.006 -14"><span class='ocrx_word' id='word_1_373' title='bbox 920 2330 977 2363; x_wconf 82' lang='lat' dir='ltr'>illa</span> <span class='ocrx_word' id='word_1_374' title='bbox 992 2331 1144 2363; x_wconf 83' lang='lat' dir='ltr'>exteriore</span> <span class='ocrx_word' id='word_1_375' title='bbox 1161 2337 1261 2374; x_wconf 84' lang='lat' dir='ltr'>parte,</span> <span class='ocrx_word' id='word_1_376' title='bbox 1278 2343 1342 2375; x_wconf 92' lang='lat' dir='ltr'>qua</span> <span class='ocrx_word' id='word_1_377' title='bbox 1357 2343 1420 2364; x_wconf 90' lang='lat' dir='ltr'>non</span> <span class='ocrx_word' id='word_1_378' title='bbox 1435 2332 1480 2364; x_wconf 84' lang='lat' dir='ltr'>ita</span> <span class='ocrx_word' id='word_1_379' title='bbox 1495 2333 1584 2365; x_wconf 88' lang='lat' dir='ltr'>muni</span> 
     </span>
     <span class='ocr_line' id='line_1_70' title="bbox 922 2381 1600 2426; baseline 0.007 -15"><span class='ocrx_word' id='word_1_380' title='bbox 922 2385 973 2411; x_wconf 90' lang='lat' dir='ltr'>tus</span> <span class='ocrx_word' id='word_1_381' title='bbox 999 2386 1057 2418; x_wconf 85' lang='lat' dir='ltr'>est,</span> <span class='ocrx_word' id='word_1_382' title='bbox 1082 2381 1167 2412; x_wconf 85' lang='lat' dir='ltr'>latus</span> <span class='ocrx_word' id='word_1_383' title='bbox 1193 2381 1240 2412; x_wconf 86' lang='lat' dir='ltr'>illi</span> <span class='ocrx_word' id='word_1_384' title='bbox 1263 2381 1387 2414; x_wconf 86' lang='lat' dir='ltr'>claudit</span> <span class='ocrx_word' id='word_1_385' title='bbox 1410 2382 1461 2414; x_wconf 85' lang='lat' dir='ltr'>vel</span> <span class='ocrx_word' id='word_1_386' title='bbox 1485 2383 1600 2426; x_wconf 86' lang='lat' dir='ltr'>tegit.&#39;’</span> 
     </span>
     <span class='ocr_line' id='line_1_71' title="bbox 923 2430 1600 2474; baseline 0.007 -14"><span class='ocrx_word' id='word_1_387' title='bbox 923 2430 1074 2467; x_wconf 80' lang='lat' dir='ltr'>Censura,</span> <span class='ocrx_word' id='word_1_388' title='bbox 1096 2431 1150 2473; x_wconf 84' lang='lat' dir='ltr'>jus</span> <span class='ocrx_word' id='word_1_389' title='bbox 1179 2430 1359 2473; x_wconf 87' lang='lat' dir='ltr'>castigandi</span> <span class='ocrx_word' id='word_1_390' title='bbox 1385 2433 1520 2474; x_wconf 87' lang='lat' dir='ltr'>turpiter</span> <span class='ocrx_word' id='word_1_391' title='bbox 1549 2433 1600 2465; x_wconf 91' lang='lat' dir='ltr'>vel</span> 
     </span>
     <span class='ocr_line' id='line_1_72' title="bbox 922 2480 1599 2525; baseline 0.006 -14"><span class='ocrx_word' id='word_1_392' title='bbox 922 2481 1100 2523; x_wconf 87' lang='lat' dir='ltr'>loquentes,</span> <span class='ocrx_word' id='word_1_393' title='bbox 1124 2480 1174 2512; x_wconf 90' lang='lat' dir='ltr'>vel</span> <span class='ocrx_word' id='word_1_394' title='bbox 1199 2488 1330 2524; x_wconf 86' lang='lat' dir='ltr'>agentes</span> <span class='ocrx_word' id='word_1_395' title='bbox 1353 2491 1426 2513; x_wconf 89' lang='lat' dir='ltr'>curn</span> <span class='ocrx_word' id='word_1_396' title='bbox 1453 2489 1599 2525; x_wconf 85' lang='lat' dir='ltr'>respectu</span> 
     </span>
     <span class='ocr_line' id='line_1_73' title="bbox 923 2530 1601 2575; baseline 0.004 -14"><span class='ocrx_word' id='word_1_397' title='bbox 923 2536 1030 2562; x_wconf 86' lang='lat' dir='ltr'>tamen</span> <span class='ocrx_word' id='word_1_398' title='bbox 1059 2531 1100 2562; x_wconf 91' lang='lat' dir='ltr'>ad</span> <span class='ocrx_word' id='word_1_399' title='bbox 1131 2530 1270 2563; x_wconf 81' lang='lat' dir='ltr'>censoris</span> <span class='ocrx_word' id='word_1_400' title='bbox 1302 2542 1431 2564; x_wconf 89' lang='lat' dir='ltr'>munus.</span> <span class='ocrx_word' id='word_1_401' title='bbox 1487 2533 1601 2575; x_wconf 87' lang='lat' dir='ltr'>Longa</span> 
     </span>
     <span class='ocr_line' id='line_1_74' title="bbox 923 2575 1600 2624; baseline 0.003 -13"><span class='ocrx_word' id='word_1_402' title='bbox 923 2586 1052 2612; x_wconf 86' lang='lat' dir='ltr'>senecta</span> <span class='ocrx_word' id='word_1_403' title='bbox 1068 2575 1227 2623; x_wconf 75' lang='lat' dir='ltr'>quemque</span> <span class='ocrx_word' id='word_1_404' title='bbox 1248 2579 1407 2613; x_wconf 62' lang='lat' dir='ltr'>‘reddebat</span> <span class='ocrx_word' id='word_1_405' title='bbox 1427 2581 1519 2624; x_wconf 78' lang='lat' dir='ltr'>quasi</span> <span class='ocrx_word' id='word_1_406' title='bbox 1533 2593 1600 2614; x_wconf 90' lang='lat' dir='ltr'>mo-</span> 
     </span>
     <span class='ocr_line' id='line_1_75' title="bbox 922 2630 1600 2672; baseline 0.004 -12"><span class='ocrx_word' id='word_1_407' title='bbox 922 2641 992 2661; x_wconf 88' lang='lat' dir='ltr'>rum</span> <span class='ocrx_word' id='word_1_408' title='bbox 1005 2630 1190 2672; x_wconf 80' lang='lat' dir='ltr'>magistrum</span> <span class='ocrx_word' id='word_1_409' title='bbox 1203 2642 1212 2670; x_wconf 87' lang='lat'>;</span> <span class='ocrx_word' id='word_1_410' title='bbox 1230 2631 1313 2663; x_wconf 84' lang='lat' dir='ltr'>conf.</span> <span class='ocrx_word' id='word_1_411' title='bbox 1325 2631 1491 2664; x_wconf 88' lang='lat' dir='ltr'>Plutarchi</span> <span class='ocrx_word' id='word_1_412' title='bbox 1503 2631 1600 2664; x_wconf 87' lang='lat' dir='ltr'>Insti-</span> 
     </span>
     <span class='ocr_line' id='line_1_76' title="bbox 922 2679 1289 2712; baseline 0.005 -2"><span class='ocrx_word' id='word_1_413' title='bbox 922 2684 982 2710; x_wconf 87' lang='lat' dir='ltr'>tut.</span> <span class='ocrx_word' id='word_1_414' title='bbox 999 2679 1116 2711; x_wconf 87' lang='lat' dir='ltr'>Lacon.</span> <span class='ocrx_word' id='word_1_415' title='bbox 1131 2691 1156 2711; x_wconf 74' lang='lat' dir='ltr'>s·</span> <span class='ocrx_word' id='word_1_416' title='bbox 1173 2681 1192 2711; x_wconf 89' lang='lat'><strong>3</strong></span> <span class='ocrx_word' id='word_1_417' title='bbox 1209 2686 1241 2711; x_wconf 85' lang='lat' dir='ltr'>et</span> <span class='ocrx_word' id='word_1_418' title='bbox 1258 2681 1289 2712; x_wconf 83' lang='lat'>4.</span> 
     </span>
    </p>

    <p class='ocr_par' dir='ltr' id='par_1_13' title="bbox 967 2729 1599 2772">
     <span class='ocr_line' id='line_1_77' title="bbox 967 2729 1599 2772; baseline 0.003 -12"><span class='ocrx_word' id='word_1_419' title='bbox 967 2729 1018 2761; x_wconf 83' lang='lat'>71.</span> <span class='ocrx_word' id='word_1_420' title='bbox 1054 2729 1182 2767; x_wconf 77' lang='lat' dir='ltr'>Selecta,</span> <span class='ocrx_word' id='word_1_421' title='bbox 1212 2729 1407 2772; x_wconf 82' lang='lat' dir='ltr'>praestantia.</span> <span class='ocrx_word' id='word_1_422' title='bbox 1456 2731 1599 2768; x_wconf 81' lang='lat' dir='ltr'>Pectora,</span> 
     </span>
    </p>
   </div>
   <div class='ocr_carea' id='block_1_7' title="bbox 1774 1681 1809 2123">
    <p class='ocr_par' dir='ltr' id='par_1_14' title="bbox 1774 1681 1809 2123">
     <span class='ocr_line' id='line_1_78' title="bbox 1774 1681 1809 2123; baseline 0 1097"><span class='ocrx_word' id='word_1_423' title='bbox 1774 1681 1809 2123; x_wconf 95' lang='lat' dir='ltr'> </span> 
     </span>
    </p>
   </div>
  </div>
 </body>
</html>
