1809 3220
180 145 266 187 :362
726 144 1074 187 EXCURSUS

243 262 535 304 Peculiarium
566 268 712 303 autem
744 262 947 304 librorum
977 263 1077 304 data
1105 277 1235 317 opera
1262 263 1301 302 in
1330 262 1450 304 fastis
1476 261 1612 316 expli-

183 332 331 374 candis
367 331 633 373 versantium
667 331 812 386 plures
845 336 1044 372 auctores
1076 331 1296 380 habemus,
1323 345 1506 386 quorum
1539 344 1612 372 no-

181 402 319 443 titiam
356 401 598 456 praesertim
633 400 856 442 Macrobio
893 407 938 442 et
970 401 1103 442 Festo
1141 402 1422 450 debebamus,
1458 400 1614 456 quibus

184 486 296 512 nunc
336 471 599 512 Laurentius
642 470 790 526 Lydus
833 471 1017 512 accedit.
1089 471 1264 527 Agmen
1303 486 1466 519 eorum,
1506 484 1614 525 quos

180 541 388 589 novimus,
412 541 532 581 ducit
562 555 717 581 nomen
748 539 790 580 in
821 539 1032 581 historicis
1063 548 1107 582 et
1136 541 1388 596 antiquariis
1415 540 1608 582 celeber-

182 610 334 651 rimum
365 609 540 652 Cincius
563 610 834 657 Alimentus,·
866 617 964 665 post
986 625 1082 652 eum
1108 626 1222 666 saepe
1247 611 1447 652 laudatur
1468 611 1511 652 in
1535 610 1612 652 hoc

181 679 312 720 etiam
338 694 514 734 genere,
542 680 770 721 Illasurius
795 680 996 728 Sabinus,
1021 680 1327 722 celeberrimus
1358 680 1428 722 ille
1454 679 1614 729 JCtus‚

183 755 228 790 et
253 764 351 804 quae
382 750 606 804 utriusque
638 750 858 804 scriptoris
889 756 1066 791 exstant
1096 751 1353 806 fragmenta,
1380 757 1469 792 tum
1497 750 1612 806 quod

182 818 235 859 ad
269 818 477 860 Ovidium
508 819 746 860 arctissime
777 820 1012 874 pertinent,
1047 827 1136 861 tum
1172 821 1224 861 ob
1249 821 1403 876 judicii
1429 835 1611 862 acumen

182 894 227 928 et
248 888 439 930 criticam
464 890 505 931 in
531 889 748 931 veteribus
774 889 1003 937 insolitam,
1031 896 1119 931 tum
1143 891 1196 931 ob
1220 890 1489 945 antiquitatis
1512 890 1611 932 doc-

182 958 349 1006 trinam,
368 959 521 1000 merito
540 959 804 1000 desiderium
822 959 971 1000 horum
990 959 1194 1001 librorum
1215 960 1425 1015 injiciunt.
1472 959 1608 1009 Fasti,

183 1042 291 1082 quos
337 1029 390 1070 L.
421 1028 595 1070 Cincius
641 1029 884 1070 Alimentus
932 1029 1200 1077 condiderat,
1251 1030 1376 1071 Fabii
1426 1029 1611 1071 Pictoris

183 1098 359 1153 aequalis
390 1085 494 1150 (rid.
519 1098 647 1140 Voss.
680 1099 733 1140 de
764 1098 861 1140 hist.
894 1099 1075 1147 Latinis,
1101 1115 1142 1154 p.
1166 1100 1258 1149 25.)
1287 1115 1310 1141 a
1343 1100 1467 1141 Livio
1494 1114 1611 1155 saepe

180 1166 396 1216 laudatus,
432 1174 476 1208 et
514 1183 680 1224 magnae
714 1169 830 1223 apud
863 1183 961 1209 eum
995 1170 1262 1211 auctoritatis
1297 1169 1535 1224 praesertim
1569 1170 1611 1211 in

182 1238 309 1279 rebus
341 1238 593 1294 antiquariis
630 1246 683 1293 (⁶⁶
713 1239 926 1280 maximus
961 1247 1110 1280 auctor
1128 1240 1148 1254 '’
1182 1246 1227 1281 et
1261 1240 1385 1281 alibi:
1424 1239 1610 1296 diligens

182 1307 335 1349 talium
365 1315 740 1350 monumentorum
768 1314 932 1357 auctor,
959 1309 1031 1349 ubi
1057 1310 1111 1350 de
1138 1325 1249 1351 more
1272 1309 1611 1351 Volsiniensium

180 1377 353 1419 solemni
386 1392 526 1420 sermo
565 1380 649 1428 est)
686 1384 784 1433 post
821 1377 1092 1419 Macrobium
1127 1379 1172 1432 (i.
1212 1378 1280 1420 112.
1315 1386 1360 1419 et
1395 1379 1532 1429 alibi,)
1567 1385 1612 1421 et

185 1445 368 1488 Festum
399 1447 505 1501 (vid.
535 1447 632 1489 Iud.
668 1448 710 1489 in
743 1448 813 1490 ed.
847 1448 1125 1499 Dacieriana)
1154 1464 1179 1490 a
1209 1449 1332 1505 Lydo
1358 1450 1611 1500 recitantur,

184 1515 257 1557 ubi
286 1516 393 1558 liber
418 1519 493 1570 περὶ
522 1522 642 1571 ἑορτῶν
673 1532 757 1559 non
788 1524 932 1572 potest
960 1533 1044 1560 non
1074 1519 1189 1560 idem
1216 1534 1326 1561 esse.
1361 1519 1544 1574 (LyduS,
1568 1535 1610 1576 p.

182 1584 240 1626 90
273 1592 318 1627 et
352 1586 471 1635 125.)
510 1587 655 1628 Effata
691 1587 785 1643 ejus
829 1589 1099 1644 antiquitatis
1137 1596 1182 1630 et
1223 1590 1381 1646 linguae
1420 1591 1612 1634 criticam

184 1655 409 1697 scientiam
439 1663 484 1697 et
507 1656 722 1711 judicium
751 1657 977 1699 subactum
1008 1659 1209 1713 produnt,
1239 1666 1284 1700 et
1316 1659 1478 1710 multae,
1504 1676 1612 1717 quas

185 1724 370 1767 Ovidius
400 1725 579 1768 exhibet
608 1728 845 1769 sententias
876 1728 918 1769 in
947 1743 993 1770 re
1022 1744 1099 1770 sua
1126 1729 1392 1777 illustranda.
1417 1731 1470 1772 ad
1497 1730 1611 1773 hunc

184 1793 425 1836 reserendae
459 1810 553 1837 esse
582 1796 795 1838 videntur.
863 1796 933 1838 Ita
959 1799 1072 1853 apud
1104 1799 1297 1842 Macrob.
1326 1800 1352 1842 l.
1381 1816 1418 1842 c.
1446 1800 1611 1856 Aprilis

183 1864 341 1905 mensis
373 1878 398 1905 a
430 1864 605 1907 Venere
635 1866 963 1916 derivationem,
996 1869 1158 1924 quippe
1189 1869 1348 1924 linguae
1376 1870 1614 1914 rationibus

184 1934 439 1976 contrariam
477 1936 546 1977 vel
583 1935 691 1977 hanc
729 1937 782 1978 ob
816 1952 1004 1987 causam,
1039 1940 1155 1993 quod
1189 1939 1376 1982 Veneris
1407 1955 1487 1982 nec
1521 1940 1610 1984 Ro-

183 2016 356 2044 manum
378 2019 457 2045 nec
484 2004 689 2047 Graecum
717 2021 872 2048 nomen
898 2022 1050 2063 regum
1072 2015 1266 2064 tempore
1290 2016 1438 2052 notum
1461 2010 1610 2061 fuisse,

184 2079 229 2113 et
257 2072 300 2114 in
330 2074 518 2116 carmine
552 2075 706 2117 Saliari
740 2077 923 2118 inveniri
955 2078 1114 2127 scribit,
1146 2079 1324 2135 egregie
1357 2095 1461 2122 sane
1496 2081 1610 2123 refu-

184 2141 305 2190 tavit,
340 2157 464 2198 aeque
500 2159 549 2186 ac
591 2145 701 2186 Maii
737 2152 782 2187 et
817 2146 940 2188 Junii
978 2162 1002 2188 a
1039 2148 1270 2203 majoribus
1302 2149 1610 2205 etjunioribus

184 2211 496 2266 explicationes
517 2215 728 2271 vulgareS,
749 2217 931 2259 alterum
957 2232 981 2258 a
1004 2217 1125 2259 Maia
1142 2218 1238 2267 dea,
1257 2218 1454 2269 alterum,
1476 2234 1610 2276 quum

184 2286 229 2321 et
267 2282 504 2336 antiquitus
541 2290 586 2325 et
619 2300 696 2326 suo
732 2293 927 2341 tempore
964 2286 1067 2328 alibi
1106 2287 1323 2330 ,Iunonius
1366 2289 1548 2339 dicatur,
1586 2306 1612 2333 a

179 2350 354 2393 Junone
388 2352 550 2394 dictum
588 2369 683 2396 esse
718 2370 900 2398 censens
933 2357 1025 2411 (ubi
1059 2357 1258 2407 Ovidius,
1298 2358 1416 2401 Fast.
1449 2360 1506 2402 vi.
1533 2360 1608 2404 61.

183 2434 284 2460 eum
306 2420 421 2463 haud
443 2422 572 2465 dubie
595 2426 824 2479 respexit.)
885 2426 993 2468 Post
1015 2427 1127 2469 hunc
1146 2427 1397 2471 Macrobius
1417 2430 1612 2473 Masurii

182 2489 334 2531 Sabim·
355 2494 684 2535 commentarios
710 2494 902 2549 inprimis
932 2497 1092 2545 laudat,
1117 2497 1301 2540 celebris
1330 2499 1409 2541 sub
1431 2499 1607 2543 Tiberio

181 2558 504 2611 Jurisconsulti,
526 2561 648 2604 Ateii
670 2562 894 2619 Capitonis
923 2567 1109 2608 adseclae
1136 2573 1180 2609 et
1205 2574 1337 2609 sectae
1361 2569 1607 2612 Sabinianae

182 2630 367 2670 auctoris
403 2631 510 2686 [vid.
547 2631 598 2673 fr.
631 2632 674 2674 ii.
707 2640 813 2675 sect.
845 2633 916 2676 48.
955 2635 1124 2690 Digest.
1161 2637 1208 2690 (i.
1238 2638 1332 2691 2.)]
1369 2639 1443 2694 qui
1475 2639 1546 2680 vel
1582 2654 1606 2680 e

183 2697 335 2740 Persio
363 2706 486 2742 notus
512 2707 602 2743 est:
636 2701 728 2743 Sat.
758 2719 797 2744 v.
824 2703 897 2745 90.
921 2705 1097 2747 Masuri
1121 2706 1297 2748 rubrica
1320 2714 1454 2749 vetat.
1517 2707 1607 2750 Alii
