1830 3220
632 197 1064 240 CONSOLATIO.

1476 195 1563 236 439

135 311 156 359 Ι
185 330 336 372 nunc,
366 323 434 372 et,
463 317 615 364 rebus
641 324 783 364 tanta
808 315 1138 380 impendente
1162 314 1322 371 ruina,

203 391 263 440 In
291 401 340 442 te
365 395 525 442 solam
552 395 726 443 oculos
753 402 804 443 et
830 402 916 443 tua
938 395 1126 442 damna
1151 393 1296 442 refer.

134 469 396 520 Maximus
422 473 504 520 ille
525 474 733 537 quidem
749 475 1011 538 juvenum,
1035 489 1151 538 spes
1178 472 1386 538 publica
1405 470 1558 529 vixit;

204 548 287 608 Et,
317 567 419 615 qua
445 560 593 600 natus
615 560 740 609 erat,
769 553 926 617 gloria
953 568 1152 600 summa
1177 551 1376 599 domus.

1463 551 1561 596 366

134 637 237 686 Sed
265 641 488 689 mortalis
515 650 650 697 erat;
694 657 787 689 nec
815 649 870 688 tu
898 657 1080 690 secura
1104 640 1261 697 fuisti,

200 717 371 767 Fortia
397 721 638 785 progenie
666 721 800 768 bella
826 729 1034 784 gerente
1062 727 1166 768 tua.

134 795 256 845 Vita
277 797 397 846 data
423 806 502 847 est
529 799 747 847 utenda:
780 799 900 846 data
926 806 1005 846 est
1031 799 1138 846 sine
1165 797 1357 845 foenore
1384 796 1530 844 nobis

205 875 403 935 Mutua,
433 895 525 927 nec
553 892 693 927 certa
719 878 1059 944 persoluenda
1084 878 1184 925 die.

1460 879 1560 924 370

134 953 358 1005 Fortuna
383 958 602 1006 arbitriis
630 966 834 1022 tempus
861 958 1128 1022 dispensat
1155 956 1364 1019 ubique.

204 1033 300 1083 Illa
324 1036 456 1101 rapit
474 1038 717 1101 juvenes:
761 1036 982 1084 sustinet
1007 1036 1092 1084 illa
1118 1051 1285 1084 senes.

136 1111 353 1178 Quaque
380 1115 496 1172 ruit,
523 1115 796 1163 furibunda
820 1115 946 1172 ruit3
978 1122 1247 1177 totumque
1274 1129 1364 1178 per
1388 1112 1562 1160 orbem

205 1192 477 1253 Fulminat,
502 1202 555 1242 et
579 1194 730 1243 caecis
757 1210 895 1242 caeca
922 1192 1203 1258 triumphat
1229 1192 1393 1256 equis.

130 1401 164 1427 et
186 1396 326 1440 accipias
347 1397 387 1429 de
409 1397 627 1440 Philosophis‚
647 1399 694 1430 vel
712 1398 816 1440 Sibyl-

132 1445 206 1477 linis
222 1447 370 1485 oraculis,
390 1459 461 1490 quae
486 1450 638 1480 intentam
662 1449 741 1479 hanc
765 1460 816 1479 ue-

132 1507 194 1527 cem
218 1499 336 1538 triplici
360 1500 454 1539 aperi,
476 1498 507 1529 id
531 1505 590 1535 est,
611 1498 706 1536 coelo,
728 1499 817 1530 terris

131 1551 163 1578 et
207 1547 300 1584 freto,
340 1551 605 1580 vaticinabantur.
660 1549 816 1592 Respexit

131 1597 250 1630 Noster
271 1599 312 1630 ad
328 1599 525 1637 Lucretium,
543 1611 571 1631 v.
588 1601 650 1632 95:
679 1604 698 1617 “
724 1600 816 1631 l'rin-

133 1647 227 1691 cipio,
245 1650 346 1681 maria
371 1661 407 1681 ac
433 1656 532 1682 terras
557 1650 742 1692 coelumque
766 1656 815 1682 tu-

133 1709 204 1730 ere:
243 1699 365 1731 Horum
392 1706 536 1732 naturam
563 1702 727 1741 triplicem,
755 1703 817 1733 tria

135 1760 277 1792 corpora,
305 1750 452 1788 Memmi,
487 1751 558 1782 Tres
592 1751 714 1793 species
750 1758 815 1783 tarn

133 1798 314 1837 dissimiles,
345 1802 408 1831 tria
434 1800 511 1832 talia
537 1806 624 1832 texta
650 1801 724 1832 Una
750 1801 817 1833 dies

134 1850 220 1881 dabit
242 1851 367 1882 exitio.”
416 1851 532 1893 Neque
557 1850 637 1882 illud
663 1862 725 1882 non
749 1852 816 1882 ani-

134 1899 353 1933 madversione
374 1901 518 1944 dignum,
535 1901 618 1944 quod
636 1913 744 1933 versus
763 1902 816 1934 ille

133 1962 346 1994 casurumque,
361 1957 422 1984 etc.
436 1952 567 1983 totidem
582 1953 687 1984 verbis
706 1963 816 1985 occur-

134 2007 184 2033 rat
204 2013 384 2045 expressus,
398 2003 493 2034 Trist.
514 2003 546 2034 ii.
573 2004 648 2034 426.
694 2005 816 2035 Secun-

135 2052 212 2084 dum
229 2059 336 2085 autem
354 2054 438 2086 hunc
453 2054 548 2086 Trist.
562 2054 677 2085 librum
693 2060 819 2085 constat

135 2103 297 2147 scripsisse
320 2105 487 2141 Ovidium,
512 2111 545 2136 et
568 2105 608 2136 ad
633 2105 818 2147 Augustum

138 2154 273 2193 misisse,
289 2155 397 2187 statim
420 2162 455 2187 ut
475 2156 507 2187 in
523 2156 661 2187 Pontum
678 2155 817 2188 advene-

137 2205 188 2243 rit,
208 2206 338 2238 ineunte
362 2207 486 2238 scilicet
510 2206 636 2238 decimo
659 2217 678 2238 a
702 2206 822 2238 Christi

136 2256 305 2289 nativitate
340 2268 437 2289 anno.
485 2258 593 2296 Quum
623 2267 696 2288 vero
725 2257 823 2289 Drusi

140 2318 223 2339 mors
245 2307 279 2340 in
300 2319 420 2340 annum
440 2308 675 2352 praecedentem
698 2307 820 2340 incide-

138 2358 190 2395 rit,
216 2358 346 2390 minime
375 2359 478 2402 potuit
505 2358 738 2395 Albinovanus,
766 2369 821 2389 seu

140 2409 245 2452 quivis
265 2414 375 2440 auctor
391 2409 472 2441 alius
487 2409 581 2452 hujus
596 2408 731 2451 Elegiae,
753 2419 821 2440 ver-

141 2470 211 2492 sum
233 2459 318 2490 hunc
335 2458 452 2491 Ovidio
473 2460 648 2502 surripere3
673 2469 732 2490 nec
752 2469 820 2501 pro—

141 2509 250 2542 babile
272 2510 374 2552 magis
397 2520 527 2541 carmen
547 2510 587 2542 de
607 2515 708 2541 morte
725 2509 823 2541 Drusi

142 2566 209 2592 tam
239 2559 303 2592 cito
333 2559 373 2592 ad
401 2559 554 2592 Ovidium
580 2560 613 2592 in
642 2560 738 2592 exilio
766 2571 823 2591 suo

140 2610 335 2654 pervenisse.
387 2610 557 2647 Praeterea,
601 2609 673 2652 quis
716 2608 825 2640 credat

141 2667 270 2704 poetam
299 2660 441 2692 omnium
469 2660 674 2697 uberrimum,
702 2670 739 2691 eo
767 2670 824 2702 pe·

143 2711 242 2742 nuriae
279 2709 383 2742 subito
412 2710 591 2748 devenisse,
621 2716 657 2741 ut
684 2709 823 2741 alienum

143 2761 230 2793 hunc
244 2761 276 2792 in
291 2772 349 2793 sua
364 2761 542 2805 reciperet?
587 2760 652 2799 Qui
668 2771 702 2791 se
719 2760 824 2803 ipsum

143 2811 248 2849 toties,
264 2822 320 2843 cur
335 2811 432 2843 alium
448 2810 500 2842 hic
515 2810 739 2854 compilasset?

932 1398 1006 1429 364.
1034 1397 1072 1428 In
1090 1403 1118 1428 te
1133 1398 1226 1428 solum
1247 1398 1359 1432 oculus,
1378 1395 1458 1437 etc.]
1486 1398 1566 1434 Quae

885 1448 927 1479 sis
947 1447 1027 1490 ipsa,
1044 1454 1076 1479 et
1102 1458 1196 1489 quem
1222 1446 1364 1478 amiseris
1385 1446 1568 1478 considera:

887 1501 1034 1529 mazimns
1058 1499 1110 1528 ille
1132 1499 1263 1539 quidem,
1287 1503 1375 1534 etc.;
1411 1497 1467 1528 sed
1491 1508 1570 1529 mor-

886 1551 956 1580 talis
971 1555 1059 1588 erat3
1084 1554 1115 1580 et
1131 1559 1228 1590 quum
1255 1558 1293 1578 ea
1315 1547 1354 1578 sit
1375 1558 1476 1578 rerum
1500 1559 1568 1580 om-

888 1601 975 1630 nium
997 1598 1149 1635 conditio,
1165 1605 1200 1630 ut
1220 1598 1388 1634 intereant,
1406 1608 1443 1628 eo
1464 1597 1570 1630 minus

886 1662 992 1682 secura
1009 1649 1106 1686 fuisti,
1123 1659 1186 1691 quo
1210 1659 1268 1679 sua
1284 1648 1427 1679 Drusum
1450 1647 1482 1679 in
1503 1659 1572 1680 cer-

887 1701 950 1732 tius
965 1700 1142 1743 periculum
1158 1699 1258 1730 virtus
1274 1698 1468 1730 immitteret.
1510 1700 1572 1731 Po-

886 1757 970 1782 etam
994 1750 1044 1781 hic
1068 1749 1172 1781 rhetor
1193 1748 1277 1780 male
1298 1754 1445 1791 occupat,
1462 1754 1494 1780 et
1514 1750 1571 1781 Se-

888 1811 998 1832 necam
1030 1799 1144 1842 magi-³,
1172 1809 1268 1841 quam
1296 1799 1458 1830 Nasonem
1482 1799 1570 1841 agit;

887 1851 942 1883 sed
973 1851 1042 1893 ipsa
1072 1851 1141 1881 haec
1171 1850 1337 1881 verborum
1368 1848 1572 1892 intemperies

888 1901 1040 1933 Ovidium
1080 1900 1208 1942 arguit3
1249 1900 1303 1942 qui
1342 1898 1375 1930 in
1410 1905 1572 1941 patentem

887 1952 967 1984 adeo
983 1950 1159 1983 adulationi
1179 1961 1328 1992 campum
1343 1949 1441 1981 semel
1458 1960 1575 1993 exspa-

888 2002 996 2039 tiatus,
1013 2013 1075 2033 non
1091 2007 1158 2033 erat
1174 2001 1200 2032 is
1216 2000 1271 2043 qui
1284 2006 1367 2031 stare
1384 2006 1501 2042 posset,
1517 2000 1572 2031 ubi

888 2053 1062 2084 sistendum
1079 2058 1165 2084 recto
1177 2050 1300 2095 judicio
1316 2050 1465 2093 oportuit.

934 2104 1009 2135 369.
1036 2103 1106 2134 Vita
1128 2104 1203 2133 duca
1231 2108 1284 2138 est,
1302 2101 1382 2142 etc.]
1410 2102 1458 2132 Ex
1475 2101 1570 2133 Cice-

889 2164 975 2190 rone,
992 2153 1046 2196 qui
1062 2152 1194 2184 Tuscul.
1214 2153 1226 2181 l
1248 2164 1254 2182 ;
1281 2155 1302 2168 “
1319 2151 1365 2182 At
1385 2161 1424 2182 ea
1440 2151 1571 2194 quidem

891 2204 1042 2247 (natura)
1063 2203 1152 2235 dedit
1167 2213 1296 2234 usuram
1313 2201 1573 2244 vitae‚tamquam

891 2254 1049 2298 pecuniae,
1067 2253 1155 2284 nulla
1177 2252 1357 2295 praestituta
1373 2251 1460 2283 die.”
1508 2252 1574 2283 Lu-

891 2312 970 2337 cret.
1010 2315 1150 2347 quoque,
1189 2303 1234 2334 iii.
1263 2303 1348 2334 984:
1390 2307 1413 2320 “
1430 2302 1573 2345 Vitaque

891 2355 1051 2399 mancipio
1064 2354 1144 2386 nulli
1161 2354 1267 2390 datur,
1284 2352 1431 2385 omnibus
1447 2354 1542 2385 usu.''

935 2407 1011 2439 372.
1021 2406 1158 2438 Sustinet
1172 2406 1228 2436 illa
1239 2404 1350 2446 senes]
1365 2405 1493 2436 Frustra
1503 2405 1572 2437 vul-

891 2464 1001 2500 gatam
1020 2457 1149 2489 sustulit
1174 2461 1281 2487 tuetur
1305 2454 1458 2496 Scaliger,
1478 2466 1574 2498 quem

892 2520 952 2540 non
971 2507 1095 2551 cepisse
1112 2507 1227 2538 mirum
1248 2512 1307 2543 est,
1322 2516 1359 2537 eo
1373 2516 1466 2537 sensu
1481 2509 1573 2538 susti-

892 2571 965 2592 nere
985 2559 1036 2591 hic
1061 2557 1296 2602 accipiendum,
1312 2567 1375 2599 quo
1390 2555 1423 2587 in
1439 2556 1574 2599 Epistol.

893 2611 915 2642 i.
943 2612 1026 2641 114:
1063 2615 1083 2627 “
1102 2608 1243 2651 Respice
1267 2608 1426 2646 Laerten3
1451 2612 1486 2638 ut
1503 2607 1572 2650 jam

893 2672 952 2694 sua.
981 2660 1104 2693 lumina
1130 2658 1263 2696 condas,
1300 2658 1486 2689 Extremum
1516 2658 1573 2689 fati

893 2714 1022 2743 sustinet
1036 2710 1091 2743 ille
1107 2709 1231 2741 diem.''
1276 2707 1339 2740 Ubi
1355 2718 1422 2750 pro,
1438 2707 1471 2738 in
1487 2707 1575 2739 aliud

894 2768 1021 2805 tempus
1045 2760 1169 2804 differri
1191 2764 1332 2802 exoptat,
1356 2768 1433 2790 sane
1456 2763 1504 2790 est
1525 2757 1574 2789 in—

897 2812 1118 2855 telligendum.
