1830 3220
618 148 970 191 FASTORUM
1004 150 1125 192 LIB.
1151 151 1187 192 I.
1555 156 1610 196 41

187 265 455 331 Puppibus
481 282 717 329 egressus
746 265 890 314 Latia
914 267 1056 314 stetit
1081 269 1228 316 exsul
1255 269 1305 316 in
1330 269 1503 319 herba.

257 343 418 402 Felix,
446 344 683 392 exsilium
709 344 790 392 cui
815 345 957 393 locus
984 346 1067 393 ille
1093 346 1211 394 fuit!

1512 352 1611 397 540

188 421 298 470 Nec
341 439 480 470 mora
521 422 674 486 longa
714 422 836 472 fuit:
889 425 1094 472 stabant
1135 442 1265 474 nova
1302 433 1467 486 tecta3
1516 445 1609 476 nec

389 501 516 549 alter

256 577 519 626 Montibus
546 578 786 627 Ausoniis
811 579 1011 628 Arcade
1032 583 1192 645 major
1211 591 1335 631 erat.

185 654 322 704 Ecce
348 657 503 705 boves
529 657 647 705 illuc
676 657 983 721 Erytheidas
1010 659 1237 723 applicat
1261 661 1409 709 heros

254 734 508 783 Emensus
534 736 669 799 longi
696 735 917 799 claviger
942 737 1076 784 orbis
1103 738 1213 786 iter.

1511 744 1608 788 544

185 812 425 878 Dumque
445 815 562 862 huic
584 814 862 879 hospitium
878 815 1059 863 domus
1077 823 1156 863 est
1171 815 1405 881 Tegeaea,
1424 835 1609 882 vagan-

256 891 584 940 [ncustoditae
611 893 715 940 lata
740 909 830 957 per
856 909 974 941 arva
999 894 1172 942 boves.

1505 899 1610 961 [tur

184 970 341 1019 Mane
368 980 502 1021 erat:
544 989 793 1021 excussus
821 989 997 1020 somno
1024 972 1321 1037 Tirynthius
1348 974 1534 1039 hospes

254 1050 333 1099 De
359 1068 569 1099 numero
594 1059 765 1100 tauros
792 1052 946 1100 sentit
971 1053 1151 1100 abesse
1176 1053 1321 1101 duos.

185 1128 343 1177 Nulla
366 1131 503 1178 videt
527 1130 670 1178 taciti
697 1146 931 1194 quaerens
957 1130 1172 1194 vestigia
1196 1131 1314 1179 furti
1334 1149 1343 1180 :

251 1207 500 1258 Traxerat
525 1226 727 1258 aversos
755 1209 926 1257 Cacus
954 1210 1004 1256 in
1032 1217 1177 1257 antra
1201 1209 1360 1267 feros;

228 1397 304 1429 540.
320 1396 484 1429 Gemitum
501 1396 598 1434 hunc,
615 1401 650 1428 ut
665 1397 743 1428 alios
754 1395 786 1428 in
803 1395 861 1427 hoc

183 1457 289 1489 opere,
319 1446 437 1478 Ovidio
465 1446 618 1489 expressit
648 1446 734 1478 haud
765 1446 862 1478 dubie

183 1497 284 1541 ipsius
304 1497 463 1529 exsilium.
509 1498 562 1528 De
580 1499 662 1529 novis
677 1496 742 1528 illis
765 1499 861 1534 tectis,

184 1548 256 1579 vide
284 1548 324 1579 ad
352 1559 418 1579 ver.
439 1549 515 1579 515.
562 1548 600 1578 Ei
627 1547 778 1590 oppidulo
797 1547 862 1579 sive

182 1597 252 1629 vico
275 1597 424 1629 Evander
452 1607 567 1628 nomen
592 1597 683 1628 dedit
706 1596 862 1628 Pallantii

181 1647 216 1679 in
242 1648 426 1679 memoriam
450 1647 564 1678 veteris
589 1646 714 1690 patriae.
761 1648 862 1683 Alter,

185 1698 278 1730 alius.
309 1698 380 1729 Nec
396 1698 479 1730 alius
492 1697 525 1728 in
538 1698 699 1729 montibus
713 1697 865 1729 Ausoniis

185 1749 282 1791 major
321 1753 389 1779 erat
419 1747 568 1779 Evandro
600 1747 740 1779 Arcade.
797 1747 863 1779 Alii

183 1799 268 1830 male
298 1797 428 1829 Arcada
457 1804 596 1829 montem
625 1797 800 1840 explicant,
830 1798 863 1829 in

184 1859 248 1891 quo
267 1849 334 1891 jam
357 1848 453 1879 suerit
468 1848 581 1879 Arcas.
626 1850 764 1879 Ausonia
779 1858 863 1890 saepe

184 1910 258 1942 pars
274 1899 378 1930 Italiae
395 1909 444 1935 ea,
457 1898 509 1930 cui
523 1904 634 1941 postea
648 1898 733 1930 Latii
749 1909 863 1930 nomen

186 1950 291 1981 haesit.
330 1949 416 1981 Vide
432 1949 472 1980 ad
490 1960 557 1981 ver.
572 1951 625 1981 55.

228 2001 305 2031 543.
328 2000 380 2030 De
401 2000 548 2031 Herculis
575 2001 711 2031 adventu
734 2000 817 2031 conf.
834 2012 863 2031 v.

185 2050 271 2088 6433
304 2049 443 2091 Dionys.
469 2049 579 2080 Halic.
604 2049 632 2080 1.
657 2050 768 2081 xxxiv.
795 2051 861 2088 393

185 2100 257 2131 Liv.
274 2099 296 2131 i.
317 2101 349 2131 7.
397 2100 479 2131 Cum
500 2100 600 2131 classe
622 2100 807 2132 Graecorum
831 2100 863 2131 in

185 2149 316 2181 Italiam
338 2149 464 2181 venisse
489 2150 690 2181 credebatur.
736 2151 864 2182 Leviter

184 2207 290 2232 autern
307 2200 358 2232 hic
374 2200 531 2231 adventus
542 2211 615 2232 curn
631 2207 734 2242 poetae
752 2211 862 2243 propo-

182 2250 244 2281 sito
266 2251 416 2288 cohaeret,
439 2256 474 2281 ut
497 2261 514 2281 e
533 2261 597 2282 ver.
621 2252 696 2282 583.
719 2257 863 2293 apparet.

186 2301 337 2343 Erythea,
363 2301 474 2333 Gades
497 2301 614 2338 insula,
636 2301 692 2332 ubi
719 2302 861 2343 Geryon,

184 2362 258 2383 cum
283 2352 374 2394 cujus
396 2351 556 2383 interemti
579 2352 684 2383 bubus
707 2352 865 2383 Hercules

183 2400 217 2432 in
232 2402 362 2433 Italiam
380 2402 475 2439 venit,
492 2408 524 2433 et
545 2413 641 2445 prope
660 2402 812 2439 Tiberim,
829 2408 865 2434 ut

186 2452 296 2494 quiete
313 2458 346 2483 et
362 2453 479 2494 pabulo
495 2452 569 2483 laeto
589 2453 688 2484 boves
707 2452 862 2488 reficeret,

184 2502 365 2544 procubuit.
411 2502 464 2533 Sic
485 2502 556 2534 Liv.
571 2509 604 2534 et
620 2503 755 2545 Dionys.
800 2503 863 2534 Sed

187 2552 219 2583 h.
234 2553 256 2585 l.
279 2563 354 2584 eum
377 2552 498 2595 excipit
516 2555 621 2584 domus
644 2554 765 2596 Tegeaea
782 2554 860 2585 Car-

185 2608 301 2634 mentae
321 2602 469 2640 Arcadis,
492 2614 511 2634 a
537 2603 644 2646 Tegea,
661 2603 779 2646 oppido
801 2604 862 2635 Ar-

185 2653 287 2684 cadiae
325 2653 371 2684 sic
407 2653 506 2684 dicta.
566 2654 678 2696 Tegeea
709 2654 865 2685 Burman.

188 2704 267 2735 Mox
292 2703 486 2747 disputatur,
504 2710 610 2735 utrum
635 2706 710 2740 lata.
730 2715 770 2736 an
797 2706 866 2736 loeta

186 2753 359 2795 legendum
381 2754 432 2786 sit.
474 2755 640 2788 Posterius
655 2766 764 2788 verum
782 2754 865 2798 judi-

235 2805 334 2835 VOL.
352 2805 394 2836 V.

1508 1213 1606 1259 550

931 1401 985 1426 cat
998 1395 1111 1427 Heins.
1129 1395 1249 1437 recepit
1273 1395 1452 1427 Mitscherl.
1469 1402 1501 1427 et
1516 1395 1614 1438 possit

933 1456 1041 1476 verum
1059 1445 1171 1482 videri,
1188 1445 1267 1488 quia
1289 1451 1322 1477 et
1344 1445 1414 1477 Liv.
1434 1447 1536 1477 loetum
1558 1458 1612 1487 pa-

931 1496 1048 1532 bulum,
1066 1501 1098 1527 et
1114 1494 1248 1537 Dionys.
1265 1495 1342 1527 Hal.
1362 1495 1453 1528 πόαν
1477 1497 1614 1535 πολλὴν

933 1546 987 1576 καὶ
1009 1547 1120 1585 καλὴν
1147 1551 1315 1577 memorat.
1357 1546 1506 1577 Alterum
1534 1548 1611 1583 lata,

932 1600 968 1626 ut
981 1601 1013 1626 et
1026 1596 1138 1627 Burm.
1150 1595 1243 1632 vidit,
1256 1595 1371 1628 melius
1382 1596 1531 1627 convenit
1543 1607 1610 1628 ver-

932 1645 981 1676 bis
1013 1648 1204 1677 incustoditae
1244 1652 1276 1677 et
1304 1653 1481 1689 vagantur:
1518 1653 1614 1689 atque

934 1695 1008 1726 latis
1034 1695 1067 1726 in
1092 1695 1175 1726 arvis
1191 1696 1317 1727 facilius
1342 1696 1504 1727 nonnullae
1524 1702 1613 1739 pote-

934 1751 1005 1777 rant
1018 1746 1128 1777 averti.
1150 1746 1321 1777 Praefertur
1332 1746 1427 1788 igitur
1437 1752 1470 1778 et
1483 1757 1501 1778 a
1513 1747 1616 1778 Bent-

935 1796 997 1827 leio
1018 1795 1058 1827 ad
1080 1796 1191 1827 Horat.
1203 1797 1268 1827 III.
1284 1795 1347 1827 Od.
1364 1796 1396 1826 ii.
1411 1798 1442 1828 9.
1456 1795 1510 1828 ubi
1526 1802 1557 1828 et
1572 1796 1614 1828 de

934 1846 1008 1877 laetis
1038 1852 1070 1877 et
1100 1846 1140 1877 de
1171 1848 1243 1876 latis
1272 1849 1384 1886 campis
1412 1846 1515 1878 multa
1539 1846 1610 1878 loca

933 1896 1075 1938 collegit.
1122 1896 1216 1928 Conf.
1234 1896 1351 1928 Noster
1365 1896 1400 1927 ii.
1418 1897 1494 1928 210.

977 1953 1054 1984 547.
1085 1952 1160 1983 Caci
1190 1952 1308 1983 furtum
1332 1963 1442 1983 omnes
1467 1952 1613 1984 similiter

934 2008 1075 2038 narrant,
1108 2012 1211 2033 rerum
1243 2001 1410 2045 scriptores
1443 2002 1539 2039 nude,
1578 2009 1613 2034 ut

933 2059 1002 2084 erat
1021 2052 1186 2087 traditum,
1204 2053 1262 2084 sed
1282 2059 1384 2096 poetae
1407 2059 1611 2085 exornarunt.

932 2104 972 2134 In
997 2103 1047 2134 his
1070 2103 1139 2134 sons
1161 2109 1209 2134 est
1235 2103 1326 2145 Virg.
1353 2104 1430 2135 AEn.
1452 2103 1521 2134 viii.
1550 2105 1612 2135 185

932 2164 1003 2196 sqq.
1020 2164 1117 2195 quem
1133 2154 1251 2185 Noster
1268 2154 1436 2197 expressit.
1471 2154 1566 2185 Conf.
1582 2161 1614 2186 et

933 2203 1076 2246 Propert.
1100 2215 1146 2235 iv.
1169 2205 1200 2235 9.
1227 2203 1299 2235 init.
1331 2204 1477 2235 Martial.
1501 2215 1532 2235 v.
1559 2205 1613 2235 60.

936 2254 1088 2285 Excussus
1113 2265 1212 2285 somno
1241 2254 1287 2284 nil
1318 2254 1379 2285 nisi
1405 2255 1611 2297 expergefac-

934 2310 996 2335 tus.
1055 2304 1165 2336 Livius
1203 2316 1303 2336 somno
1340 2306 1467 2336 excitus.
1517 2305 1612 2337 Duos.

934 2353 1069 2396 Dionys.
1087 2353 1206 2396 ὀλίγας
1225 2355 1320 2392 τινὰς
1341 2359 1518 2393 memorat3
1542 2354 1615 2385 Liv.

935 2408 955 2420 “
972 2404 1124 2435 eximium
1151 2415 1312 2446 quemque
1337 2404 1611 2447 pulchritudine,’'

934 2454 1026 2496 Virg.
1042 2465 1106 2486 ver.
1123 2456 1198 2486 207.
1215 2459 1236 2472 ‘⁶
1250 2460 1387 2497 quatuor
1409 2461 1516 2486 tauros
1538 2455 1611 2486 toti-

933 2503 1071 2546 demque
1104 2505 1299 2547 juvencas.’'
1347 2505 1447 2536 Cacus
1481 2505 1613 2544 ληστὴς

931 2566 981 2592 τις
1007 2555 1163 2598 ἐγχώριος
1186 2556 1323 2598 Dionys.
1370 2556 1462 2587 Feros
1485 2567 1523 2587 ex
1550 2567 1613 2586 uno

933 2606 1064 2637 Parnes.
1091 2607 1203 2638 Heins.
1221 2606 1353 2649 recepit,
1381 2617 1484 2648 neque
1507 2605 1613 2644 male;

926 2655 1022 2697 ferus
1037 2655 1121 2686 enim
1138 2667 1222 2698 saepe
1237 2667 1292 2698 pro
1306 2657 1401 2692 bove,
1416 2666 1519 2691 cervo,
1531 2665 1613 2696 equo

936 2704 1073 2747 ponitur.
1136 2708 1271 2743 Aversos,
1307 2706 1383 2748 quia
1420 2704 1523 2737 cauda
1561 2715 1614 2735 eos

937 2756 1033 2786 traxit
1049 2755 1082 2786 in
1099 2757 1283 2798 speluncam
1291 2779 1300 2787 .

1068 2806 1097 2836 G
