<?xml version="1.0" encoding="UTF-8"?>
<!DOCTYPE html PUBLIC "-//W3C//DTD XHTML 1.0 Transitional//EN"
    "http://www.w3.org/TR/xhtml1/DTD/xhtml1-transitional.dtd">
<html xmlns="http://www.w3.org/1999/xhtml" xml:lang="en" lang="en">
 <head>
  <title>
</title>
<meta http-equiv="Content-Type" content="text/html;charset=utf-8" />
  <meta name='ocr-system' content='tesseract 3.04.00' />
  <meta name='ocr-capabilities' content='ocr_page ocr_carea ocr_par ocr_line ocrx_word'/>
</head>
<body>
  <div class='ocr_page' id='page_1' title='image "./povidiinasonisop05oviduoft_0286.png"; bbox 0 0 1809 3220; ppageno 0'>
   <div class='ocr_carea' id='block_1_1' title="bbox 180 135 267 177">
    <p class='ocr_par' dir='ltr' id='par_1_1' title="bbox 180 135 267 177">
     <span class='ocr_line' id='line_1_1' title="bbox 180 135 267 177; baseline 0.011 -1"><span class='ocrx_word' id='word_1_1' title='bbox 180 135 267 177; x_wconf 75' lang='lat'>258</span> 
     </span>
    </p>
   </div>
   <div class='ocr_carea' id='block_1_2' title="bbox 579 133 1204 177">
    <p class='ocr_par' dir='ltr' id='par_1_2' title="bbox 579 133 1204 177">
     <span class='ocr_line' id='line_1_2' title="bbox 579 133 1204 177; baseline -0.005 0"><span class='ocrx_word' id='word_1_2' title='bbox 579 135 630 176; x_wconf 92' lang='grc' dir='ltr'>Ρ.</span> <span class='ocrx_word' id='word_1_3' title='bbox 664 133 883 177; x_wconf 92' lang='lat' dir='ltr'>OVIDII</span> <span class='ocrx_word' id='word_1_4' title='bbox 917 133 1204 175; x_wconf 89' lang='lat' dir='ltr'><strong>NASONIS</strong></span> 
     </span>
    </p>
   </div>
   <div class='ocr_carea' id='block_1_3' title="bbox 181 250 1512 550">
    <p class='ocr_par' dir='ltr' id='par_1_3' title="bbox 185 250 1509 393">
     <span class='ocr_line' id='line_1_3' title="bbox 185 250 1422 314; baseline -0.001 -15"><span class='ocrx_word' id='word_1_5' title='bbox 185 251 417 314; x_wconf 84' lang='lat' dir='ltr'>Frigidus</span> <span class='ocrx_word' id='word_1_6' title='bbox 444 251 688 314; x_wconf 81' lang='lat' dir='ltr'><strong>Argestes</strong></span> <span class='ocrx_word' id='word_1_7' title='bbox 715 265 938 297; x_wconf 90' lang='lat' dir='ltr'>summas</span> <span class='ocrx_word' id='word_1_8' title='bbox 966 250 1201 298; x_wconf 82' lang='lat' dir='ltr'><strong>miscebit</strong></span> <span class='ocrx_word' id='word_1_9' title='bbox 1227 251 1422 307; x_wconf 83' lang='lat' dir='ltr'>aristas,</span> 
     </span>
     <span class='ocr_line' id='line_1_4' title="bbox 251 327 1509 393; baseline -0.001 -16"><span class='ocrx_word' id='word_1_10' title='bbox 251 328 588 392; x_wconf 78' lang='lat' dir='ltr'>Candidaque</span> <span class='ocrx_word' id='word_1_11' title='bbox 614 345 644 377; x_wconf 89' lang='lat' dir='ltr'>a</span> <span class='ocrx_word' id='word_1_12' title='bbox 671 327 903 376; x_wconf 87' lang='lat' dir='ltr'>Calabris</span> <span class='ocrx_word' id='word_1_13' title='bbox 929 327 1040 375; x_wconf 88' lang='lat' dir='ltr'>vela</span> <span class='ocrx_word' id='word_1_14' title='bbox 1065 328 1321 376; x_wconf 89' lang='lat' dir='ltr'>dabuntur</span> <span class='ocrx_word' id='word_1_15' title='bbox 1346 328 1509 393; x_wconf 85' lang='lat' dir='ltr'>aquis.</span> 
     </span>
    </p>

    <p class='ocr_par' dir='ltr' id='par_1_4' title="bbox 181 407 1512 550">
     <span class='ocr_line' id='line_1_5' title="bbox 181 407 1512 471; baseline -0.001 -15"><span class='ocrx_word' id='word_1_16' title='bbox 181 409 250 456; x_wconf 90' lang='lat' dir='ltr'>At</span> <span class='ocrx_word' id='word_1_17' title='bbox 275 408 425 455; x_wconf 91' lang='lat' dir='ltr'>simul</span> <span class='ocrx_word' id='word_1_18' title='bbox 451 407 700 455; x_wconf 86' lang='lat' dir='ltr'>inducunt</span> <span class='ocrx_word' id='word_1_19' title='bbox 724 407 941 454; x_wconf 90' lang='lat' dir='ltr'>obscura</span> <span class='ocrx_word' id='word_1_20' title='bbox 965 408 1267 471; x_wconf 86' lang='lat' dir='ltr'>crepuscula</span> <span class='ocrx_word' id='word_1_21' title='bbox 1292 414 1512 465; x_wconf 89' lang='lat' dir='ltr'>noctem,</span> 
     </span>
     <span class='ocr_line' id='line_1_6' title="bbox 251 484 1382 550; baseline 0 -17"><span class='ocrx_word' id='word_1_22' title='bbox 251 486 378 535; x_wconf 89' lang='lat' dir='ltr'>Pars</span> <span class='ocrx_word' id='word_1_23' title='bbox 410 484 650 550; x_wconf 83' lang='lat' dir='ltr'>Hyadum</span> <span class='ocrx_word' id='word_1_24' title='bbox 676 493 783 534; x_wconf 92' lang='lat' dir='ltr'>toto</span> <span class='ocrx_word' id='word_1_25' title='bbox 808 485 872 533; x_wconf 90' lang='lat' dir='ltr'>de</span> <span class='ocrx_word' id='word_1_26' title='bbox 898 501 1050 548; x_wconf 81' lang='lat' dir='ltr'>grege</span> <span class='ocrx_word' id='word_1_27' title='bbox 1077 486 1216 533; x_wconf 87' lang='lat' dir='ltr'>nulla</span> <span class='ocrx_word' id='word_1_28' title='bbox 1240 486 1382 534; x_wconf 88' lang='lat' dir='ltr'>latet.</span> 
     </span>
    </p>
   </div>
   <div class='ocr_carea' id='block_1_4' title="bbox 185 562 1436 628">
    <p class='ocr_par' dir='ltr' id='par_1_5' title="bbox 185 562 1436 628">
     <span class='ocr_line' id='line_1_7' title="bbox 185 562 1436 628; baseline 0 -18"><span class='ocrx_word' id='word_1_29' title='bbox 185 563 289 611; x_wconf 90' lang='lat' dir='ltr'>Ora</span> <span class='ocrx_word' id='word_1_30' title='bbox 314 564 503 611; x_wconf 84' lang='lat' dir='ltr'>micant</span> <span class='ocrx_word' id='word_1_31' title='bbox 527 562 679 611; x_wconf 83' lang='lat' dir='ltr'>Tauri</span> <span class='ocrx_word' id='word_1_32' title='bbox 706 571 904 628; x_wconf 79' lang='lat' dir='ltr'>septem</span> <span class='ocrx_word' id='word_1_33' title='bbox 930 563 1178 611; x_wconf 79' lang='lat' dir='ltr'>radiantia</span> <span class='ocrx_word' id='word_1_34' title='bbox 1202 563 1436 621; x_wconf 88' lang='lat' dir='ltr'>flammis,</span> 
     </span>
    </p>
   </div>
   <div class='ocr_carea' id='block_1_5' title="bbox 1511 565 1604 611">
    <p class='ocr_par' dir='ltr' id='par_1_6' title="bbox 1511 565 1604 611">
     <span class='ocr_line' id='line_1_8' title="bbox 1511 565 1604 611; baseline 0 -1"><span class='ocrx_word' id='word_1_35' title='bbox 1511 565 1604 611; x_wconf 83' lang='lat'>165</span> 
     </span>
    </p>
   </div>
   <div class='ocr_carea' id='block_1_6' title="bbox 183 641 1607 1333">
    <p class='ocr_par' dir='ltr' id='par_1_7' title="bbox 183 641 1607 1333">
     <span class='ocr_line' id='line_1_9' title="bbox 253 641 1512 707; baseline 0.001 -18"><span class='ocrx_word' id='word_1_36' title='bbox 253 641 441 690; x_wconf 86' lang='lat' dir='ltr'>Navita</span> <span class='ocrx_word' id='word_1_37' title='bbox 465 659 593 707; x_wconf 86' lang='lat' dir='ltr'>quas</span> <span class='ocrx_word' id='word_1_38' title='bbox 624 641 834 706; x_wconf 86' lang='lat' dir='ltr'>Hyadas</span> <span class='ocrx_word' id='word_1_39' title='bbox 862 642 1047 689; x_wconf 87' lang='lat' dir='ltr'>Graius</span> <span class='ocrx_word' id='word_1_40' title='bbox 1075 642 1138 689; x_wconf 92' lang='lat' dir='ltr'>ab</span> <span class='ocrx_word' id='word_1_41' title='bbox 1165 642 1324 689; x_wconf 82' lang='lat' dir='ltr'>imbre</span> <span class='ocrx_word' id='word_1_42' title='bbox 1350 649 1512 690; x_wconf 87' lang='lat' dir='ltr'>vocat.</span> 
     </span>
     <span class='ocr_line' id='line_1_10' title="bbox 183 720 1590 785; baseline 0 -17"><span class='ocrx_word' id='word_1_43' title='bbox 183 720 310 768; x_wconf 89' lang='lat' dir='ltr'>Pars</span> <span class='ocrx_word' id='word_1_44' title='bbox 340 720 601 769; x_wconf 90' lang='lat' dir='ltr'>Bacchum</span> <span class='ocrx_word' id='word_1_45' title='bbox 629 721 850 769; x_wconf 84' lang='lat' dir='ltr'>nutrisse</span> <span class='ocrx_word' id='word_1_46' title='bbox 877 727 1050 785; x_wconf 84' lang='lat' dir='ltr'>putat3</span> <span class='ocrx_word' id='word_1_47' title='bbox 1092 737 1208 784; x_wconf 86' lang='lat' dir='ltr'>pars</span> <span class='ocrx_word' id='word_1_48' title='bbox 1235 720 1452 769; x_wconf 87' lang='lat' dir='ltr'>credidit</span> <span class='ocrx_word' id='word_1_49' title='bbox 1476 736 1590 768; x_wconf 88' lang='lat' dir='ltr'>esse</span> 
     </span>
     <span class='ocr_line' id='line_1_11' title="bbox 250 798 1330 864; baseline 0 -19"><span class='ocrx_word' id='word_1_50' title='bbox 250 798 476 863; x_wconf 86' lang='lat' dir='ltr'>Tethyos</span> <span class='ocrx_word' id='word_1_51' title='bbox 503 799 593 847; x_wconf 92' lang='lat' dir='ltr'>has</span> <span class='ocrx_word' id='word_1_52' title='bbox 620 807 819 864; x_wconf 89' lang='lat' dir='ltr'>neptes,</span> <span class='ocrx_word' id='word_1_53' title='bbox 851 799 1150 864; x_wconf 88' lang='lat' dir='ltr'>Oceanique</span> <span class='ocrx_word' id='word_1_54' title='bbox 1177 799 1330 847; x_wconf 87' lang='lat' dir='ltr'>senis.</span> 
     </span>
     <span class='ocr_line' id='line_1_12' title="bbox 184 875 1603 943; baseline 0.001 -20"><span class='ocrx_word' id='word_1_55' title='bbox 184 875 427 924; x_wconf 90' lang='lat' dir='ltr'>Nondum</span> <span class='ocrx_word' id='word_1_56' title='bbox 454 878 623 926; x_wconf 87' lang='lat' dir='ltr'>stabat</span> <span class='ocrx_word' id='word_1_57' title='bbox 650 877 810 936; x_wconf 83' lang='lat' dir='ltr'>Atlas,</span> <span class='ocrx_word' id='word_1_58' title='bbox 837 879 1074 927; x_wconf 90' lang='lat' dir='ltr'>humeros</span> <span class='ocrx_word' id='word_1_59' title='bbox 1101 885 1336 926; x_wconf 86' lang='lat' dir='ltr'>oneratus</span> <span class='ocrx_word' id='word_1_60' title='bbox 1361 877 1603 943; x_wconf 91' lang='lat' dir='ltr'>Olympo,</span> 
     </span>
     <span class='ocr_line' id='line_1_13' title="bbox 252 953 1607 1021; baseline 0.001 -20"><span class='ocrx_word' id='word_1_61' title='bbox 252 953 423 1009; x_wconf 83' lang='lat' dir='ltr'>Quum</span> <span class='ocrx_word' id='word_1_62' title='bbox 451 963 590 1003; x_wconf 90' lang='lat' dir='ltr'>satus</span> <span class='ocrx_word' id='word_1_63' title='bbox 610 963 690 1004; x_wconf 89' lang='lat' dir='ltr'>est</span> <span class='ocrx_word' id='word_1_64' title='bbox 715 956 873 1004; x_wconf 86' lang='lat' dir='ltr'>forma</span> <span class='ocrx_word' id='word_1_65' title='bbox 893 957 1287 1021; x_wconf 87' lang='lat' dir='ltr'>conspiciendus</span> <span class='ocrx_word' id='word_1_66' title='bbox 1316 956 1478 1020; x_wconf 86' lang='lat' dir='ltr'>Hyas.</span> <span class='ocrx_word' id='word_1_67' title='bbox 1515 958 1607 1003; x_wconf 91' lang='lat'>170</span> 
     </span>
     <span class='ocr_line' id='line_1_14' title="bbox 184 1030 1396 1097; baseline 0.004 -20"><span class='ocrx_word' id='word_1_68' title='bbox 184 1030 335 1079; x_wconf 90' lang='lat' dir='ltr'>Hunc</span> <span class='ocrx_word' id='word_1_69' title='bbox 363 1033 514 1097; x_wconf 87' lang='lat' dir='ltr'>stirps</span> <span class='ocrx_word' id='word_1_70' title='bbox 543 1033 736 1081; x_wconf 86' lang='lat' dir='ltr'>Oceani</span> <span class='ocrx_word' id='word_1_71' title='bbox 763 1034 970 1082; x_wconf 85' lang='lat' dir='ltr'>maturis</span> <span class='ocrx_word' id='word_1_72' title='bbox 998 1034 1191 1082; x_wconf 86' lang='lat' dir='ltr'>nisibus</span> <span class='ocrx_word' id='word_1_73' title='bbox 1220 1034 1396 1082; x_wconf 87' lang='lat' dir='ltr'>AEthra</span> 
     </span>
     <span class='ocr_line' id='line_1_15' title="bbox 254 1109 1501 1177; baseline 0.002 -21"><span class='ocrx_word' id='word_1_74' title='bbox 254 1109 445 1167; x_wconf 88' lang='lat' dir='ltr'>Edidit,</span> <span class='ocrx_word' id='word_1_75' title='bbox 474 1118 525 1159; x_wconf 91' lang='lat' dir='ltr'>et</span> <span class='ocrx_word' id='word_1_76' title='bbox 552 1111 852 1177; x_wconf 80' lang='lat' dir='ltr'>Nymphas3</span> <span class='ocrx_word' id='word_1_77' title='bbox 896 1113 986 1161; x_wconf 89' lang='lat' dir='ltr'>sed</span> <span class='ocrx_word' id='word_1_78' title='bbox 1014 1113 1147 1177; x_wconf 87' lang='lat' dir='ltr'>prior</span> <span class='ocrx_word' id='word_1_79' title='bbox 1172 1120 1310 1160; x_wconf 89' lang='lat' dir='ltr'>ortus</span> <span class='ocrx_word' id='word_1_80' title='bbox 1339 1111 1501 1176; x_wconf 89' lang='lat' dir='ltr'>Hyas.</span> 
     </span>
     <span class='ocr_line' id='line_1_16' title="bbox 186 1186 1436 1255; baseline 0.004 -22"><span class='ocrx_word' id='word_1_81' title='bbox 186 1186 322 1234; x_wconf 89' lang='lat' dir='ltr'>Dum</span> <span class='ocrx_word' id='word_1_82' title='bbox 350 1204 477 1237; x_wconf 90' lang='lat' dir='ltr'>nova</span> <span class='ocrx_word' id='word_1_83' title='bbox 502 1190 703 1253; x_wconf 86' lang='lat' dir='ltr'>lanugo,</span> <span class='ocrx_word' id='word_1_84' title='bbox 734 1191 942 1255; x_wconf 88' lang='lat' dir='ltr'>pavidos</span> <span class='ocrx_word' id='word_1_85' title='bbox 968 1191 1235 1238; x_wconf 86' lang='lat' dir='ltr'>formidine</span> <span class='ocrx_word' id='word_1_86' title='bbox 1262 1207 1436 1238; x_wconf 88' lang='lat' dir='ltr'>cervos</span> 
     </span>
     <span class='ocr_line' id='line_1_17' title="bbox 251 1265 1381 1333; baseline 0.004 -21"><span class='ocrx_word' id='word_1_87' title='bbox 251 1265 455 1323; x_wconf 85' lang='lat' dir='ltr'>Terret;</span> <span class='ocrx_word' id='word_1_88' title='bbox 499 1275 550 1315; x_wconf 93' lang='lat' dir='ltr'>et</span> <span class='ocrx_word' id='word_1_89' title='bbox 575 1276 653 1315; x_wconf 90' lang='lat' dir='ltr'>est</span> <span class='ocrx_word' id='word_1_90' title='bbox 679 1269 749 1315; x_wconf 91' lang='lat' dir='ltr'>illi</span> <span class='ocrx_word' id='word_1_91' title='bbox 776 1269 948 1332; x_wconf 87' lang='lat' dir='ltr'>praeda</span> <span class='ocrx_word' id='word_1_92' title='bbox 974 1269 1194 1332; x_wconf 88' lang='lat' dir='ltr'>benigna</span> <span class='ocrx_word' id='word_1_93' title='bbox 1218 1269 1381 1333; x_wconf 90' lang='lat' dir='ltr'>lepus.</span> 
     </span>
    </p>
   </div>
   <div class='ocr_carea' id='block_1_7' title="bbox 185 1342 1424 1411">
    <p class='ocr_par' dir='ltr' id='par_1_8' title="bbox 185 1342 1424 1411">
     <span class='ocr_line' id='line_1_18' title="bbox 185 1342 1424 1411; baseline 0.002 -21"><span class='ocrx_word' id='word_1_94' title='bbox 185 1342 253 1390; x_wconf 86' lang='lat' dir='ltr'>At</span> <span class='ocrx_word' id='word_1_95' title='bbox 279 1352 553 1409; x_wconf 88' lang='lat' dir='ltr'>postquam</span> <span class='ocrx_word' id='word_1_96' title='bbox 578 1347 734 1407; x_wconf 83' lang='lat' dir='ltr'>yirtus</span> <span class='ocrx_word' id='word_1_97' title='bbox 762 1347 905 1394; x_wconf 90' lang='lat' dir='ltr'>annis</span> <span class='ocrx_word' id='word_1_98' title='bbox 933 1348 1170 1403; x_wconf 88' lang='lat' dir='ltr'>adolevit,</span> <span class='ocrx_word' id='word_1_99' title='bbox 1199 1348 1247 1394; x_wconf 91' lang='lat' dir='ltr'>in</span> <span class='ocrx_word' id='word_1_100' title='bbox 1275 1363 1424 1411; x_wconf 88' lang='lat' dir='ltr'>apros</span> 
     </span>
    </p>
   </div>
   <div class='ocr_carea' id='block_1_8' title="bbox 1516 1349 1608 1395">
    <p class='ocr_par' dir='ltr' id='par_1_9' title="bbox 1516 1349 1608 1395">
     <span class='ocr_line' id='line_1_19' title="bbox 1516 1349 1608 1395; baseline 0.022 -2"><span class='ocrx_word' id='word_1_101' title='bbox 1516 1349 1608 1395; x_wconf 81' lang='lat'>175</span> 
     </span>
    </p>
   </div>
   <div class='ocr_carea' id='block_1_9' title="bbox 251 1422 1245 1473">
    <p class='ocr_par' dir='ltr' id='par_1_10' title="bbox 251 1422 1245 1473">
     <span class='ocr_line' id='line_1_20' title="bbox 251 1422 1245 1473; baseline 0.004 -4"><span class='ocrx_word' id='word_1_102' title='bbox 251 1422 423 1471; x_wconf 89' lang='lat' dir='ltr'>Audet</span> <span class='ocrx_word' id='word_1_103' title='bbox 448 1431 498 1472; x_wconf 93' lang='lat' dir='ltr'>et</span> <span class='ocrx_word' id='word_1_104' title='bbox 524 1424 743 1472; x_wconf 84' lang='lat' dir='ltr'>hirsutas</span> <span class='ocrx_word' id='word_1_105' title='bbox 770 1426 998 1473; x_wconf 86' lang='lat' dir='ltr'>cominus</span> <span class='ocrx_word' id='word_1_106' title='bbox 1025 1426 1096 1473; x_wconf 88' lang='lat' dir='ltr'>ire</span> <span class='ocrx_word' id='word_1_107' title='bbox 1122 1425 1245 1473; x_wconf 81' lang='lat' dir='ltr'>leaS.</span> 
     </span>
    </p>
   </div>
   <div class='ocr_carea' id='block_1_10' title="bbox 183 1579 866 2761">
    <p class='ocr_par' dir='ltr' id='par_1_11' title="bbox 184 1579 862 1711">
     <span class='ocr_line' id='line_1_21' title="bbox 184 1579 862 1622; baseline 0.003 -12"><span class='ocrx_word' id='word_1_108' title='bbox 184 1580 253 1616; x_wconf 88' lang='lat' dir='ltr'>bus,</span> <span class='ocrx_word' id='word_1_109' title='bbox 277 1579 362 1622; x_wconf 88' lang='lat' dir='ltr'>quod</span> <span class='ocrx_word' id='word_1_110' title='bbox 386 1581 436 1611; x_wconf 84' lang='lat' dir='ltr'>vel</span> <span class='ocrx_word' id='word_1_111' title='bbox 458 1591 495 1612; x_wconf 87' lang='lat' dir='ltr'>ex</span> <span class='ocrx_word' id='word_1_112' title='bbox 518 1581 661 1617; x_wconf 75' lang='lat' dir='ltr'>Horatio,</span> <span class='ocrx_word' id='word_1_113' title='bbox 683 1581 712 1612; x_wconf 83' lang='lat'>1.</span> <span class='ocrx_word' id='word_1_114' title='bbox 735 1581 798 1613; x_wconf 91' lang='lat' dir='ltr'>Od.</span> <span class='ocrx_word' id='word_1_115' title='bbox 819 1581 862 1612; x_wconf 82' lang='lat' dir='ltr'>iii.</span> 
     </span>
     <span class='ocr_line' id='line_1_22' title="bbox 185 1631 862 1672; baseline 0.003 -11"><span class='ocrx_word' id='word_1_116' title='bbox 185 1636 321 1665; x_wconf 87' lang='lat' dir='ltr'>constat.</span> <span class='ocrx_word' id='word_1_117' title='bbox 349 1637 381 1662; x_wconf 92' lang='lat' dir='ltr'>et</span> <span class='ocrx_word' id='word_1_118' title='bbox 401 1631 486 1672; x_wconf 85' lang='lat' dir='ltr'>quod</span> <span class='ocrx_word' id='word_1_119' title='bbox 510 1631 590 1662; x_wconf 86' lang='lat' dir='ltr'>situs</span> <span class='ocrx_word' id='word_1_120' title='bbox 615 1631 741 1662; x_wconf 85' lang='lat' dir='ltr'>illarum</span> <span class='ocrx_word' id='word_1_121' title='bbox 766 1638 862 1663; x_wconf 84' lang='lat' dir='ltr'>terra-</span> 
     </span>
     <span class='ocr_line' id='line_1_23' title="bbox 186 1680 375 1711; baseline 0.005 -1"><span class='ocrx_word' id='word_1_122' title='bbox 186 1691 254 1710; x_wconf 88' lang='lat' dir='ltr'>rum</span> <span class='ocrx_word' id='word_1_123' title='bbox 271 1680 375 1711; x_wconf 88' lang='lat' dir='ltr'>docet.</span> 
     </span>
    </p>

    <p class='ocr_par' dir='ltr' id='par_1_12' title="bbox 183 1731 866 2761">
     <span class='ocr_line' id='line_1_24' title="bbox 223 1731 863 1773; baseline 0.002 -13"><span class='ocrx_word' id='word_1_124' title='bbox 223 1731 295 1761; x_wconf 87' lang='lat'>163.</span> <span class='ocrx_word' id='word_1_125' title='bbox 308 1731 456 1772; x_wconf 71' lang='lat' dir='ltr'>Hyadum</span> <span class='ocrx_word' id='word_1_126' title='bbox 465 1731 577 1773; x_wconf 56' lang='lat' dir='ltr'>ortus]</span> <span class='ocrx_word' id='word_1_127' title='bbox 589 1731 774 1763; x_wconf 85' lang='lat' dir='ltr'>Secundum</span> <span class='ocrx_word' id='word_1_128' title='bbox 785 1731 863 1763; x_wconf 82' lang='lat' dir='ltr'>alios</span> 
     </span>
     <span class='ocr_line' id='line_1_25' title="bbox 185 1780 863 1822; baseline 0.006 -13"><span class='ocrx_word' id='word_1_129' title='bbox 185 1790 246 1810; x_wconf 89' lang='lat' dir='ltr'>non</span> <span class='ocrx_word' id='word_1_130' title='bbox 256 1785 325 1822; x_wconf 89' lang='lat' dir='ltr'>post</span> <span class='ocrx_word' id='word_1_131' title='bbox 334 1780 407 1812; x_wconf 80' lang='lat' dir='ltr'>solis</span> <span class='ocrx_word' id='word_1_132' title='bbox 416 1791 563 1812; x_wconf 82' lang='lat' dir='ltr'>occasum</span> <span class='ocrx_word' id='word_1_133' title='bbox 574 1781 788 1818; x_wconf 78' lang='lat' dir='ltr'>oriuntu1·,sed</span> <span class='ocrx_word' id='word_1_134' title='bbox 797 1792 863 1813; x_wconf 82' lang='lat' dir='ltr'>ma.-</span> 
     </span>
     <span class='ocr_line' id='line_1_26' title="bbox 183 1829 863 1868; baseline 0.004 -9"><span class='ocrx_word' id='word_1_135' title='bbox 183 1830 306 1868; x_wconf 85' lang='lat' dir='ltr'>tutin0;</span> <span class='ocrx_word' id='word_1_136' title='bbox 326 1829 462 1867; x_wconf 85' lang='lat' dir='ltr'>Plinius,</span> <span class='ocrx_word' id='word_1_137' title='bbox 479 1831 567 1862; x_wconf 86' lang='lat' dir='ltr'>xviii.</span> <span class='ocrx_word' id='word_1_138' title='bbox 583 1832 660 1862; x_wconf 82' lang='lat' dir='ltr'>66.l</span> <span class='ocrx_word' id='word_1_139' title='bbox 676 1845 682 1862; x_wconf 93' lang='lat'><strong>:</strong></span> <span class='ocrx_word' id='word_1_140' title='bbox 703 1831 743 1863; x_wconf 86' lang='lat' dir='ltr'>vi.</span> <span class='ocrx_word' id='word_1_141' title='bbox 761 1832 863 1862; x_wconf 80' lang='lat' dir='ltr'>Nonas</span> 
     </span>
     <span class='ocr_line' id='line_1_27' title="bbox 186 1879 861 1917; baseline 0.003 -8"><span class='ocrx_word' id='word_1_142' title='bbox 186 1879 266 1910; x_wconf 74' lang='lat' dir='ltr'>Maii</span> <span class='ocrx_word' id='word_1_143' title='bbox 277 1880 389 1911; x_wconf 75' lang='lat' dir='ltr'>Caesari</span> <span class='ocrx_word' id='word_1_144' title='bbox 401 1881 523 1912; x_wconf 79' lang='lat' dir='ltr'>Snculae</span> <span class='ocrx_word' id='word_1_145' title='bbox 535 1883 861 1917; x_wconf 76' lang='lat' dir='ltr'>matutinooriuntur;</span> 
     </span>
     <span class='ocr_line' id='line_1_28' title="bbox 185 1929 862 1971; baseline 0.006 -12"><span class='ocrx_word' id='word_1_146' title='bbox 185 1929 279 1960; x_wconf 85' lang='lat' dir='ltr'>Aetio</span> <span class='ocrx_word' id='word_1_147' title='bbox 299 1929 331 1960; x_wconf 90' lang='lat' dir='ltr'>id</span> <span class='ocrx_word' id='word_1_148' title='bbox 353 1930 474 1961; x_wconf 80' lang='lat' dir='ltr'>faciunt</span> <span class='ocrx_word' id='word_1_149' title='bbox 496 1942 557 1962; x_wconf 89' lang='lat' dir='ltr'>uno</span> <span class='ocrx_word' id='word_1_150' title='bbox 578 1931 629 1962; x_wconf 87' lang='lat' dir='ltr'>die</span> <span class='ocrx_word' id='word_1_151' title='bbox 648 1938 739 1963; x_wconf 81' lang='lat' dir='ltr'>ante:</span> <span class='ocrx_word' id='word_1_152' title='bbox 770 1934 862 1971; x_wconf 71' lang='grc' dir='ltr'>Μηνὶ</span> 
     </span>
     <span class='ocr_line' id='line_1_29' title="bbox 183 1977 863 2021; baseline 0.004 -12"><span class='ocrx_word' id='word_1_153' title='bbox 183 1977 390 2021; x_wconf 78' lang='grc' dir='ltr'>Ἀρτεμισίῳ,</span> <span class='ocrx_word' id='word_1_154' title='bbox 418 1979 434 2011; x_wconf 85' lang='grc' dir='ltr'>ὅ</span> <span class='ocrx_word' id='word_1_155' title='bbox 464 1979 532 2011; x_wconf 79' lang='grc' dir='ltr'>ἐστι</span> <span class='ocrx_word' id='word_1_156' title='bbox 566 1981 663 2012; x_wconf 68' lang='lat' dir='ltr'>Merito</span> <span class='ocrx_word' id='word_1_157' title='bbox 695 1981 727 2012; x_wconf 79' lang='grc' dir='ltr'>αἱ</span> <span class='ocrx_word' id='word_1_158' title='bbox 755 1980 863 2018; x_wconf 62' lang='grc' dir='ltr'>Ὑάδες</span> 
     </span>
     <span class='ocr_line' id='line_1_30' title="bbox 184 2027 863 2073; baseline 0.007 -15"><span class='ocrx_word' id='word_1_159' title='bbox 184 2028 253 2069; x_wconf 80' lang='grc' dir='ltr'>ἅμα</span> <span class='ocrx_word' id='word_1_160' title='bbox 292 2027 388 2066; x_wconf 82' lang='grc' dir='ltr'>ἡλίου</span> <span class='ocrx_word' id='word_1_161' title='bbox 434 2029 585 2073; x_wconf 81' lang='grc' dir='ltr'>ἀνατολῇ</span> <span class='ocrx_word' id='word_1_162' title='bbox 622 2030 863 2063; x_wconf 77' lang='grc' dir='ltr'>ἐπιτέλλουσιν.</span> 
     </span>
     <span class='ocr_line' id='line_1_31' title="bbox 187 2078 863 2123; baseline 0.007 -16"><span class='ocrx_word' id='word_1_163' title='bbox 187 2078 267 2109; x_wconf 80' lang='lat' dir='ltr'>Pars</span> <span class='ocrx_word' id='word_1_164' title='bbox 291 2080 379 2110; x_wconf 78' lang='lat' dir='ltr'>nulla</span> <span class='ocrx_word' id='word_1_165' title='bbox 405 2090 460 2122; x_wconf 88' lang='lat' dir='ltr'>pro</span> <span class='ocrx_word' id='word_1_166' title='bbox 482 2080 570 2111; x_wconf 74' lang='lat' dir='ltr'>nulla</span> <span class='ocrx_word' id='word_1_167' title='bbox 599 2081 805 2123; x_wconf 80' lang='lat' dir='ltr'>simpliciter3</span> <span class='ocrx_word' id='word_1_168' title='bbox 830 2082 863 2113; x_wconf 86' lang='lat' dir='ltr'>ii.</span> 
     </span>
     <span class='ocr_line' id='line_1_32' title="bbox 187 2128 863 2168; baseline 0.006 -10"><span class='ocrx_word' id='word_1_169' title='bbox 187 2128 261 2159; x_wconf 88' lang='lat'>156.</span> <span class='ocrx_word' id='word_1_170' title='bbox 288 2139 360 2168; x_wconf 78' lang='lat' dir='ltr'>pars</span> <span class='ocrx_word' id='word_1_171' title='bbox 387 2140 448 2159; x_wconf 77' lang='lat' dir='ltr'>una</span> <span class='ocrx_word' id='word_1_172' title='bbox 474 2130 568 2166; x_wconf 77' lang='lat' dir='ltr'>chori,</span> <span class='ocrx_word' id='word_1_173' title='bbox 600 2141 663 2161; x_wconf 87' lang='lat' dir='ltr'>una</span> <span class='ocrx_word' id='word_1_174' title='bbox 691 2141 729 2161; x_wconf 87' lang='lat' dir='ltr'>ex</span> <span class='ocrx_word' id='word_1_175' title='bbox 757 2131 863 2162; x_wconf 85' lang='lat' dir='ltr'>choro.</span> 
     </span>
     <span class='ocr_line' id='line_1_33' title="bbox 186 2177 862 2218; baseline 0.004 -9"><span class='ocrx_word' id='word_1_176' title='bbox 186 2177 383 2218; x_wconf 73' lang='lat' dir='ltr'>crepuscula</span> <span class='ocrx_word' id='word_1_177' title='bbox 409 2180 563 2211; x_wconf 76' lang='lat' dir='ltr'>inducunt</span> <span class='ocrx_word' id='word_1_178' title='bbox 587 2187 713 2217; x_wconf 80' lang='lat' dir='ltr'>noctem,</span> <span class='ocrx_word' id='word_1_179' title='bbox 733 2187 768 2212; x_wconf 81' lang='lat' dir='ltr'>ut</span> <span class='ocrx_word' id='word_1_180' title='bbox 790 2182 862 2213; x_wconf 80' lang='lat' dir='ltr'>Me-</span> 
     </span>
     <span class='ocr_line' id='line_1_34' title="bbox 185 2227 864 2273; baseline 0.006 -15"><span class='ocrx_word' id='word_1_181' title='bbox 185 2233 260 2258; x_wconf 89' lang='lat' dir='ltr'>tam.</span> <span class='ocrx_word' id='word_1_182' title='bbox 280 2227 300 2259; x_wconf 87' lang='lat' dir='ltr'>i.</span> <span class='ocrx_word' id='word_1_183' title='bbox 315 2229 392 2260; x_wconf 81' lang='lat'>219.</span> <span class='ocrx_word' id='word_1_184' title='bbox 412 2231 555 2261; x_wconf 64' lang='lat' dir='ltr'>trahunt.</span> <span class='ocrx_word' id='word_1_185' title='bbox 583 2230 720 2271; x_wconf 59' lang='lat' dir='ltr'>Hyades,</span> <span class='ocrx_word' id='word_1_186' title='bbox 740 2237 864 2273; x_wconf 82' lang='lat' dir='ltr'>septem</span> 
     </span>
     <span class='ocr_line' id='line_1_35' title="bbox 183 2277 863 2322; baseline 0.004 -13"><span class='ocrx_word' id='word_1_187' title='bbox 183 2277 284 2309; x_wconf 62' lang='lat' dir='ltr'>stellae</span> <span class='ocrx_word' id='word_1_188' title='bbox 301 2278 333 2308; x_wconf 89' lang='lat' dir='ltr'>in</span> <span class='ocrx_word' id='word_1_189' title='bbox 349 2290 399 2310; x_wconf 84' lang='lat' dir='ltr'>ore</span> <span class='ocrx_word' id='word_1_190' title='bbox 418 2279 525 2310; x_wconf 76' lang='lat' dir='ltr'>Tauri.</span> <span class='ocrx_word' id='word_1_191' title='bbox 551 2280 600 2311; x_wconf 92' lang='lat' dir='ltr'>De</span> <span class='ocrx_word' id='word_1_192' title='bbox 617 2280 736 2322; x_wconf 85' lang='lat' dir='ltr'>origine</span> <span class='ocrx_word' id='word_1_193' title='bbox 754 2292 863 2312; x_wconf 88' lang='lat' dir='ltr'>earum</span> 
     </span>
     <span class='ocr_line' id='line_1_36' title="bbox 184 2327 863 2373; baseline 0.006 -15"><span class='ocrx_word' id='word_1_194' title='bbox 184 2327 280 2358; x_wconf 79' lang='lat' dir='ltr'>variae</span> <span class='ocrx_word' id='word_1_195' title='bbox 303 2334 446 2360; x_wconf 87' lang='lat' dir='ltr'>veterum</span> <span class='ocrx_word' id='word_1_196' title='bbox 467 2330 641 2372; x_wconf 82' lang='lat' dir='ltr'>opiniones,</span> <span class='ocrx_word' id='word_1_197' title='bbox 661 2341 740 2373; x_wconf 88' lang='lat' dir='ltr'>quas</span> <span class='ocrx_word' id='word_1_198' title='bbox 760 2331 863 2373; x_wconf 83' lang='lat' dir='ltr'>Hygi-</span> 
     </span>
     <span class='ocr_line' id='line_1_37' title="bbox 187 2377 864 2418; baseline 0.006 -11"><span class='ocrx_word' id='word_1_199' title='bbox 187 2387 245 2408; x_wconf 93' lang='lat' dir='ltr'>nus</span> <span class='ocrx_word' id='word_1_200' title='bbox 270 2377 335 2409; x_wconf 85' lang='lat' dir='ltr'>fab.</span> <span class='ocrx_word' id='word_1_201' title='bbox 362 2379 433 2409; x_wconf 84' lang='lat'>182.</span> <span class='ocrx_word' id='word_1_202' title='bbox 456 2380 537 2418; x_wconf 79' lang='lat'>1923</span> <span class='ocrx_word' id='word_1_203' title='bbox 562 2380 654 2411; x_wconf 92' lang='lat' dir='ltr'>Poet.</span> <span class='ocrx_word' id='word_1_204' title='bbox 673 2380 745 2411; x_wconf 89' lang='lat' dir='ltr'>Ast.</span> <span class='ocrx_word' id='word_1_205' title='bbox 759 2380 792 2412; x_wconf 87' lang='lat' dir='ltr'>ii.</span> <span class='ocrx_word' id='word_1_206' title='bbox 815 2381 864 2412; x_wconf 87' lang='grc'>13.</span> 
     </span>
     <span class='ocr_line' id='line_1_38' title="bbox 185 2426 863 2469; baseline 0.009 -12"><span class='ocrx_word' id='word_1_207' title='bbox 185 2426 328 2469; x_wconf 82' lang='lat' dir='ltr'>collegit.</span> <span class='ocrx_word' id='word_1_208' title='bbox 376 2428 491 2460; x_wconf 81' lang='lat' dir='ltr'>Bacchi</span> <span class='ocrx_word' id='word_1_209' title='bbox 516 2440 570 2461; x_wconf 84' lang='lat' dir='ltr'>eas</span> <span class='ocrx_word' id='word_1_210' title='bbox 595 2432 730 2461; x_wconf 76' lang='lat' dir='ltr'>nutrices</span> <span class='ocrx_word' id='word_1_211' title='bbox 754 2430 863 2469; x_wconf 87' lang='lat' dir='ltr'>fuisse,</span> 
     </span>
     <span class='ocr_line' id='line_1_39' title="bbox 186 2476 864 2518; baseline 0.007 -12"><span class='ocrx_word' id='word_1_212' title='bbox 186 2476 390 2518; x_wconf 87' lang='lat' dir='ltr'>Pherecydes</span> <span class='ocrx_word' id='word_1_213' title='bbox 409 2478 585 2510; x_wconf 82' lang='lat' dir='ltr'>secundum</span> <span class='ocrx_word' id='word_1_214' title='bbox 605 2479 714 2510; x_wconf 87' lang='lat' dir='ltr'>Schol.</span> <span class='ocrx_word' id='word_1_215' title='bbox 733 2480 864 2512; x_wconf 89' lang='lat' dir='ltr'>Homeri</span> 
     </span>
     <span class='ocr_line' id='line_1_40' title="bbox 187 2526 862 2572; baseline 0.007 -16"><span class='ocrx_word' id='word_1_216' title='bbox 187 2526 227 2557; x_wconf 88' lang='lat' dir='ltr'>ad</span> <span class='ocrx_word' id='word_1_217' title='bbox 243 2526 283 2556; x_wconf 92' lang='lat' dir='ltr'>Il.</span> <span class='ocrx_word' id='word_1_218' title='bbox 300 2530 336 2558; x_wconf 83' lang='grc' dir='ltr'>Σ.</span> <span class='ocrx_word' id='word_1_219' title='bbox 356 2528 431 2559; x_wconf 84' lang='grc'><strong>486.</strong></span> <span class='ocrx_word' id='word_1_220' title='bbox 448 2527 584 2565; x_wconf 82' lang='lat' dir='ltr'>dixerat,</span> <span class='ocrx_word' id='word_1_221' title='bbox 604 2540 699 2571; x_wconf 89' lang='lat' dir='ltr'>quem</span> <span class='ocrx_word' id='word_1_222' title='bbox 716 2536 747 2561; x_wconf 87' lang='lat' dir='ltr'>et</span> <span class='ocrx_word' id='word_1_223' title='bbox 763 2530 862 2572; x_wconf 85' lang='lat' dir='ltr'>Apol-</span> 
     </span>
     <span class='ocr_line' id='line_1_41' title="bbox 186 2575 864 2613; baseline 0.009 -7"><span class='ocrx_word' id='word_1_224' title='bbox 186 2575 327 2613; x_wconf 88' lang='lat' dir='ltr'>lodorus,</span> <span class='ocrx_word' id='word_1_225' title='bbox 345 2577 409 2608; x_wconf 87' lang='grc' dir='ltr'><strong>ΙΙΙ.</strong></span> <span class='ocrx_word' id='word_1_226' title='bbox 424 2577 467 2609; x_wconf 89' lang='lat' dir='ltr'>iv.</span> <span class='ocrx_word' id='word_1_227' title='bbox 484 2578 514 2608; x_wconf 85' lang='lat'>3.</span> <span class='ocrx_word' id='word_1_228' title='bbox 530 2586 657 2610; x_wconf 80' lang='lat' dir='ltr'>secutus</span> <span class='ocrx_word' id='word_1_229' title='bbox 669 2586 726 2610; x_wconf 86' lang='lat' dir='ltr'>est.</span> <span class='ocrx_word' id='word_1_230' title='bbox 774 2580 864 2612; x_wconf 87' lang='lat' dir='ltr'>Male</span> 
     </span>
     <span class='ocr_line' id='line_1_42' title="bbox 190 2626 864 2672; baseline 0.007 -16"><span class='ocrx_word' id='word_1_231' title='bbox 190 2631 311 2657; x_wconf 89' lang='lat' dir='ltr'>veteres</span> <span class='ocrx_word' id='word_1_232' title='bbox 332 2626 471 2658; x_wconf 87' lang='lat' dir='ltr'>Romani</span> <span class='ocrx_word' id='word_1_233' title='bbox 496 2628 628 2660; x_wconf 69' lang='lat' dir='ltr'>suculas</span> <span class='ocrx_word' id='word_1_234' title='bbox 647 2639 700 2660; x_wconf 87' lang='lat' dir='ltr'>eas</span> <span class='ocrx_word' id='word_1_235' title='bbox 721 2630 864 2672; x_wconf 82' lang='lat' dir='ltr'>appella-</span> 
     </span>
     <span class='ocr_line' id='line_1_43' title="bbox 189 2676 865 2718; baseline 0.006 -12"><span class='ocrx_word' id='word_1_236' title='bbox 189 2682 273 2711; x_wconf 83' lang='lat' dir='ltr'>runt,</span> <span class='ocrx_word' id='word_1_237' title='bbox 290 2676 366 2718; x_wconf 89' lang='lat' dir='ltr'>quia</span> <span class='ocrx_word' id='word_1_238' title='bbox 382 2677 504 2709; x_wconf 83' lang='lat' dir='ltr'>Graecis</span> <span class='ocrx_word' id='word_1_239' title='bbox 515 2677 577 2717; x_wconf 70' lang='grc' dir='ltr'><strong><em>ὕες,</em></strong></span> <span class='ocrx_word' id='word_1_240' title='bbox 593 2690 658 2710; x_wconf 78' lang='lat' dir='ltr'>sues</span> <span class='ocrx_word' id='word_1_241' title='bbox 672 2685 746 2710; x_wconf 90' lang='lat' dir='ltr'>sunt</span> <span class='ocrx_word' id='word_1_242' title='bbox 760 2692 768 2718; x_wconf 84' lang='lat'>;</span> <span class='ocrx_word' id='word_1_243' title='bbox 792 2679 865 2711; x_wconf 86' lang='lat' dir='ltr'>vide</span> 
     </span>
     <span class='ocr_line' id='line_1_44' title="bbox 190 2724 866 2761; baseline 0.007 -7"><span class='ocrx_word' id='word_1_244' title='bbox 190 2724 458 2761; x_wconf 79' lang='lat' dir='ltr'>Gellium,Noct.</span> <span class='ocrx_word' id='word_1_245' title='bbox 479 2727 582 2760; x_wconf 76' lang='lat' dir='ltr'>Attio.</span> <span class='ocrx_word' id='word_1_246' title='bbox 598 2727 666 2760; x_wconf 87' lang='lat' dir='ltr'>xiii.</span> <span class='ocrx_word' id='word_1_247' title='bbox 681 2730 714 2760; x_wconf 89' lang='lat'>9.</span> <span class='ocrx_word' id='word_1_248' title='bbox 765 2729 810 2759; x_wconf 89' lang='lat' dir='ltr'>Ex</span> <span class='ocrx_word' id='word_1_249' title='bbox 829 2739 866 2760; x_wconf 77' lang='lat' dir='ltr'>ea</span> 
     </span>
    </p>
   </div>
   <div class='ocr_carea' id='block_1_11' title="bbox 930 1581 1612 2724">
    <p class='ocr_par' dir='ltr' id='par_1_13' title="bbox 931 1581 1610 1873">
     <span class='ocr_line' id='line_1_45' title="bbox 931 1581 1608 1624; baseline 0 -13"><span class='ocrx_word' id='word_1_250' title='bbox 931 1581 1079 1623; x_wconf 84' lang='lat' dir='ltr'>opinione</span> <span class='ocrx_word' id='word_1_251' title='bbox 1091 1581 1185 1612; x_wconf 77' lang='lat' dir='ltr'>etiam</span> <span class='ocrx_word' id='word_1_252' title='bbox 1199 1582 1446 1624; x_wconf 80' lang='lat' dir='ltr'>Nostergregem</span> <span class='ocrx_word' id='word_1_253' title='bbox 1461 1581 1608 1622; x_wconf 74' lang='lat' dir='ltr'>Hyadum</span> 
     </span>
     <span class='ocr_line' id='line_1_46' title="bbox 932 1630 1610 1662; baseline 0.001 -1"><span class='ocrx_word' id='word_1_254' title='bbox 932 1630 1023 1661; x_wconf 81' lang='lat' dir='ltr'>dixit.</span> <span class='ocrx_word' id='word_1_255' title='bbox 1071 1631 1228 1661; x_wconf 86' lang='lat' dir='ltr'>Nonnulli</span> <span class='ocrx_word' id='word_1_256' title='bbox 1253 1641 1369 1662; x_wconf 89' lang='lat' dir='ltr'>nomen</span> <span class='ocrx_word' id='word_1_257' title='bbox 1390 1630 1464 1662; x_wconf 90' lang='lat' dir='ltr'>inde</span> <span class='ocrx_word' id='word_1_258' title='bbox 1485 1630 1610 1662; x_wconf 81' lang='lat' dir='ltr'>deriva-</span> 
     </span>
     <span class='ocr_line' id='line_1_47' title="bbox 931 1680 1610 1723; baseline 0.001 -12"><span class='ocrx_word' id='word_1_259' title='bbox 931 1681 1021 1717; x_wconf 83' lang='lat' dir='ltr'>bant,</span> <span class='ocrx_word' id='word_1_260' title='bbox 1039 1680 1115 1722; x_wconf 85' lang='lat' dir='ltr'>quia</span> <span class='ocrx_word' id='word_1_261' title='bbox 1131 1680 1163 1711; x_wconf 87' lang='lat' dir='ltr'>in</span> <span class='ocrx_word' id='word_1_262' title='bbox 1185 1680 1315 1712; x_wconf 83' lang='lat' dir='ltr'>modum</span> <span class='ocrx_word' id='word_1_263' title='bbox 1336 1685 1360 1712; x_wconf 82' lang='grc' dir='ltr'>Υ</span> <span class='ocrx_word' id='word_1_264' title='bbox 1382 1681 1480 1712; x_wconf 83' lang='lat' dir='ltr'>literae</span> <span class='ocrx_word' id='word_1_265' title='bbox 1501 1680 1610 1723; x_wconf 88' lang='lat' dir='ltr'>positae</span> 
     </span>
     <span class='ocr_line' id='line_1_48' title="bbox 933 1730 1610 1770; baseline 0.001 -9"><span class='ocrx_word' id='word_1_266' title='bbox 933 1737 1026 1770; x_wconf 79' lang='lat' dir='ltr'>sunt3</span> <span class='ocrx_word' id='word_1_267' title='bbox 1065 1730 1122 1761; x_wconf 88' lang='lat' dir='ltr'>sed</span> <span class='ocrx_word' id='word_1_268' title='bbox 1152 1736 1274 1762; x_wconf 80' lang='lat' dir='ltr'>certum</span> <span class='ocrx_word' id='word_1_269' title='bbox 1302 1736 1364 1767; x_wconf 84' lang='lat' dir='ltr'>est,</span> <span class='ocrx_word' id='word_1_270' title='bbox 1395 1741 1448 1762; x_wconf 78' lang='lat' dir='ltr'>eas</span> <span class='ocrx_word' id='word_1_271' title='bbox 1475 1741 1494 1762; x_wconf 86' lang='lat' dir='ltr'>a</span> <span class='ocrx_word' id='word_1_272' title='bbox 1514 1731 1610 1762; x_wconf 87' lang='lat' dir='ltr'>verbo</span> 
     </span>
     <span class='ocr_line' id='line_1_49' title="bbox 935 1780 1610 1823; baseline 0 -11"><span class='ocrx_word' id='word_1_273' title='bbox 935 1782 1014 1817; x_wconf 76' lang='grc' dir='ltr'>ὒειν,</span> <span class='ocrx_word' id='word_1_274' title='bbox 1030 1783 1147 1821; x_wconf 78' lang='lat' dir='ltr'>pluere,</span> <span class='ocrx_word' id='word_1_275' title='bbox 1164 1780 1355 1823; x_wconf 86' lang='lat' dir='ltr'>appellatas,</span> <span class='ocrx_word' id='word_1_276' title='bbox 1372 1781 1449 1823; x_wconf 89' lang='lat' dir='ltr'>quia</span> <span class='ocrx_word' id='word_1_277' title='bbox 1466 1786 1534 1812; x_wconf 91' lang='lat' dir='ltr'>ortu</span> <span class='ocrx_word' id='word_1_278' title='bbox 1554 1791 1610 1812; x_wconf 89' lang='lat' dir='ltr'>suo</span> 
     </span>
     <span class='ocr_line' id='line_1_50' title="bbox 933 1830 1433 1873; baseline 0.002 -12"><span class='ocrx_word' id='word_1_279' title='bbox 933 1831 1058 1873; x_wconf 84' lang='lat' dir='ltr'>pluvias</span> <span class='ocrx_word' id='word_1_280' title='bbox 1074 1831 1195 1863; x_wconf 85' lang='lat' dir='ltr'>adferre</span> <span class='ocrx_word' id='word_1_281' title='bbox 1209 1830 1433 1862; x_wconf 84' lang='lat' dir='ltr'>credebantur.</span> 
     </span>
    </p>

    <p class='ocr_par' dir='ltr' id='par_1_14' title="bbox 930 1881 1612 2724">
     <span class='ocr_line' id='line_1_51' title="bbox 979 1881 1611 1924; baseline 0.002 -13"><span class='ocrx_word' id='word_1_282' title='bbox 979 1882 1039 1912; x_wconf 87' lang='grc'>168</span> <span class='ocrx_word' id='word_1_283' title='bbox 1070 1892 1140 1924; x_wconf 89' lang='lat' dir='ltr'>sqq.</span> <span class='ocrx_word' id='word_1_284' title='bbox 1174 1881 1252 1912; x_wconf 84' lang='lat' dir='ltr'>Haec</span> <span class='ocrx_word' id='word_1_285' title='bbox 1284 1887 1316 1913; x_wconf 91' lang='lat' dir='ltr'>et</span> <span class='ocrx_word' id='word_1_286' title='bbox 1344 1881 1491 1924; x_wconf 86' lang='lat' dir='ltr'>Hyginus</span> <span class='ocrx_word' id='word_1_287' title='bbox 1520 1881 1611 1913; x_wconf 90' lang='lat' dir='ltr'>Poet.</span> 
     </span>
     <span class='ocr_line' id='line_1_52' title="bbox 933 1930 1610 1963; baseline 0.001 -2"><span class='ocrx_word' id='word_1_288' title='bbox 933 1930 1060 1963; x_wconf 80' lang='lat' dir='ltr'>Astron.</span> <span class='ocrx_word' id='word_1_289' title='bbox 1075 1931 1161 1963; x_wconf 83' lang='lat' dir='ltr'>dicto</span> <span class='ocrx_word' id='word_1_290' title='bbox 1174 1932 1243 1963; x_wconf 87' lang='lat' dir='ltr'>loco</span> <span class='ocrx_word' id='word_1_291' title='bbox 1257 1931 1365 1963; x_wconf 88' lang='lat' dir='ltr'>habet.</span> <span class='ocrx_word' id='word_1_292' title='bbox 1399 1932 1514 1963; x_wconf 81' lang='lat' dir='ltr'>Oceani</span> <span class='ocrx_word' id='word_1_293' title='bbox 1527 1931 1610 1963; x_wconf 86' lang='lat' dir='ltr'>filius</span> 
     </span>
     <span class='ocr_line' id='line_1_53' title="bbox 933 1981 1612 2024; baseline 0.001 -13"><span class='ocrx_word' id='word_1_294' title='bbox 933 1983 1032 2018; x_wconf 79' lang='lat' dir='ltr'>Atlas,</span> <span class='ocrx_word' id='word_1_295' title='bbox 1054 1983 1093 2012; x_wconf 87' lang='lat' dir='ltr'>de</span> <span class='ocrx_word' id='word_1_296' title='bbox 1118 1993 1180 2024; x_wconf 89' lang='lat' dir='ltr'>quo</span> <span class='ocrx_word' id='word_1_297' title='bbox 1199 1982 1272 2013; x_wconf 90' lang='lat' dir='ltr'>vide</span> <span class='ocrx_word' id='word_1_298' title='bbox 1295 1981 1336 2012; x_wconf 89' lang='lat' dir='ltr'>ad</span> <span class='ocrx_word' id='word_1_299' title='bbox 1362 1982 1446 2012; x_wconf 88' lang='lat' dir='ltr'>Met.</span> <span class='ocrx_word' id='word_1_300' title='bbox 1466 1981 1512 2012; x_wconf 87' lang='lat' dir='ltr'>iv.</span> <span class='ocrx_word' id='word_1_301' title='bbox 1535 1981 1612 2012; x_wconf 87' lang='lat'>630.</span> 
     </span>
     <span class='ocr_line' id='line_1_54' title="bbox 933 2031 1610 2063; baseline -0.001 0"><span class='ocrx_word' id='word_1_302' title='bbox 933 2032 1010 2063; x_wconf 88' lang='grc'><strong>656.</strong></span> <span class='ocrx_word' id='word_1_303' title='bbox 1048 2032 1160 2063; x_wconf 75' lang='lat' dir='ltr'>AEthra</span> <span class='ocrx_word' id='word_1_304' title='bbox 1176 2033 1216 2062; x_wconf 85' lang='lat' dir='ltr'>ab</span> <span class='ocrx_word' id='word_1_305' title='bbox 1232 2031 1302 2063; x_wconf 88' lang='lat' dir='ltr'>aliis</span> <span class='ocrx_word' id='word_1_306' title='bbox 1320 2031 1452 2062; x_wconf 86' lang='lat' dir='ltr'>Pleione</span> <span class='ocrx_word' id='word_1_307' title='bbox 1468 2037 1610 2063; x_wconf 86' lang='lat' dir='ltr'>vocatur.</span> 
     </span>
     <span class='ocr_line' id='line_1_55' title="bbox 933 2081 1606 2123; baseline -0.001 -10"><span class='ocrx_word' id='word_1_308' title='bbox 933 2082 1035 2119; x_wconf 92' lang='lat' dir='ltr'>Unus,</span> <span class='ocrx_word' id='word_1_309' title='bbox 1053 2084 1198 2113; x_wconf 80' lang='lat' dir='ltr'>maternis</span> <span class='ocrx_word' id='word_1_310' title='bbox 1216 2083 1340 2119; x_wconf 79' lang='lat' dir='ltr'>nisibus,</span> <span class='ocrx_word' id='word_1_311' title='bbox 1356 2081 1487 2123; x_wconf 86' lang='lat' dir='ltr'>quidam</span> <span class='ocrx_word' id='word_1_312' title='bbox 1504 2087 1606 2112; x_wconf 73' lang='lat' dir='ltr'>matu-</span> 
     </span>
     <span class='ocr_line' id='line_1_56' title="bbox 932 2131 1610 2174; baseline -0.001 -11"><span class='ocrx_word' id='word_1_313' title='bbox 932 2134 975 2163; x_wconf 83' lang='lat' dir='ltr'>ris</span> <span class='ocrx_word' id='word_1_314' title='bbox 995 2134 1142 2163; x_wconf 76' lang='lat' dir='ltr'>mensibus</span> <span class='ocrx_word' id='word_1_315' title='bbox 1160 2132 1324 2163; x_wconf 84' lang='lat' dir='ltr'>exhibent.</span> <span class='ocrx_word' id='word_1_316' title='bbox 1372 2131 1473 2168; x_wconf 76' lang='lat' dir='ltr'>Nova,</span> <span class='ocrx_word' id='word_1_317' title='bbox 1496 2131 1610 2174; x_wconf 84' lang='lat' dir='ltr'>prima.</span> 
     </span>
     <span class='ocr_line' id='line_1_57' title="bbox 935 2181 1611 2218; baseline 0 -5"><span class='ocrx_word' id='word_1_318' title='bbox 935 2183 1077 2214; x_wconf 79' lang='lat' dir='ltr'>Formido</span> <span class='ocrx_word' id='word_1_319' title='bbox 1090 2193 1172 2214; x_wconf 89' lang='lat' dir='ltr'>nunc</span> <span class='ocrx_word' id='word_1_320' title='bbox 1189 2193 1252 2214; x_wconf 88' lang='lat' dir='ltr'>non</span> <span class='ocrx_word' id='word_1_321' title='bbox 1262 2188 1311 2214; x_wconf 86' lang='lat' dir='ltr'>est</span> <span class='ocrx_word' id='word_1_322' title='bbox 1326 2188 1440 2218; x_wconf 86' lang='lat' dir='ltr'>metus,</span> <span class='ocrx_word' id='word_1_323' title='bbox 1453 2181 1511 2213; x_wconf 87' lang='lat' dir='ltr'>sed</span> <span class='ocrx_word' id='word_1_324' title='bbox 1526 2181 1611 2213; x_wconf 84' lang='lat' dir='ltr'>funis</span> 
     </span>
     <span class='ocr_line' id='line_1_58' title="bbox 933 2231 1611 2274; baseline 0.001 -12"><span class='ocrx_word' id='word_1_325' title='bbox 933 2232 1129 2268; x_wconf 86' lang='lat' dir='ltr'>venatorius,</span> <span class='ocrx_word' id='word_1_326' title='bbox 1146 2232 1387 2264; x_wconf 82' lang='lat' dir='ltr'>versicoloribus</span> <span class='ocrx_word' id='word_1_327' title='bbox 1408 2231 1526 2274; x_wconf 88' lang='lat' dir='ltr'>plumis</span> <span class='ocrx_word' id='word_1_328' title='bbox 1545 2231 1611 2263; x_wconf 90' lang='lat' dir='ltr'>dis-</span> 
     </span>
     <span class='ocr_line' id='line_1_59' title="bbox 933 2281 1611 2324; baseline 0.001 -12"><span class='ocrx_word' id='word_1_329' title='bbox 933 2282 1062 2318; x_wconf 85' lang='lat' dir='ltr'>tinctus,</span> <span class='ocrx_word' id='word_1_330' title='bbox 1093 2292 1155 2323; x_wconf 88' lang='lat' dir='ltr'>quo</span> <span class='ocrx_word' id='word_1_331' title='bbox 1185 2281 1270 2313; x_wconf 85' lang='lat' dir='ltr'>cervi</span> <span class='ocrx_word' id='word_1_332' title='bbox 1300 2281 1399 2313; x_wconf 86' lang='lat' dir='ltr'>territi</span> <span class='ocrx_word' id='word_1_333' title='bbox 1428 2281 1462 2313; x_wconf 90' lang='lat' dir='ltr'>in</span> <span class='ocrx_word' id='word_1_334' title='bbox 1498 2281 1611 2324; x_wconf 84' lang='lat' dir='ltr'>plagas</span> 
     </span>
     <span class='ocr_line' id='line_1_60' title="bbox 933 2331 1609 2374; baseline 0 -12"><span class='ocrx_word' id='word_1_335' title='bbox 933 2338 1080 2363; x_wconf 82' lang='lat' dir='ltr'>extensas</span> <span class='ocrx_word' id='word_1_336' title='bbox 1104 2333 1287 2371; x_wconf 80' lang='lat' dir='ltr'>irruebant3</span> <span class='ocrx_word' id='word_1_337' title='bbox 1324 2332 1448 2363; x_wconf 85' lang='lat' dir='ltr'>Seneca</span> <span class='ocrx_word' id='word_1_338' title='bbox 1474 2331 1609 2374; x_wconf 78' lang='lat' dir='ltr'>Hippoi.</span> 
     </span>
     <span class='ocr_line' id='line_1_61' title="bbox 934 2382 1612 2424; baseline -0.001 -11"><span class='ocrx_word' id='word_1_339' title='bbox 934 2382 977 2413; x_wconf 83' lang='lat'>46</span> <span class='ocrx_word' id='word_1_340' title='bbox 994 2394 1000 2413; x_wconf 90' lang='lat'>:</span> <span class='ocrx_word' id='word_1_341' title='bbox 1041 2386 1060 2399; x_wconf 92' lang='lat'><strong>“</strong></span> <span class='ocrx_word' id='word_1_342' title='bbox 1074 2382 1169 2413; x_wconf 85' lang='lat' dir='ltr'>Picta</span> <span class='ocrx_word' id='word_1_343' title='bbox 1212 2382 1339 2414; x_wconf 86' lang='lat' dir='ltr'>rubenti</span> <span class='ocrx_word' id='word_1_344' title='bbox 1382 2382 1469 2413; x_wconf 83' lang='lat' dir='ltr'>linea</span> <span class='ocrx_word' id='word_1_345' title='bbox 1505 2392 1612 2424; x_wconf 86' lang='lat' dir='ltr'>penna</span> 
     </span>
     <span class='ocr_line' id='line_1_62' title="bbox 935 2432 1610 2464; baseline 0 -1"><span class='ocrx_word' id='word_1_346' title='bbox 935 2433 1028 2463; x_wconf 76' lang='lat' dir='ltr'>Vano</span> <span class='ocrx_word' id='word_1_347' title='bbox 1056 2432 1166 2464; x_wconf 72' lang='lat' dir='ltr'>cludat</span> <span class='ocrx_word' id='word_1_348' title='bbox 1195 2439 1310 2463; x_wconf 86' lang='lat' dir='ltr'>terrore</span> <span class='ocrx_word' id='word_1_349' title='bbox 1336 2432 1452 2464; x_wconf 87' lang='lat' dir='ltr'>feras.”</span> <span class='ocrx_word' id='word_1_350' title='bbox 1499 2432 1610 2463; x_wconf 82' lang='lat' dir='ltr'>Praeda</span> 
     </span>
     <span class='ocr_line' id='line_1_63' title="bbox 935 2481 1611 2525; baseline 0.003 -14"><span class='ocrx_word' id='word_1_351' title='bbox 935 2482 1088 2524; x_wconf 77' lang='lat' dir='ltr'>benigna,·</span> <span class='ocrx_word' id='word_1_352' title='bbox 1115 2481 1289 2524; x_wconf 84' lang='lat' dir='ltr'>acquiescit</span> <span class='ocrx_word' id='word_1_353' title='bbox 1317 2482 1372 2513; x_wconf 87' lang='lat' dir='ltr'>illa</span> <span class='ocrx_word' id='word_1_354' title='bbox 1398 2482 1519 2525; x_wconf 85' lang='lat' dir='ltr'>praeda,</span> <span class='ocrx_word' id='word_1_355' title='bbox 1543 2492 1611 2513; x_wconf 83' lang='lat' dir='ltr'>ma-</span> 
     </span>
     <span class='ocr_line' id='line_1_64' title="bbox 930 2531 1609 2575; baseline 0.001 -13"><span class='ocrx_word' id='word_1_356' title='bbox 930 2531 1032 2573; x_wconf 85' lang='lat' dir='ltr'>jorem</span> <span class='ocrx_word' id='word_1_357' title='bbox 1055 2542 1116 2562; x_wconf 91' lang='lat' dir='ltr'>non</span> <span class='ocrx_word' id='word_1_358' title='bbox 1140 2532 1272 2574; x_wconf 83' lang='lat' dir='ltr'>appetit.</span> <span class='ocrx_word' id='word_1_359' title='bbox 1320 2532 1436 2574; x_wconf 77' lang='lat' dir='ltr'>Libyca</span> <span class='ocrx_word' id='word_1_360' title='bbox 1445 2532 1524 2575; x_wconf 82' lang='lat' dir='ltr'>fera</span> <span class='ocrx_word' id='word_1_361' title='bbox 1543 2532 1609 2563; x_wconf 93' lang='lat' dir='ltr'>leo-</span> 
     </span>
     <span class='ocr_line' id='line_1_65' title="bbox 935 2581 1610 2624; baseline 0.001 -12"><span class='ocrx_word' id='word_1_362' title='bbox 935 2592 1008 2612; x_wconf 87' lang='lat' dir='ltr'>nem</span> <span class='ocrx_word' id='word_1_363' title='bbox 1033 2581 1203 2624; x_wconf 81' lang='lat' dir='ltr'>designat3</span> <span class='ocrx_word' id='word_1_364' title='bbox 1241 2582 1351 2614; x_wconf 84' lang='lat' dir='ltr'>Africa</span> <span class='ocrx_word' id='word_1_365' title='bbox 1375 2582 1460 2614; x_wconf 85' lang='lat' dir='ltr'>enim</span> <span class='ocrx_word' id='word_1_366' title='bbox 1491 2583 1610 2613; x_wconf 78' lang='lat' dir='ltr'>leonum</span> 
     </span>
     <span class='ocr_line' id='line_1_66' title="bbox 935 2632 1607 2670; baseline 0 -7"><span class='ocrx_word' id='word_1_367' title='bbox 935 2633 1025 2663; x_wconf 76' lang='lat' dir='ltr'>arida</span> <span class='ocrx_word' id='word_1_368' title='bbox 1039 2634 1146 2664; x_wconf 68' lang='lat' dir='ltr'>nutrix</span> <span class='ocrx_word' id='word_1_369' title='bbox 1164 2633 1309 2670; x_wconf 85' lang='lat' dir='ltr'>Horatio,</span> <span class='ocrx_word' id='word_1_370' title='bbox 1322 2632 1344 2665; x_wconf 90' lang='lat' dir='ltr'>i.</span> <span class='ocrx_word' id='word_1_371' title='bbox 1360 2632 1427 2665; x_wconf 88' lang='lat' dir='ltr'>od.</span> <span class='ocrx_word' id='word_1_372' title='bbox 1440 2634 1494 2664; x_wconf 81' lang='lat'>22.</span> <span class='ocrx_word' id='word_1_373' title='bbox 1520 2633 1607 2668; x_wconf 85' lang='lat' dir='ltr'>Feta,</span> 
     </span>
     <span class='ocr_line' id='line_1_67' title="bbox 936 2682 1302 2724; baseline 0.003 -11"><span class='ocrx_word' id='word_1_374' title='bbox 936 2692 1007 2724; x_wconf 86' lang='lat' dir='ltr'>quae</span> <span class='ocrx_word' id='word_1_375' title='bbox 1023 2682 1117 2714; x_wconf 85' lang='lat' dir='ltr'>modo</span> <span class='ocrx_word' id='word_1_376' title='bbox 1132 2683 1226 2714; x_wconf 82' lang='lat' dir='ltr'>enixa</span> <span class='ocrx_word' id='word_1_377' title='bbox 1241 2689 1302 2714; x_wconf 90' lang='lat' dir='ltr'>est.</span> 
     </span>
    </p>
   </div>
  </div>
 </body>
</html>
