1830 3220
526 171 877 214 FASTORUM
913 172 1035 214 LIB.
1072 172 1108 214 Ι.
1484 176 1541 216 45

121 290 296 339 Africa
315 290 556 338 victorem
583 290 647 337 de
673 306 726 337 se
751 297 928 338 vocat:
970 291 1096 338 alter
1122 290 1339 350 Isauras,

191 369 296 416 Aut
323 368 533 416 Cretum
559 367 776 415 domitas
803 367 1109 416 testificatur
1133 386 1273 433 opes.

123 446 276 495 Hunc
304 445 542 493 Numidae
567 445 774 503 faciunt,
797 445 939 492 illum
966 445 1210 495 Messana
1236 451 1539 514 superbum:

193 525 286 573 Ille
314 523 628 572 Numantina
648 523 803 570 traxit
829 523 892 570 ab
919 524 1042 571 urbe
1069 532 1255 574 notam.

1447 532 1543 577 596

126 602 194 650 Et
218 611 431 651 mortem
457 610 507 650 et
532 617 717 649 nomen
741 600 908 648 Druso
936 601 1213 651 Germania
1237 604 1373 653 fecit.

195 668 284 729 Me
305 680 572 729 miserum!
611 679 769 727 virtus
798 696 952 743 quam
980 681 1145 728 brevis
1171 681 1257 729 illa
1282 682 1402 731 fuit!

129 759 184 807 Si
211 766 353 825 petat
378 776 407 807 a
431 760 580 806 victis
603 778 613 817 ;
655 765 732 806 tot
758 766 925 806 sumat
949 759 1156 807 nomina
1183 760 1372 818 Caesar,

197 837 336 893 Quot
360 854 569 885 nurnero
596 843 773 900 gentes
795 836 1048 884 maximus
1076 838 1210 885 orbis
1237 839 1405 888 habet.
1453 844 1551 889 GOO

129 915 211 964 Ex
236 933 336 964 uno
356 917 565 981 quidam
592 916 836 971 celebres,
867 924 954 962 aut
980 917 1176 979 torquis
1204 917 1438 975 ademtae,

196 994 302 1042 Aut
326 995 460 1043 corvi
485 994 659 1042 titulos
686 995 943 1042 auxiliaris
970 995 1178 1043 habent.

130 1072 337 1135 Magne,
358 1080 502 1120 tuum
529 1089 713 1120 nomen
738 1089 904 1120 rerum
931 1090 1167 1121 mensura
1191 1081 1392 1122 tuarum
1419 1084 1527 1125 est:

201 1151 306 1199 Sed
333 1151 420 1215 qui
446 1159 496 1199 te
520 1151 655 1206 vicit,
683 1151 885 1198 nomine
912 1153 1070 1215 major
1096 1159 1219 1200 erat.

131 1229 243 1278 Nec
269 1230 455 1293 gradus
475 1236 555 1277 est
578 1229 711 1276 ultra
738 1228 920 1276 Fabios
947 1231 1265 1292 cognominis
1291 1231 1440 1278 ullus.

199 1308 296 1356 Illa
319 1308 498 1356 domus
524 1307 718 1355 meritis
746 1306 976 1355 Maxima
1001 1308 1139 1356 dicta
1163 1309 1287 1357 suis.

134 1476 212 1502 tarn.
262 1471 397 1502 Senatus
426 1470 486 1512 ipsi
518 1469 715 1512 posterisque
745 1470 813 1512 ejus

137 1522 316 1552 Germanici
346 1518 521 1561 cognomen
550 1520 708 1557 decrevit3
735 1523 812 1551 Sue-

137 1571 254 1608 tonius,
270 1570 387 1602 Claud.
402 1572 415 1600 l
433 1582 440 1609 3
459 1570 535 1606 Dio,
553 1570 608 1601 lib.
626 1582 678 1601 xv.
709 1571 814 1601 Virtus

135 1621 204 1652 illa.
239 1620 395 1657 Velleius,
411 1620 445 1651 ii.
460 1621 514 1651 97.
540 1619 579 1651 de
600 1630 658 1650 eo:
684 1624 706 1637 “
726 1620 813 1651 Ado-

135 1671 259 1703 lescens
271 1677 317 1702 tot
331 1676 555 1713 tantarumque
566 1670 730 1706 virtutum,
739 1676 815 1712 quot

137 1727 170 1752 et
185 1728 321 1764 quantas
336 1727 450 1752 natura
465 1720 609 1752 mortalis
625 1720 749 1763 recipit,
762 1720 813 1752 vel

137 1771 293 1803 industria
319 1771 475 1814 perficit.''
512 1771 588 1802 vid.
610 1771 679 1813 ejus
703 1771 815 1802 laudes

138 1822 235 1854 etiam
255 1823 367 1853 Horat.
384 1822 445 1854 IV.
463 1821 526 1853 Od.
543 1823 574 1852 4.
620 1821 727 1853 Julius
742 1821 813 1853 Cae-

139 1883 190 1903 sar
215 1871 403 1913 cognomine
427 1871 516 1902 nullo
540 1870 709 1913 insignitus
728 1876 815 1910 erat3

139 1922 238 1955 nihilo
263 1929 373 1954 tamen
396 1921 501 1953 minus
531 1921 582 1953 hic
607 1922 675 1964 ejus
698 1921 816 1952 mentio

138 1973 184 2010 fit,
201 1980 233 2005 et
249 1973 282 2004 in
303 1972 474 2004 maximam
490 1973 559 2015 ejus
584 1971 725 2003 laudem.
758 1971 816 2002 Vi-

139 2029 228 2055 cerat
248 2022 332 2055 enim
357 2023 411 2054 ille
437 2028 550 2064 gentes
566 2032 696 2053 numero
712 2021 817 2052 infini-

141 2081 202 2106 tas.
242 2073 315 2106 Cic.
332 2085 388 2116 pro
405 2074 509 2104 Marc.
525 2075 557 2105 2.

186 2126 262 2157 601.
277 2125 314 2157 T.
331 2124 475 2155 Manlius
489 2124 681 2166 Torquatus,
698 2123 753 2165 qui
769 2134 821 2154 an.

144 2177 186 2208 U.
203 2176 242 2208 C.
259 2177 336 2207 392.
359 2174 400 2206 ad
424 2174 583 2206 Anienem
609 2174 709 2211 Galli,
726 2185 821 2216 quem

143 2227 184 2257 ab
216 2237 253 2258 eo
285 2231 476 2268 provocatus
509 2224 682 2261 occiderat,
716 2231 821 2265 torque

143 2275 298 2312 detracto,
315 2286 493 2317 cognomen
507 2274 653 2314 invenit;
669 2274 739 2306 Cic.
752 2274 819 2305 Off.

143 2325 190 2357 iii.
217 2327 282 2366 313
306 2325 380 2357 Liv.
405 2325 471 2357 viii.
497 2326 550 2356 10.
595 2326 644 2356 Μ.
671 2324 821 2356 Valerius

146 2377 314 2414 Corvinus,
343 2376 430 2408 Trib.
461 2375 610 2412 militum,
640 2386 691 2407 an.
716 2376 759 2407 U.
783 2376 822 2407 C.

146 2428 222 2459 406.
251 2427 384 2459 Gallum
412 2425 634 2468 magnitudine
667 2431 700 2456 et
726 2425 822 2457 armis

145 2477 303 2520 insignem
324 2477 358 2508 in
374 2476 546 2509 certamine
567 2475 720 2518 singulari
737 2476 820 2507 occi-

147 2527 207 2564 dit,
225 2527 353 2570 adjutus
368 2538 387 2558 a
402 2538 499 2563 corvo,
515 2525 583 2567 qui,
600 2526 632 2556 in
647 2526 741 2568 galea
755 2526 823 2568 ejus

147 2578 274 2615 sedens,
289 2576 552 2620 quotiescumque
577 2583 737 2608 certamen
762 2575 822 2607 ini-

149 2634 218 2659 tum
234 2633 294 2665 est,
309 2638 344 2659 os
360 2628 531 2669 oculosque
551 2626 651 2658 hostis
671 2633 769 2658 rostro
792 2633 824 2657 et

150 2678 311 2721 unguibus
335 2677 489 2720 appetiit3
515 2676 585 2708 Liv.
601 2676 655 2708 vii.
671 2677 724 2708 26.
763 2677 826 2708 Cn.

150 2728 302 2770 Pompeio
321 2728 432 2769 Magni
451 2738 628 2769 cognomen
652 2727 692 2758 ab
719 2737 826 2758 assen-

153 2777 273 2809 tatione
298 2777 447 2809 familiari
473 2777 637 2808 tributum.
663 2776 733 2808 Liv.
755 2788 830 2808 xxx.

1453 1313 1550 1358 606

883 1471 938 1502 45.
989 1471 1118 1503 Nomine
1144 1476 1253 1514 major,
1285 1484 1438 1515 superans
1467 1484 1560 1505 omne

882 1531 997 1552 nomen
1027 1532 1063 1553 ac
1089 1522 1209 1554 titulos.
1253 1523 1413 1555 Taubner.
1442 1531 1560 1560 monet,

884 1570 1035 1602 Ovidium
1074 1583 1130 1614 per
1168 1574 1285 1614 gradus
1322 1573 1366 1604 ire
1397 1573 1557 1605 voluisse:

884 1620 1055 1663 Pompeius
1083 1623 1142 1654 fuit
1170 1635 1311 1666 magnus,
1333 1624 1442 1655 Caesar
1465 1627 1562 1665 major

884 1682 987 1703 rerum
1013 1678 1174 1714 gestarum
1196 1674 1306 1716 gloria,
1328 1675 1446 1705 Fabius
1466 1677 1561 1705 maii-

886 1733 963 1752 mus.
1005 1722 1079 1753 Non
1096 1724 1204 1765 probo.

928 1773 1002 1804 605.
1026 1773 1089 1804 An.
1106 1774 1148 1805 U.
1164 1774 1203 1805 C.
1225 1775 1300 1810 499,
1324 1785 1421 1816 quum
1446 1775 1563 1807 Fabius

884 1833 1012 1853 omnem
1040 1824 1195 1855 forensem
1221 1825 1346 1855 turbam
1371 1825 1403 1855 in
1428 1832 1565 1868 quatuor

885 1873 984 1904 tribus
1003 1873 1202 1915 conjecisset,
1220 1875 1422 1916 urbanasque
1437 1886 1492 1906 eas
1507 1886 1564 1918 ap-

885 1923 1046 1965 pellasset,
1070 1928 1090 1941 “
1109 1924 1189 1955 adeo
1210 1935 1281 1956 eam
1306 1935 1371 1955 rem
1398 1932 1564 1967 acceptam

886 1973 983 2015 gratis
1008 1973 1122 2005 animis
1147 1975 1262 2011 ferunt,
1279 1980 1314 2005 ut
1337 1974 1475 2006 Maximi
1491 1986 1566 2017 eog-

887 2034 1014 2060 nomen,
1030 2024 1116 2066 quod
1138 2030 1184 2055 tot
1199 2023 1337 2055 victoriis
1358 2035 1419 2055 non
1435 2036 1567 2067 pepere-

888 2081 948 2110 rat,
964 2073 1023 2105 hac
1047 2073 1194 2105 ordinum
1218 2074 1448 2117 temperatione
1474 2087 1566 2118 pare-

889 2129 935 2155 ret
946 2123 978 2163 3²¹
1003 2123 1072 2155 Liv.
1088 2123 1132 2155 ix.
1156 2126 1210 2156 46.
1231 2131 1311 2156 extr.
1359 2125 1422 2156 Illa
1448 2127 1563 2164 domus,

892 2174 1008 2206 mansit
1024 2175 1106 2205 enim
1123 2175 1150 2206 ei
1167 2175 1255 2217 genti
1273 2175 1331 2206 hoc
1354 2186 1480 2207 nomen.
1526 2177 1568 2207 Et

890 2224 992 2256 omnis
1020 2224 1077 2256 illa
1108 2225 1229 2256 familia
1259 2225 1298 2256 de
1328 2224 1458 2257 civitate
1484 2227 1567 2258 bene

890 2274 1026 2313 meruit;
1056 2274 1089 2305 ii.
1122 2276 1183 2306 195
1210 2285 1302 2316 seqq.
1350 2275 1475 2312 Sancta,
1506 2282 1569 2308 ete.

891 2324 1014 2355 Glossae
1053 2324 1233 2361 Philoxeni,
1273 2325 1445 2367 Augustus,
1475 2325 1567 2369 ἱερὸς,

890 2381 1024 2406 sanctus.
1063 2374 1264 2412 Quibusdam
1281 2375 1485 2407 censentibus
1502 2378 1567 2408 Oc-

890 2424 1056 2456 tavianum
1084 2425 1260 2456 Romulum
1294 2425 1449 2468 appellari
1480 2438 1570 2469 opor-

891 2481 967 2511 tere,
989 2475 1170 2518 praevaluit,
1194 2481 1230 2506 ut
1250 2475 1417 2517 Augustus
1439 2487 1568 2508 vocare-

892 2531 953 2562 tur,
969 2536 1031 2556 non
1044 2531 1167 2556 tantum
1192 2535 1285 2562 novo,
1302 2525 1356 2557 sed
1373 2532 1404 2557 et
1420 2527 1570 2569 ampliore

892 2574 1092 2617 cognomine,
1108 2580 1129 2593 “
1147 2575 1232 2618 quod
1255 2575 1327 2607 loca
1348 2587 1476 2618 quoque
1497 2576 1571 2608 reli-

893 2627 991 2668 giosa,
1009 2631 1041 2657 et
1056 2626 1089 2657 in
1105 2626 1220 2668 quibus
1237 2632 1393 2668 augurato
1404 2626 1481 2668 quid
1495 2637 1571 2657 con-

895 2681 1047 2713 secratur,
1072 2681 1208 2717 augusta
1229 2675 1387 2712 dicantur,
1403 2677 1442 2707 ab
1464 2681 1572 2712 auctu,

896 2726 946 2757 vel
977 2727 1016 2757 ab
1047 2726 1153 2757 avium
1183 2732 1276 2768 gestu
1313 2732 1459 2767 gustuve,
1489 2725 1572 2756 sicut

898 2777 994 2808 etiam
1008 2776 1128 2807 Ennius
1143 2776 1248 2813 docet,
1260 2775 1420 2814 scribens3
1445 2775 1574 2817 Augus-
