1809 3220
237 160 323 201 240

620 156 671 197 Ρ.
707 155 923 197 OVIDII
958 154 1241 196 NASONIS

237 276 445 324 Flamen
470 273 520 319 in
547 272 765 334 antiquae
791 272 962 318 lucum
990 269 1257 332 Robiginis
1283 269 1404 323 ibat,

304 351 439 400 Exta
464 349 602 397 canis
628 348 860 404 flammis,
884 354 1005 395 exta
1028 348 1237 394 daturus
1263 345 1384 393 ovis.

235 429 473 478 Protinus
501 425 709 482 accessi,
738 426 860 472 ritus
886 442 950 472 ne
976 424 1177 472 nescius
1205 438 1387 470 essem.

306 505 482 554 Edidit
507 505 616 551 haec
644 503 852 550 Flamen
876 504 1045 558 verba,
1074 500 1300 557 Quirine,
1329 508 1446 547 tuus
1468 515 1477 546 ε

1551 499 1650 545 910

238 585 434 649 Aspera
459 583 676 645 Robigo,
701 597 879 645 parcas
904 580 1199 628 Cerealibus
1224 578 1423 634 herbis3

305 661 372 709 Et
396 668 579 708 tremat
604 660 654 706 in
682 676 879 706 summa
902 659 1026 705 laeve
1051 673 1295 705 cacumen
1320 656 1490 702 humo.

236 739 313 787 Tu
340 746 449 786 sata
473 737 720 784 sideribus
747 737 859 784 coeli
887 736 1073 783 nutrita
1099 733 1307 782 secundi

306 817 568 870 Crescere,
597 815 717 861 dum
743 815 866 861 fiant
889 813 1102 860 falcibus
1130 820 1263 876 apta,
1293 811 1445 857 sinas.

237 893 327 941 Vis
347 901 434 941 tua
454 909 553 939 non
574 892 697 939 levis
719 898 817 939 est:
848 907 961 954 quae
982 898 1035 937 tu
1056 890 1307 937 frumenta
1325 886 1526 943 notasti,
1554 887 1651 933 915

308 970 526 1017 Moestus
553 969 602 1015 in
631 968 826 1015 amissis
854 969 940 1015 illa
965 968 1174 1014 colonus
1200 967 1372 1013 habet.

239 1088 287 1119 sui
319 1086 361 1117 xi.
391 1096 462 1127 quae
501 1094 584 1115 nunc
619 1090 755 1126 aguntur
784 1083 825 1114 ad
856 1083 910 1114 vii.

241 1135 380 1168 Kalend.
396 1134 488 1170 Maii,
505 1134 654 1175 quoniam
677 1141 753 1165 tunc
779 1133 841 1164 fere
863 1143 911 1163 se-

238 1192 327 1228 getes
353 1184 464 1226 rubigo
494 1188 640 1225 occupat.
686 1184 757 1214 Hoc
789 1190 913 1224 tempus

238 1236 340 1266 Varro
364 1232 554 1265 determinat
579 1232 645 1263 sole
669 1232 766 1263 Tauri
792 1237 913 1274 partem

239 1284 397 1315 decimam
412 1282 585 1318 obtinente,
603 1282 686 1312 sicut
701 1288 776 1312 tunc
793 1281 915 1312 ferebat

239 1333 340 1371 ratio3
366 1332 421 1363 sed
443 1342 516 1362 vera
538 1341 635 1362 causa
658 1337 718 1367 est,
734 1330 819 1372 quod
843 1336 913 1372 post

240 1382 308 1413 dies
323 1380 521 1422 undeviginti
537 1382 576 1411 ab
596 1380 801 1422 AEquinoctio
817 1390 913 1410 verno

239 1442 295 1474 per
311 1431 343 1461 id
359 1429 575 1472 quatriduum,
591 1429 679 1460 varia
698 1429 840 1470 gentium
857 1429 911 1459 ob-

241 1479 429 1516 servatione,
447 1479 479 1510 in
499 1479 540 1509 iv.
556 1479 632 1510 Kal.
650 1479 730 1509 Maii
748 1478 845 1510 Canis
860 1489 913 1509 oc-

241 1529 343 1567 cidit;
381 1529 468 1559 sidus
492 1534 524 1559 et
546 1539 603 1570 per
627 1538 660 1559 se
683 1527 865 1563 vehemens,
882 1533 914 1558 et

241 1579 292 1610 cui
322 1577 532 1620 praeoceidere
564 1576 751 1607 Caniculam
787 1587 914 1608 necesse

242 1628 316 1660 sit.’'
363 1627 465 1658 Varro
489 1626 527 1657 de
553 1626 646 1667 Ling.
668 1625 775 1656 Latin.
790 1637 819 1656 v.
841 1637 915 1668 pag.

242 1678 282 1707 47
296 1690 302 1707 :
329 1681 349 1694 “
365 1675 539 1717 Robigalia
555 1675 641 1706 dicta
657 1686 675 1706 a
690 1675 826 1716 Robigo.
861 1676 915 1706 Se-

241 1727 382 1758 cundum
398 1732 519 1767 segetes
533 1725 606 1756 huic
624 1726 695 1756 Deo
711 1725 915 1761 sacrificatur,

243 1787 281 1807 ne
311 1775 419 1817 robigo
448 1779 583 1816 occupet
614 1774 774 1816 segetes.''
820 1773 916 1806 Adde

243 1825 390 1857 eumdem
416 1824 455 1855 de
478 1824 528 1854 Re
552 1824 648 1855 Rust.
672 1825 700 1855 Ι.
716 1824 737 1855 i.
754 1825 795 1862 63
820 1824 916 1855 Colu-

242 1874 372 1905 mellam
401 1885 433 1905 x.
463 1874 546 1909 343;
586 1873 626 1903 ad
653 1884 723 1915 quae
751 1873 821 1904 loca
847 1873 917 1904 vide

241 1923 424 1954 Schneider.
470 1923 646 1965 Disputant
679 1928 784 1954 autem
813 1929 918 1954 utrum

243 1975 362 2014 rubigo,
377 1983 416 2002 an
429 1973 531 2014 robigo
543 1972 747 2003 scribendum
761 1973 811 2003 sit.
858 1974 919 2003 Pro

246 2023 397 2063 Robigine
426 2021 509 2057 Dea,
542 2021 595 2052 alii
626 2022 779 2063 Robigum
810 2022 917 2052 Deum

242 2071 372 2106 habent,
394 2076 429 2101 ut
453 2071 566 2106 Varro,
583 2071 706 2107 Festus,
728 2081 765 2101 ac
792 2071 918 2102 Servius

245 2120 286 2151 ad
317 2120 434 2161 Georg.
467 2119 488 2150 i.
520 2120 591 2150 151.
621 2120 676 2150 ubi
706 2120 774 2150 haec
806 2126 916 2151 notat:

245 2173 265 2186 “
278 2169 359 2200 Inde
376 2174 408 2199 et
424 2168 567 2210 Robigus
584 2169 685 2205 Deus,
699 2175 730 2200 et
745 2180 836 2200 sacra
851 2170 919 2211 ejus

247 2218 380 2261 septimo
396 2218 471 2249 Kal.
487 2218 594 2249 Maias
615 2218 789 2259 Robigalia
810 2219 918 2260 appel-

246 2267 386 2299 lantur.'’
434 2268 594 2299 Caeterum
618 2267 723 2298 Graeci
740 2268 826 2298 Deos
847 2267 916 2310 ἐρυ-

246 2316 374 2357 σιβίους
388 2316 549 2347 habebant
561 2315 600 2347 ad
618 2317 821 2348 avertendam
837 2317 917 2348 robi-

247 2366 364 2408 ginem.

292 2415 362 2446 Hac
392 2415 571 2446 mihi—via.
617 2415 739 2446 Similia
769 2415 920 2457 figmenta

246 2476 311 2496 ver.
327 2465 402 2496 685.
417 2470 449 2495 et
469 2463 513 2494 iii.
530 2466 603 2495 541.
652 2465 845 2501 Nomentum,
863 2466 919 2496 Sa-

246 2514 390 2545 binorum
415 2513 577 2556 oppidum,
595 2524 613 2544 a
634 2524 696 2555 quo
711 2514 763 2545 via
779 2515 920 2545 Nomen-

248 2569 323 2594 tana
338 2563 434 2598 dicta,
451 2573 522 2603 quae
544 2563 718 2603 incipiebat
734 2573 752 2593 a
767 2563 921 2594 Viminali

247 2617 360 2653 porta;
386 2611 512 2642 Servius
536 2611 574 2642 ad
600 2612 676 2641 AEn.
693 2611 734 2642 vi.
755 2612 839 2650 773;
865 2611 920 2644 vii.

250 2662 323 2692 712.
370 2662 419 2692 Ea
433 2660 572 2692 ducebat
584 2660 615 2691 in
633 2662 736 2692 lucum
750 2661 919 2703 Robiginis.

251 2711 391 2742 Candida
409 2712 508 2742 turba.
554 2710 666 2741 Omnis
683 2716 785 2742 coetus
802 2710 918 2742 intelli-

980 1083 1063 1124 gitur
1089 1083 1129 1113 ad
1152 1092 1242 1113 sacra
1265 1078 1527 1123 procedentium;
1557 1077 1654 1109 etiam

980 1133 1120 1169 Tibullo,
1142 1132 1188 1163 11.
1216 1131 1237 1162 i.
1258 1133 1307 1162 15.
1331 1131 1465 1161 candida
1489 1130 1580 1160 turba
1606 1134 1655 1159 est

982 1182 1112 1218 familia,
1129 1193 1199 1224 quae
1223 1191 1338 1222 agnum
1359 1179 1392 1210 in
1407 1178 1655 1210 Ambarvalibus

983 1232 1023 1262 ad
1039 1242 1124 1262 aram
1146 1230 1377 1268 comitabatur3
1402 1229 1474 1260 vide
1498 1228 1538 1259 ad.
1554 1227 1575 1258 i.
1593 1228 1655 1266 79;

983 1281 1014 1312 ii.
1029 1282 1103 1312 654.
1150 1281 1303 1321 Antiquae,
1318 1279 1392 1310 inde
1408 1289 1427 1309 a
1443 1279 1559 1309 Numae
1576 1282 1657 1308 tem-

982 1330 1110 1372 poribus
1134 1330 1241 1361 cultae.
1288 1330 1338 1359 De
1360 1327 1576 1358 immolatione
1601 1338 1654 1358 ca-

982 1392 1056 1410 num
1071 1379 1143 1410 vide
1169 1379 1207 1409 ad
1230 1378 1251 1409 i.
1267 1379 1343 1409 389.
1390 1377 1428 1408 In
1447 1376 1657 1418 Robigalibus

982 1429 1107 1460 catulus
1135 1428 1223 1459 rufus
1248 1433 1280 1458 et
1304 1427 1424 1458 lactens
1446 1425 1659 1465 offerebatur5

983 1478 1174 1514 Columella,
1194 1490 1224 1509 x.
1242 1478 1318 1509 342.
1337 1476 1392 1519 qui
1411 1476 1454 1507 nil
1470 1476 1511 1507 de
1527 1486 1583 1507 ove
1599 1475 1656 1507 ha-

981 1530 1047 1560 bet.
1094 1529 1198 1559 Etiam
1224 1534 1295 1559 ante
1314 1526 1512 1558 Catulariam
1535 1531 1657 1568 portam

983 1579 1024 1610 ad
1047 1578 1241 1620 placandum
1258 1577 1422 1609 Caniculae
1445 1576 1545 1613 sidus,
1560 1575 1657 1617 frugi-

983 1629 1043 1659 bus
1058 1628 1233 1663 inimicum,
1249 1626 1334 1658 rufas
1351 1637 1446 1657 canes
1464 1637 1532 1657 esse
1546 1625 1658 1656 immo-

983 1677 1076 1713 latas,
1093 1688 1109 1708 e
1126 1677 1220 1707 Festo
1241 1676 1403 1708 discimus.
1451 1675 1579 1706 Flamen
1601 1685 1658 1706 au-

985 1733 1046 1758 tem
1067 1727 1240 1762 Quirinalis
1254 1726 1322 1756 haec
1340 1725 1466 1766 agebat,
1479 1731 1514 1755 ut
1527 1724 1658 1755 Flamen

985 1776 1089 1807 Dialis
1106 1775 1293 1818 Lupercalia
1306 1774 1339 1806 ii.
1354 1776 1429 1806 282.

1030 1827 1104 1857 911.
1129 1826 1243 1865 Aspera
1269 1830 1301 1855 et
1323 1825 1399 1856 921.
1414 1825 1524 1855 scabrce
1547 1834 1660 1855 manus

987 1874 1157 1916 Robiginis
1173 1875 1212 1906 ab
1228 1873 1356 1909 effectu,
1373 1873 1449 1916 quia
1460 1879 1492 1904 et
1506 1874 1612 1915 fruges
1627 1877 1660 1904 et

987 1925 1102 1955 ferrum
1113 1926 1249 1956 scabrum
1264 1935 1439 1964 asperumve
1450 1922 1570 1961 reddit;
1586 1921 1660 1953 Vir-

987 1974 1043 2015 gil.
1059 1975 1174 2015 Georg.
1190 1975 1211 2005 i.
1229 1974 1311 2005 495:
1339 1977 1360 1990 “
1379 1974 1483 2003 Exesa
1501 1972 1608 2003 inveni
1627 1978 1660 2003 et

986 2025 1098 2055 scabra
1120 2024 1262 2065 robigine
1282 2023 1382 2065 pila.’'
1429 2022 1546 2053 Confer
1566 2032 1662 2064 supra

987 2073 1007 2103 i.
1032 2074 1109 2104 687.
1160 2074 1297 2104 Cereales
1324 2073 1430 2108 herbae,
1457 2078 1492 2102 ut
1524 2072 1661 2104 Cereales

986 2125 1092 2159 culmi,
1103 2123 1216 2164 Virgil.
1230 2123 1346 2163 Georg.
1359 2121 1391 2152 ii.
1403 2122 1478 2153 517.
1511 2121 1659 2154 Tremunt

987 2171 1094 2207 culmi,
1112 2182 1190 2213 quos
1207 2178 1319 2202 ventus
1334 2171 1463 2202 mulcet.

1031 2222 1105 2252 915.
1132 2221 1169 2251 ln
1186 2220 1302 2251 morbis
1316 2225 1458 2262 segetum
1474 2220 1570 2251 etiam
1585 2219 1660 2252 Vir—

987 2271 1042 2311 gil.
1066 2270 1087 2301 i.
1112 2270 1229 2311 Georg.
1261 2271 1330 2301 150.
1354 2271 1465 2300 malam
1495 2271 1660 2312 robiginem

988 2327 1151 2357 memorat,
1163 2326 1195 2351 et
1206 2319 1342 2356 Plinius,
1357 2319 1444 2351 xviii.
1459 2321 1512 2351 45.
1523 2324 1544 2337 “
1556 2319 1658 2351 maxi-

988 2380 1072 2400 mam
1103 2375 1243 2410 segetum
1272 2369 1415 2411 pestem’'
1445 2377 1548 2400 vocat.
1603 2370 1662 2400 Est

989 2425 1095 2450 autem
1113 2421 1226 2460 robigo,
1243 2418 1392 2460 ὲρυσίβη,
1407 2418 1534 2460 μίλτος,
1554 2417 1660 2461 pulvis

989 2468 1076 2499 rufus
1092 2474 1122 2499 et
1138 2469 1314 2510 glutinosus
1336 2468 1459 2498 culmos
1473 2467 1614 2499 adedens
1628 2473 1661 2499 et

989 2528 1138 2554 enecans,
1152 2517 1237 2560 quod
1252 2517 1365 2548 vitium
1380 2517 1413 2548 in
1428 2517 1545 2548 vitibus
1560 2523 1593 2548 et
1607 2527 1658 2548 ar-

989 2567 1117 2598 boribus
1141 2568 1347 2598 carbunculus
1367 2566 1494 2597 dicitur.
1543 2566 1661 2598 Notare

990 2622 1022 2646 et
1036 2615 1174 2652 inficere,
1191 2622 1223 2647 et
1237 2616 1352 2647 laedere
1370 2615 1538 2657 significat.
1583 2615 1659 2646 Vim

987 2666 1063 2696 mali
1080 2666 1194 2697 Noster
1216 2676 1272 2708 per
1292 2665 1557 2707 comparationem
1580 2665 1659 2696 adeo

987 2715 1135 2746 illustrat.
1186 2715 1296 2753 Venti3
1313 2714 1479 2756 Virgilius,
1498 2714 1617 2756 Georg.
1634 2714 1658 2746 i.
