1809 3220
190 183 278 226 424

534 183 626 223 AD
662 179 899 222 LIVIAM
933 180 1293 223 AUGUSTAM

192 300 394 366 Raptus
421 308 474 348 et
499 300 716 355 absenti,
745 299 866 346 dum
896 307 945 347 te
971 299 1077 347 fera
1105 300 1239 347 bella
1265 305 1538 355 morantur,

259 379 444 427 Utilior
469 378 664 443 patriae,
694 392 848 441 quam
876 377 985 434 tibi,
1018 377 1202 435 Druse,
1234 386 1349 426 tuae.

1530 380 1624 424 loo

191 458 454 523 Liquitur;
496 465 552 505 ut
577 456 856 521 quondam,
885 457 1136 522 Zephyris
1164 465 1215 506 et
1242 457 1436 505 solibus
1463 455 1594 513 ictae,

259 537 537 586 Solvuntur
563 544 770 592 tenerae,
797 552 914 584 vere
943 543 1168 601 tepente,
1197 536 1356 584 nives.

187 615 261 665 Te
289 616 538 681 queritur,
567 632 824 680 casusque
851 616 1029 674 malos,
1059 616 1308 680 irrisaque
1334 614 1481 671 tales,

257 695 590 759 Accusatque
616 710 795 750 annOS,
824 702 881 742 ut
907 693 1167 752 diuturna,
1196 710 1333 742 suos.

189 774 328 823 Talis
355 774 406 822 in
432 773 704 831 umbrosis,
734 773 871 821 mitis
899 790 1033 821 nunc
1061 773 1304 837 denique,
1334 771 1472 819 silvis
1535 773 1628 818 105

261 854 435 902 Deflet
459 853 751 902 Threicium
780 853 993 901 Daulias
1020 853 1126 901 ales
1155 852 1305 916 Ityn:

192 931 519 998 Halcyonum
544 933 673 981 tales
699 940 914 980 ventosa
940 949 1031 997 per
1057 946 1266 996 aequora
1289 935 1506 994 questus

259 1011 340 1059 Ad
367 1012 548 1059 surdas
575 1012 716 1060 tenui
742 1028 868 1060 voce
895 1018 1140 1059 sonantur
1167 1025 1357 1074 aquas:

192 1090 277 1138 Sic
305 1090 541 1155 plumosa
565 1090 706 1138 novis
733 1090 1038 1155 plangentes
1065 1095 1275 1154 pectora
1302 1086 1482 1153 pennis

260 1169 487 1218 OEniden
515 1169 698 1217 subitae
725 1169 1076 1226 concinuistis,
1106 1184 1253 1216 aves:

1537 1167 1630 1212 110

194 1248 281 1296 Sic
307 1248 447 1297 flevit
472 1248 756 1313 Clymene3
800 1247 873 1295 sic
900 1254 952 1295 et
980 1246 1363 1311 Clymeneides,
1393 1245 1493 1293 alte

262 1326 434 1383 Quum
452 1327 656 1392 juvenis
684 1326 861 1391 patriis
888 1325 1084 1374 excidit
1109 1326 1240 1373 ictus
1267 1323 1433 1388 equis.

195 1406 451 1470 Congelat
475 1405 732 1454 interdum
758 1404 1011 1461 lacrimas,
1040 1404 1313 1468 duratque,
1342 1408 1610 1466 tenetque,

264 1485 661 1550 Suspensasque
687 1484 866 1532 oculus
892 1482 1066 1530 fortior
1090 1483 1226 1531 intus
1254 1482 1374 1547 agit.

239 1613 312 1643 lOl.
338 1611 511 1652 Liquitur;
542 1617 577 1641 ut
603 1611 766 1651 quondam,
790 1608 873 1649 etc.]

191 1662 331 1693 Solvitur
353 1660 386 1692 in
410 1660 576 1692 lacrimas:
603 1659 729 1703 propria
754 1670 812 1691 vox
838 1669 875 1690 eo

190 1723 286 1744 sensu
319 1713 461 1753 liquitur.
494 1710 585 1753 Virg.
616 1711 733 1751 Georg.
762 1710 783 1740 i.
812 1710 874 1740 43:

191 1767 212 1780 ¹¹
231 1761 370 1794 Gelidus
392 1761 481 1792 canis
508 1771 608 1803 quum
631 1760 792 1791 montibus
816 1760 875 1791 hu-

192 1824 259 1844 mor
288 1812 450 1853 Liquitur,
479 1818 512 1843 et
539 1811 683 1853 Zephyro
715 1810 817 1854 putris
842 1821 876 1842 se

192 1863 288 1905 gleba
303 1862 462 1894 resolvit.’'

241 1914 315 1944 103.
344 1912 384 1943 Te
413 1914 568 1954 queritur,
598 1922 743 1952 casusque
775 1912 879 1947 malos,

193 1966 346 2005 irrisaque
383 1963 487 2004 tales]
541 1962 688 1994 Feliciter
726 1962 880 1993 Heinsius

193 2012 466 2055 corruptissimum
504 2013 623 2048 locum,
659 2011 714 2053 qui
755 2011 879 2043 nullum

195 2063 325 2094 omnino
346 2073 474 2094 sensum
492 2062 676 2099 exhibebat,
695 2062 784 2093 nulla
804 2062 880 2093 licet

196 2113 292 2145 MSS.
330 2113 381 2144 vel
421 2113 611 2155 scriptorum
651 2111 878 2144 emendantem

196 2162 370 2194 auctoritas
401 2162 578 2205 adjuvaret,
605 2162 649 2193 sic
679 2162 804 2193 curavit
830 2173 878 2193 re-

195 2213 412 2244 stituendum:
448 2218 470 2230 “
489 2213 535 2243 Te
564 2213 719 2254 queritur,
745 2219 808 2244 etc.
837 2212 878 2243 ir-

198 2263 325 2306 risaque
342 2263 448 2294 vota.''

246 2314 322 2345 104.
352 2313 394 2344 Ut
414 2313 597 2354 diuturna]
627 2313 673 2344 Ut
692 2323 765 2355 quae
782 2313 879 2344 vitam

198 2362 325 2405 longius
340 2363 518 2405 protulerit.

250 2415 322 2445 105.
352 2414 434 2444 Talis
454 2416 485 2444 in
510 2415 667 2449 umbrosis,
685 2413 769 2454 etc.]
798 2414 880 2445 Nul-

201 2466 250 2497 lus
274 2475 350 2496 sane
378 2464 429 2495 hic
456 2470 524 2495 erat
552 2464 641 2495 locus
671 2464 703 2495 in
732 2475 880 2506 campum

202 2515 454 2558 mythologicum
481 2515 545 2545 late
571 2514 651 2546 adeo
677 2514 881 2546 excurrendi.

203 2565 298 2603 Quod
323 2565 348 2596 si
371 2564 449 2596 sorte
470 2570 599 2607 poetam
622 2563 748 2606 Virgilii
774 2575 881 2596 exem-

202 2616 292 2659 plum
320 2614 501 2651 tentaverit,
530 2613 584 2656 qui
617 2613 721 2645 luctus
748 2614 882 2656 Orphei,

205 2666 322 2698 amissa
350 2665 521 2708 Eurydice,
547 2675 621 2696 cum
651 2665 741 2696 luctu
772 2665 882 2697 Philo-

204 2716 296 2748 melae
319 2720 494 2758 comparat,
517 2715 637 2756 Georg.
658 2715 703 2746 iv.
720 2716 802 2753 511;
827 2716 882 2747 ‹le-

204 2766 324 2798 buisset
351 2765 515 2798 attendere
543 2766 712 2796 Maronem
741 2765 882 2797 fabulam

946 1618 1086 1645 narrare,
1105 1619 1177 1651 quae
1203 1618 1262 1639 sua
1283 1612 1410 1650 peteret
1433 1612 1632 1644 ornamenta,

946 1670 984 1690 ex
1015 1659 1084 1702 ipso
1116 1659 1217 1696 fonte,
1247 1657 1333 1690 unde
1363 1663 1448 1690 esset
1477 1657 1631 1690 oriunda:

946 1710 1110 1742 Nasonem
1126 1720 1202 1741 vero
1218 1709 1302 1741 facto
1317 1709 1497 1746 recentiori,
1513 1714 1546 1740 et
1561 1708 1635 1752 qui-

946 1760 1020 1792 dem
1039 1759 1271 1797 crudelissimo,
1287 1760 1397 1792 matris
1417 1759 1517 1803 ipsius
1539 1770 1631 1791 aures

950 1811 1129 1842 verberare.

997 1861 1069 1893 106.
1096 1861 1231 1892 Daulias
1257 1859 1352 1901 ales]
1391 1859 1477 1892 Vide
1504 1859 1633 1902 Episto—

948 1911 1013 1943 lam
1031 1923 1084 1943 xv.
1104 1912 1179 1943 156.

997 1963 1183 1993 109--110,
1214 1961 1266 1992 Sic
1286 1962 1425 2002 plumosa
1449 1963 1543 1992 novis.

950 2012 1084 2043 OEnidenf
1111 2013 1311 2043 concinuistis
1338 2011 1435 2052 aves]
1464 2011 1634 2043 Diomedis

948 2061 1052 2093 socios
1075 2062 1235 2105 designat,
1260 2061 1316 2104 qui
1339 2061 1456 2093 ducem
1483 2061 1632 2094 amissum

949 2118 1015 2143 tam
1032 2123 1139 2143 amare
1162 2111 1371 2148 defleverunt,
1388 2117 1423 2142 ut
1438 2111 1510 2142 illos
1524 2111 1580 2142 Dii
1602 2111 1634 2143 in

950 2173 1067 2205 cycnos
1087 2161 1335 2193 immutaverint.
1382 2161 1506 2193 Dicunt
1529 2161 1584 2192 alii
1601 2161 1634 2193 in

949 2223 1025 2244 aves
1039 2222 1219 2249 converSOS,
1232 2212 1272 2243 ob
1285 2211 1362 2242 iram
1376 2210 1524 2248 Veneris,
1535 2221 1633 2254 quam

951 2263 1030 2295 ferro
1046 2262 1222 2295 Diomedes
1237 2262 1375 2293 laeserat.

998 2315 1072 2346 ill.
1095 2314 1246 2356 Sicflevit
1264 2312 1430 2353 Clymene:
1453 2313 1496 2344 sic
1512 2319 1541 2343 et
1559 2313 1635 2355 Cly-

950 2364 1130 2405 meneides.]
1158 2364 1267 2394 Mater
1286 2363 1474 2394 Phaetontis
1494 2368 1527 2394 et
1551 2374 1636 2395 soro-

951 2426 1009 2447 res.
1048 2414 1125 2447 Vid.
1142 2414 1295 2445 Nostrum
1312 2414 1395 2444 Met.
1409 2412 1467 2445 lib.
1482 2412 1515 2444 ii.

1000 2466 1071 2496 ll3.
1107 2464 1255 2506 Congelat
1282 2464 1438 2494 interdum
1461 2463 1634 2505 lacrimas]

952 2516 1041 2547 Facit
1068 2514 1253 2558 premendo,
1283 2520 1318 2545 ut
1340 2513 1516 2545 subsistant
1540 2513 1633 2546 lacri-

951 2577 1023 2602 mae,
1038 2576 1130 2608 aquae
1149 2575 1245 2601 more,
1261 2575 1333 2606 quae
1351 2563 1474 2600 acriori,
1488 2564 1536 2595 vel
1553 2564 1636 2596 inter

951 2615 1132 2648 cadendum
1150 2615 1263 2657 frigore
1276 2620 1432 2657 correpta,
1440 2614 1545 2645 subito
1557 2625 1634 2657 pen-

952 2666 1008 2698 det
1023 2665 1186 2698 adstricta.
1233 2666 1284 2696 De
1297 2664 1399 2696 oculis
1411 2665 1506 2696 Hom.
1519 2664 1638 2707 Odyss.

954 2720 991 2749 T.
1004 2717 1066 2747 211
1081 2729 1086 2746 z
1113 2715 1298 2758 Ὀφθαλμοὶ
1316 2714 1342 2746 δ’
1360 2714 1435 2747 ὡσεὶ
1450 2715 1526 2757 κερὰ
1541 2716 1637 2747 ’ἐστα-

956 2779 1032 2803 σαν,
1051 2766 1086 2805 ὴὲ
1103 2764 1243 2806 σίδηρος.
1293 2764 1355 2796 Ubi
1375 2771 1459 2797 recte
1476 2764 1635 2796 Scholia<-
