<?xml version="1.0" encoding="UTF-8"?>
<!DOCTYPE html PUBLIC "-//W3C//DTD XHTML 1.0 Transitional//EN"
    "http://www.w3.org/TR/xhtml1/DTD/xhtml1-transitional.dtd">
<html xmlns="http://www.w3.org/1999/xhtml" xml:lang="en" lang="en">
 <head>
  <title>
</title>
<meta http-equiv="Content-Type" content="text/html;charset=utf-8" />
  <meta name='ocr-system' content='tesseract 3.04.00' />
  <meta name='ocr-capabilities' content='ocr_page ocr_carea ocr_par ocr_line ocrx_word'/>
</head>
<body>
  <div class='ocr_page' id='page_1' title='image "./povidiinasonisop05oviduoft_0451.png"; bbox 0 0 1830 3220; ppageno 0'>
   <div class='ocr_carea' id='block_1_1' title="bbox 646 184 1079 228">
    <p class='ocr_par' dir='ltr' id='par_1_1' title="bbox 646 184 1079 228">
     <span class='ocr_line' id='line_1_1' title="bbox 646 184 1079 228; baseline 0 -2"><span class='ocrx_word' id='word_1_1' title='bbox 646 184 1079 228; x_wconf 86' lang='lat' dir='ltr'><strong>CONSOLATIO.</strong></span> 
     </span>
    </p>
   </div>
   <div class='ocr_carea' id='block_1_2' title="bbox 1493 188 1580 230">
    <p class='ocr_par' dir='ltr' id='par_1_2' title="bbox 1493 188 1580 230">
     <span class='ocr_line' id='line_1_2' title="bbox 1493 188 1580 230; baseline 0 -1"><span class='ocrx_word' id='word_1_2' title='bbox 1493 188 1580 230; x_wconf 78' lang='lat'>423</span> 
     </span>
    </p>
   </div>
   <div class='ocr_carea' id='block_1_3' title="bbox 145 298 1592 2026">
    <p class='ocr_par' dir='ltr' id='par_1_3' title="bbox 145 298 1592 2026">
     <span class='ocr_line' id='line_1_3' title="bbox 145 298 1310 367; baseline 0.004 -20"><span class='ocrx_word' id='word_1_3' title='bbox 145 298 250 349; x_wconf 76' lang='lat' dir='ltr'>Iste</span> <span class='ocrx_word' id='word_1_4' title='bbox 278 308 449 367; x_wconf 84' lang='lat' dir='ltr'>potest</span> <span class='ocrx_word' id='word_1_5' title='bbox 475 303 686 367; x_wconf 86' lang='lat' dir='ltr'>implere</span> <span class='ocrx_word' id='word_1_6' title='bbox 712 303 856 351; x_wconf 85' lang='lat' dir='ltr'>dolor</span> <span class='ocrx_word' id='word_1_7' title='bbox 881 304 959 351; x_wconf 89' lang='lat' dir='ltr'>vel</span> <span class='ocrx_word' id='word_1_8' title='bbox 986 304 1162 351; x_wconf 89' lang='lat' dir='ltr'>secula</span> <span class='ocrx_word' id='word_1_9' title='bbox 1187 311 1310 362; x_wconf 86' lang='lat' dir='ltr'>tota,</span> 
     </span>
     <span class='ocr_line' id='line_1_4' title="bbox 212 379 1201 444; baseline 0.003 -17"><span class='ocrx_word' id='word_1_10' title='bbox 212 379 279 428; x_wconf 82' lang='lat' dir='ltr'>Et</span> <span class='ocrx_word' id='word_1_11' title='bbox 307 380 475 444; x_wconf 84' lang='lat' dir='ltr'>magni</span> <span class='ocrx_word' id='word_1_12' title='bbox 504 381 675 429; x_wconf 90' lang='lat' dir='ltr'>luctus</span> <span class='ocrx_word' id='word_1_13' title='bbox 701 382 986 430; x_wconf 84' lang='lat' dir='ltr'>obtinuisse</span> <span class='ocrx_word' id='word_1_14' title='bbox 1015 382 1201 430; x_wconf 88' lang='lat' dir='ltr'>locum.</span> 
     </span>
     <span class='ocr_line' id='line_1_5' title="bbox 145 458 1520 519; baseline 0.003 -13"><span class='ocrx_word' id='word_1_15' title='bbox 145 458 298 507; x_wconf 88' lang='lat' dir='ltr'>Multi</span> <span class='ocrx_word' id='word_1_16' title='bbox 324 459 374 506; x_wconf 91' lang='lat' dir='ltr'>in</span> <span class='ocrx_word' id='word_1_17' title='bbox 402 467 452 508; x_wconf 89' lang='lat' dir='ltr'>te</span> <span class='ocrx_word' id='word_1_18' title='bbox 480 460 682 509; x_wconf 89' lang='lat' dir='ltr'>amissi:</span> <span class='ocrx_word' id='word_1_19' title='bbox 725 477 838 516; x_wconf 87' lang='lat' dir='ltr'>nec,</span> <span class='ocrx_word' id='word_1_20' title='bbox 867 460 950 508; x_wconf 89' lang='lat' dir='ltr'>cui</span> <span class='ocrx_word' id='word_1_21' title='bbox 978 469 1053 509; x_wconf 83' lang='lat' dir='ltr'>tot</span> <span class='ocrx_word' id='word_1_22' title='bbox 1079 462 1228 509; x_wconf 85' lang='lat' dir='ltr'>turba</span> <span class='ocrx_word' id='word_1_23' title='bbox 1254 463 1520 519; x_wconf 87' lang='lat' dir='ltr'>bonorum,</span> 
     </span>
     <span class='ocr_line' id='line_1_6' title="bbox 212 537 1580 602; baseline 0.004 -18"><span class='ocrx_word' id='word_1_24' title='bbox 212 537 394 585; x_wconf 87' lang='lat' dir='ltr'>Omnis</span> <span class='ocrx_word' id='word_1_25' title='bbox 421 538 502 586; x_wconf 91' lang='lat' dir='ltr'>cui</span> <span class='ocrx_word' id='word_1_26' title='bbox 530 538 690 586; x_wconf 88' lang='lat' dir='ltr'>virtus</span> <span class='ocrx_word' id='word_1_27' title='bbox 717 539 949 602; x_wconf 79' lang='lat' dir='ltr'>contigit,</span> <span class='ocrx_word' id='word_1_28' title='bbox 982 556 1111 587; x_wconf 89' lang='lat' dir='ltr'>unus</span> <span class='ocrx_word' id='word_1_29' title='bbox 1138 556 1269 588; x_wconf 90' lang='lat' dir='ltr'>eras.</span> <span class='ocrx_word' id='word_1_30' title='bbox 1515 545 1580 590; x_wconf 79' lang='lat'>80</span> 
     </span>
     <span class='ocr_line' id='line_1_7' title="bbox 146 615 1393 684; baseline 0.003 -21"><span class='ocrx_word' id='word_1_31' title='bbox 146 615 256 665; x_wconf 88' lang='lat' dir='ltr'>Nee</span> <span class='ocrx_word' id='word_1_32' title='bbox 283 618 545 680; x_wconf 78' lang='lat' dir='ltr'>genetrice</span> <span class='ocrx_word' id='word_1_33' title='bbox 572 626 660 666; x_wconf 86' lang='lat' dir='ltr'>tua</span> <span class='ocrx_word' id='word_1_34' title='bbox 687 617 951 666; x_wconf 86' lang='lat' dir='ltr'>fecundior</span> <span class='ocrx_word' id='word_1_35' title='bbox 979 619 1082 666; x_wconf 89' lang='lat' dir='ltr'>ulla</span> <span class='ocrx_word' id='word_1_36' title='bbox 1108 627 1393 684; x_wconf 86' lang='lat' dir='ltr'>parentum,</span> 
     </span>
     <span class='ocr_line' id='line_1_8' title="bbox 213 694 1402 761; baseline 0.003 -18"><span class='ocrx_word' id='word_1_37' title='bbox 213 694 312 743; x_wconf 89' lang='lat' dir='ltr'>Tot</span> <span class='ocrx_word' id='word_1_38' title='bbox 337 696 473 744; x_wconf 88' lang='lat' dir='ltr'>bona</span> <span class='ocrx_word' id='word_1_39' title='bbox 500 713 589 760; x_wconf 89' lang='lat' dir='ltr'>per</span> <span class='ocrx_word' id='word_1_40' title='bbox 615 704 791 761; x_wconf 83' lang='lat' dir='ltr'>partus</span> <span class='ocrx_word' id='word_1_41' title='bbox 818 714 933 761; x_wconf 84' lang='lat' dir='ltr'>quae</span> <span class='ocrx_word' id='word_1_42' title='bbox 960 697 1102 745; x_wconf 82' lang='lat' dir='ltr'>dedit</span> <span class='ocrx_word' id='word_1_43' title='bbox 1131 714 1232 746; x_wconf 89' lang='lat' dir='ltr'>una</span> <span class='ocrx_word' id='word_1_44' title='bbox 1255 699 1402 746; x_wconf 87' lang='lat' dir='ltr'>duos.</span> 
     </span>
     <span class='ocr_line' id='line_1_9' title="bbox 149 771 1582 842; baseline 0.004 -22"><span class='ocrx_word' id='word_1_45' title='bbox 149 771 292 821; x_wconf 87' lang='lat' dir='ltr'>Heu!</span> <span class='ocrx_word' id='word_1_46' title='bbox 333 790 424 838; x_wconf 84' lang='lat' dir='ltr'>par</span> <span class='ocrx_word' id='word_1_47' title='bbox 444 774 569 822; x_wconf 89' lang='lat' dir='ltr'>illud</span> <span class='ocrx_word' id='word_1_48' title='bbox 590 775 675 822; x_wconf 89' lang='lat' dir='ltr'>ubi</span> <span class='ocrx_word' id='word_1_49' title='bbox 697 783 792 832; x_wconf 84' lang='lat' dir='ltr'>est,</span> <span class='ocrx_word' id='word_1_50' title='bbox 818 775 1030 824; x_wconf 87' lang='lat' dir='ltr'>totidem</span> <span class='ocrx_word' id='word_1_51' title='bbox 1053 777 1324 824; x_wconf 87' lang='lat' dir='ltr'>virtutibus</span> <span class='ocrx_word' id='word_1_52' title='bbox 1346 779 1582 842; x_wconf 78' lang='lat' dir='ltr'>aequum?</span> 
     </span>
     <span class='ocr_line' id='line_1_10' title="bbox 216 851 1352 918; baseline 0.003 -18"><span class='ocrx_word' id='word_1_53' title='bbox 216 851 285 900; x_wconf 88' lang='lat' dir='ltr'>Et</span> <span class='ocrx_word' id='word_1_54' title='bbox 310 869 522 901; x_wconf 86' lang='lat' dir='ltr'>concors</span> <span class='ocrx_word' id='word_1_55' title='bbox 551 854 734 918; x_wconf 82' lang='lat' dir='ltr'>pietaS‚</span> <span class='ocrx_word' id='word_1_56' title='bbox 764 871 858 903; x_wconf 90' lang='lat' dir='ltr'>nec</span> <span class='ocrx_word' id='word_1_57' title='bbox 885 854 1148 902; x_wconf 86' lang='lat' dir='ltr'>dubitatus</span> <span class='ocrx_word' id='word_1_58' title='bbox 1176 856 1352 903; x_wconf 82' lang='lat' dir='ltr'>amor?</span> 
     </span>
     <span class='ocr_line' id='line_1_11' title="bbox 146 930 1585 991; baseline 0.004 -13"><span class='ocrx_word' id='word_1_59' title='bbox 146 930 401 987; x_wconf 87' lang='lat' dir='ltr'>Vidimus,</span> <span class='ocrx_word' id='word_1_60' title='bbox 431 934 699 981; x_wconf 87' lang='lat' dir='ltr'>attonitum</span> <span class='ocrx_word' id='word_1_61' title='bbox 730 934 954 982; x_wconf 77' lang='lat' dir='ltr'>fraterna</span> <span class='ocrx_word' id='word_1_62' title='bbox 981 942 1160 991; x_wconf 87' lang='lat' dir='ltr'>morte,</span> <span class='ocrx_word' id='word_1_63' title='bbox 1194 933 1449 983; x_wconf 79' lang='lat' dir='ltr'>Neronem</span> <span class='ocrx_word' id='word_1_64' title='bbox 1522 939 1585 984; x_wconf 76' lang='lat'>85</span> 
     </span>
     <span class='ocr_line' id='line_1_12' title="bbox 183 1010 1262 1078; baseline 0.004 -21"><span class='ocrx_word' id='word_1_65' title='bbox 183 1054 186 1057; x_wconf 85' lang='lat'><strong>.</strong></span> <span class='ocrx_word' id='word_1_66' title='bbox 219 1010 421 1059; x_wconf 82' lang='lat' dir='ltr'>Pallida</span> <span class='ocrx_word' id='word_1_67' title='bbox 446 1012 696 1076; x_wconf 83' lang='lat' dir='ltr'>promissa</span> <span class='ocrx_word' id='word_1_68' title='bbox 722 1014 843 1062; x_wconf 85' lang='lat' dir='ltr'>flere</span> <span class='ocrx_word' id='word_1_69' title='bbox 872 1031 961 1078; x_wconf 78' lang='lat' dir='ltr'>per</span> <span class='ocrx_word' id='word_1_70' title='bbox 987 1029 1075 1061; x_wconf 88' lang='lat' dir='ltr'>ora</span> <span class='ocrx_word' id='word_1_71' title='bbox 1099 1029 1262 1069; x_wconf 86' lang='lat' dir='ltr'>coma,</span> 
     </span>
     <span class='ocr_line' id='line_1_13' title="bbox 153 1088 1456 1157; baseline 0.005 -22"><span class='ocrx_word' id='word_1_72' title='bbox 153 1088 575 1155; x_wconf 82' lang='lat' dir='ltr'>Dissimilenique</span> <span class='ocrx_word' id='word_1_73' title='bbox 604 1092 698 1148; x_wconf 88' lang='lat' dir='ltr'>sui,</span> <span class='ocrx_word' id='word_1_74' title='bbox 729 1092 869 1140; x_wconf 85' lang='lat' dir='ltr'>vultu</span> <span class='ocrx_word' id='word_1_75' title='bbox 900 1092 1171 1157; x_wconf 82' lang='lat' dir='ltr'>profitente</span> <span class='ocrx_word' id='word_1_76' title='bbox 1198 1091 1456 1142; x_wconf 89' lang='lat' dir='ltr'>dolorem:</span> 
     </span>
     <span class='ocr_line' id='line_1_14' title="bbox 224 1166 1367 1233; baseline 0.003 -18"><span class='ocrx_word' id='word_1_77' title='bbox 224 1166 318 1217; x_wconf 90' lang='lat' dir='ltr'>Hei</span> <span class='ocrx_word' id='word_1_78' title='bbox 346 1170 494 1217; x_wconf 84' lang='lat' dir='ltr'>inihi!</span> <span class='ocrx_word' id='word_1_79' title='bbox 537 1187 690 1233; x_wconf 80' lang='lat' dir='ltr'>quain</span> <span class='ocrx_word' id='word_1_80' title='bbox 720 1178 826 1219; x_wconf 90' lang='lat' dir='ltr'>toto</span> <span class='ocrx_word' id='word_1_81' title='bbox 854 1171 1020 1219; x_wconf 88' lang='lat' dir='ltr'>luctus</span> <span class='ocrx_word' id='word_1_82' title='bbox 1048 1171 1098 1218; x_wconf 87' lang='lat' dir='ltr'>in</span> <span class='ocrx_word' id='word_1_83' title='bbox 1127 1187 1212 1219; x_wconf 90' lang='lat' dir='ltr'>ore</span> <span class='ocrx_word' id='word_1_84' title='bbox 1239 1171 1367 1219; x_wconf 81' lang='lat' dir='ltr'>suit?</span> 
     </span>
     <span class='ocr_line' id='line_1_15' title="bbox 149 1246 1506 1314; baseline 0.004 -21"><span class='ocrx_word' id='word_1_85' title='bbox 149 1246 226 1294; x_wconf 90' lang='lat' dir='ltr'>Tu</span> <span class='ocrx_word' id='word_1_86' title='bbox 255 1255 427 1296; x_wconf 88' lang='lat' dir='ltr'>tamen</span> <span class='ocrx_word' id='word_1_87' title='bbox 455 1256 688 1297; x_wconf 86' lang='lat' dir='ltr'>extremo</span> <span class='ocrx_word' id='word_1_88' title='bbox 715 1249 1016 1297; x_wconf 85' lang='lat' dir='ltr'>moriturum</span> <span class='ocrx_word' id='word_1_89' title='bbox 1043 1258 1272 1314; x_wconf 86' lang='lat' dir='ltr'>tempore</span> <span class='ocrx_word' id='word_1_90' title='bbox 1299 1250 1506 1299; x_wconf 86' lang='lat' dir='ltr'>fratrem</span> 
     </span>
     <span class='ocr_line' id='line_1_16' title="bbox 219 1326 1589 1387; baseline 0.006 -16"><span class='ocrx_word' id='word_1_91' title='bbox 219 1326 433 1382; x_wconf 84' lang='lat' dir='ltr'>Vidisti;</span> <span class='ocrx_word' id='word_1_92' title='bbox 477 1328 709 1376; x_wconf 79' lang='lat' dir='ltr'>lacrimas</span> <span class='ocrx_word' id='word_1_93' title='bbox 736 1329 860 1376; x_wconf 91' lang='lat' dir='ltr'>vidit</span> <span class='ocrx_word' id='word_1_94' title='bbox 885 1337 937 1376; x_wconf 84' lang='lat' dir='ltr'>et</span> <span class='ocrx_word' id='word_1_95' title='bbox 963 1329 1046 1377; x_wconf 90' lang='lat' dir='ltr'>ille</span> <span class='ocrx_word' id='word_1_96' title='bbox 1072 1336 1216 1387; x_wconf 83' lang='lat' dir='ltr'>tuas;</span> <span class='ocrx_word' id='word_1_97' title='bbox 1523 1333 1589 1379; x_wconf 88' lang='lat'>90</span> 
     </span>
     <span class='ocr_line' id='line_1_17' title="bbox 151 1405 1363 1471; baseline 0.002 -19"><span class='ocrx_word' id='word_1_98' title='bbox 151 1405 427 1469; x_wconf 84' lang='lat' dir='ltr'>Adfigique</span> <span class='ocrx_word' id='word_1_99' title='bbox 456 1407 559 1454; x_wconf 82' lang='lat' dir='ltr'>suis</span> <span class='ocrx_word' id='word_1_100' title='bbox 587 1406 808 1455; x_wconf 86' lang='lat' dir='ltr'>moriens</span> <span class='ocrx_word' id='word_1_101' title='bbox 837 1415 925 1455; x_wconf 86' lang='lat' dir='ltr'>tua</span> <span class='ocrx_word' id='word_1_102' title='bbox 951 1416 1160 1471; x_wconf 75' lang='lat' dir='ltr'>pectora</span> <span class='ocrx_word' id='word_1_103' title='bbox 1186 1408 1363 1464; x_wconf 85' lang='lat' dir='ltr'>sensit,</span> 
     </span>
     <span class='ocr_line' id='line_1_18' title="bbox 222 1484 1135 1543; baseline 0.002 -11"><span class='ocrx_word' id='word_1_104' title='bbox 222 1484 290 1532; x_wconf 91' lang='lat' dir='ltr'>Et</span> <span class='ocrx_word' id='word_1_105' title='bbox 314 1486 480 1533; x_wconf 87' lang='lat' dir='ltr'>tenuit</span> <span class='ocrx_word' id='word_1_106' title='bbox 504 1486 646 1533; x_wconf 88' lang='lat' dir='ltr'>vultu</span> <span class='ocrx_word' id='word_1_107' title='bbox 673 1486 867 1534; x_wconf 89' lang='lat' dir='ltr'>lumina</span> <span class='ocrx_word' id='word_1_108' title='bbox 891 1486 995 1534; x_wconf 82' lang='lat' dir='ltr'>fixa</span> <span class='ocrx_word' id='word_1_109' title='bbox 1020 1495 1135 1543; x_wconf 87' lang='lat' dir='ltr'>tuo;</span> 
     </span>
     <span class='ocr_line' id='line_1_19' title="bbox 156 1563 1471 1630; baseline 0.002 -19"><span class='ocrx_word' id='word_1_110' title='bbox 156 1563 388 1618; x_wconf 86' lang='lat' dir='ltr'>Lumina,</span> <span class='ocrx_word' id='word_1_111' title='bbox 418 1565 638 1613; x_wconf 79' lang='lat' dir='ltr'>caerulea</span> <span class='ocrx_word' id='word_1_112' title='bbox 657 1567 762 1629; x_wconf 86' lang='lat' dir='ltr'>jam</span> <span class='ocrx_word' id='word_1_113' title='bbox 786 1567 1001 1630; x_wconf 88' lang='lat' dir='ltr'>jamque</span> <span class='ocrx_word' id='word_1_114' title='bbox 1029 1565 1257 1613; x_wconf 87' lang='lat' dir='ltr'>natantia</span> <span class='ocrx_word' id='word_1_115' title='bbox 1282 1575 1471 1624; x_wconf 87' lang='lat' dir='ltr'>morte;</span> 
     </span>
     <span class='ocr_line' id='line_1_20' title="bbox 223 1641 1343 1709; baseline 0.003 -19"><span class='ocrx_word' id='word_1_116' title='bbox 223 1641 455 1699; x_wconf 86' lang='lat' dir='ltr'>Lumina,</span> <span class='ocrx_word' id='word_1_117' title='bbox 483 1643 729 1693; x_wconf 87' lang='lat' dir='ltr'>fraternas</span> <span class='ocrx_word' id='word_1_118' title='bbox 750 1646 859 1709; x_wconf 89' lang='lat' dir='ltr'>jam</span> <span class='ocrx_word' id='word_1_119' title='bbox 887 1644 1119 1693; x_wconf 87' lang='lat' dir='ltr'>subitura</span> <span class='ocrx_word' id='word_1_120' title='bbox 1146 1661 1343 1693; x_wconf 89' lang='lat' dir='ltr'>manus.</span> 
     </span>
     <span class='ocr_line' id='line_1_21' title="bbox 157 1722 1567 1788; baseline 0.002 -18"><span class='ocrx_word' id='word_1_121' title='bbox 157 1722 223 1770; x_wconf 85' lang='lat' dir='ltr'>At</span> <span class='ocrx_word' id='word_1_122' title='bbox 250 1723 538 1770; x_wconf 88' lang='lat' dir='ltr'>miseranda</span> <span class='ocrx_word' id='word_1_123' title='bbox 564 1740 750 1788; x_wconf 86' lang='lat' dir='ltr'>parens</span> <span class='ocrx_word' id='word_1_124' title='bbox 778 1739 1017 1788; x_wconf 88' lang='lat' dir='ltr'>suprema</span> <span class='ocrx_word' id='word_1_125' title='bbox 1043 1739 1212 1787; x_wconf 90' lang='lat' dir='ltr'>neque</span> <span class='ocrx_word' id='word_1_126' title='bbox 1239 1723 1415 1771; x_wconf 85' lang='lat' dir='ltr'>oscula</span> <span class='ocrx_word' id='word_1_127' title='bbox 1439 1723 1567 1780; x_wconf 86' lang='lat' dir='ltr'>fixit,</span> 
     </span>
     <span class='ocr_line' id='line_1_22' title="bbox 225 1801 1592 1866; baseline 0.002 -17"><span class='ocrx_word' id='word_1_128' title='bbox 225 1801 431 1866; x_wconf 86' lang='lat' dir='ltr'>Frigida</span> <span class='ocrx_word' id='word_1_129' title='bbox 458 1818 550 1850; x_wconf 89' lang='lat' dir='ltr'>nec</span> <span class='ocrx_word' id='word_1_130' title='bbox 577 1801 700 1850; x_wconf 89' lang='lat' dir='ltr'>fovit</span> <span class='ocrx_word' id='word_1_131' title='bbox 725 1803 957 1851; x_wconf 87' lang='lat' dir='ltr'>membra</span> <span class='ocrx_word' id='word_1_132' title='bbox 981 1810 1230 1850; x_wconf 87' lang='lat' dir='ltr'>tremente</span> <span class='ocrx_word' id='word_1_133' title='bbox 1258 1802 1388 1851; x_wconf 90' lang='lat' dir='ltr'>sinu.</span> <span class='ocrx_word' id='word_1_134' title='bbox 1528 1806 1592 1852; x_wconf 89' lang='lat'>96</span> 
     </span>
     <span class='ocr_line' id='line_1_23' title="bbox 159 1879 1526 1947; baseline 0.001 -19"><span class='ocrx_word' id='word_1_135' title='bbox 159 1879 276 1929; x_wconf 88' lang='lat' dir='ltr'>Non</span> <span class='ocrx_word' id='word_1_136' title='bbox 304 1881 526 1929; x_wconf 87' lang='lat' dir='ltr'>animam</span> <span class='ocrx_word' id='word_1_137' title='bbox 553 1881 790 1947; x_wconf 87' lang='lat' dir='ltr'>adposito</span> <span class='ocrx_word' id='word_1_138' title='bbox 816 1881 1097 1946; x_wconf 85' lang='lat' dir='ltr'>fugientem</span> <span class='ocrx_word' id='word_1_139' title='bbox 1124 1882 1332 1947; x_wconf 83' lang='lat' dir='ltr'>excepit</span> <span class='ocrx_word' id='word_1_140' title='bbox 1357 1882 1494 1930; x_wconf 85' lang='lat' dir='ltr'>hiatu</span> <span class='ocrx_word' id='word_1_141' title='bbox 1516 1901 1526 1939; x_wconf 91' lang='lat'>;</span> 
     </span>
     <span class='ocr_line' id='line_1_24' title="bbox 228 1959 1412 2026; baseline 0 -18"><span class='ocrx_word' id='word_1_142' title='bbox 228 1959 339 2008; x_wconf 90' lang='lat' dir='ltr'>Nec</span> <span class='ocrx_word' id='word_1_143' title='bbox 365 1961 523 2008; x_wconf 86' lang='lat' dir='ltr'>traxit</span> <span class='ocrx_word' id='word_1_144' title='bbox 547 1977 707 2009; x_wconf 88' lang='lat' dir='ltr'>caesas</span> <span class='ocrx_word' id='word_1_145' title='bbox 734 1977 826 2026; x_wconf 85' lang='lat' dir='ltr'>per</span> <span class='ocrx_word' id='word_1_146' title='bbox 851 1968 941 2009; x_wconf 91' lang='lat' dir='ltr'>tua</span> <span class='ocrx_word' id='word_1_147' title='bbox 966 1961 1196 2009; x_wconf 87' lang='lat' dir='ltr'>membra</span> <span class='ocrx_word' id='word_1_148' title='bbox 1220 1977 1412 2008; x_wconf 86' lang='lat' dir='ltr'>comas.</span> 
     </span>
    </p>
   </div>
   <div class='ocr_carea' id='block_1_4' title="bbox 155 2155 849 2795">
    <p class='ocr_par' dir='ltr' id='par_1_4' title="bbox 155 2155 844 2351">
     <span class='ocr_line' id='line_1_25' title="bbox 155 2155 842 2193; baseline 0.001 -6"><span class='ocrx_word' id='word_1_149' title='bbox 155 2155 232 2187; x_wconf 89' lang='lat' dir='ltr'>olim</span> <span class='ocrx_word' id='word_1_150' title='bbox 256 2155 422 2193; x_wconf 84' lang='lat' dir='ltr'>Heinsius,</span> <span class='ocrx_word' id='word_1_151' title='bbox 444 2155 502 2187; x_wconf 79' lang='lat' dir='ltr'>sed</span> <span class='ocrx_word' id='word_1_152' title='bbox 527 2166 590 2186; x_wconf 86' lang='lat' dir='ltr'>non</span> <span class='ocrx_word' id='word_1_153' title='bbox 615 2166 685 2192; x_wconf 83' lang='lat' dir='ltr'>sua,</span> <span class='ocrx_word' id='word_1_154' title='bbox 706 2161 742 2187; x_wconf 89' lang='lat' dir='ltr'>ut</span> <span class='ocrx_word' id='word_1_155' title='bbox 764 2156 842 2188; x_wconf 86' lang='lat' dir='ltr'>mihi</span> 
     </span>
     <span class='ocr_line' id='line_1_26' title="bbox 156 2205 841 2245; baseline -0.001 -7"><span class='ocrx_word' id='word_1_156' title='bbox 156 2205 295 2245; x_wconf 82' lang='lat' dir='ltr'>videtur,</span> <span class='ocrx_word' id='word_1_157' title='bbox 305 2206 430 2239; x_wconf 84' lang='lat' dir='ltr'>fortuna</span> <span class='ocrx_word' id='word_1_158' title='bbox 444 2220 449 2237; x_wconf 90' lang='lat'>:</span> <span class='ocrx_word' id='word_1_159' title='bbox 477 2211 497 2224; x_wconf 93' lang='lat'><em>“</em></span> <span class='ocrx_word' id='word_1_160' title='bbox 511 2206 665 2244; x_wconf 83' lang='lat' dir='ltr'>Cedis,ut</span> <span class='ocrx_word' id='word_1_161' title='bbox 681 2206 841 2239; x_wconf 84' lang='lat' dir='ltr'>incassum</span> 
     </span>
     <span class='ocr_line' id='line_1_27' title="bbox 157 2256 844 2299; baseline 0.001 -12"><span class='ocrx_word' id='word_1_162' title='bbox 157 2261 214 2288; x_wconf 86' lang='lat' dir='ltr'>tua</span> <span class='ocrx_word' id='word_1_163' title='bbox 230 2256 371 2293; x_wconf 81' lang='lat' dir='ltr'>nomina,</span> <span class='ocrx_word' id='word_1_164' title='bbox 387 2257 507 2293; x_wconf 86' lang='lat' dir='ltr'>Druse,</span> <span class='ocrx_word' id='word_1_165' title='bbox 525 2257 684 2299; x_wconf 75' lang='lat' dir='ltr'>legantur.</span> <span class='ocrx_word' id='word_1_166' title='bbox 719 2257 844 2288; x_wconf 83' lang='lat' dir='ltr'>Ultima</span> 
     </span>
     <span class='ocr_line' id='line_1_28' title="bbox 157 2307 686 2351; baseline 0 -13"><span class='ocrx_word' id='word_1_167' title='bbox 157 2307 199 2339; x_wconf 84' lang='lat' dir='ltr'>sit</span> <span class='ocrx_word' id='word_1_168' title='bbox 204 2307 307 2350; x_wconf 84' lang='lat' dir='ltr'>factis</span> <span class='ocrx_word' id='word_1_169' title='bbox 324 2309 418 2339; x_wconf 78' lang='lat' dir='ltr'>hoecce</span> <span class='ocrx_word' id='word_1_170' title='bbox 434 2309 565 2351; x_wconf 87' lang='lat' dir='ltr'>querela</span> <span class='ocrx_word' id='word_1_171' title='bbox 582 2310 643 2339; x_wconf 81' lang='lat' dir='ltr'>tuis</span> <span class='ocrx_word' id='word_1_172' title='bbox 654 2308 686 2338; x_wconf 85' lang='lat'>.&#39;&#39;’</span> 
     </span>
    </p>

    <p class='ocr_par' dir='ltr' id='par_1_5' title="bbox 158 2357 844 2552">
     <span class='ocr_line' id='line_1_29' title="bbox 203 2357 840 2401; baseline 0.002 -12"><span class='ocrx_word' id='word_1_173' title='bbox 203 2359 258 2390; x_wconf 87' lang='lat'>77.</span> <span class='ocrx_word' id='word_1_174' title='bbox 286 2357 348 2390; x_wconf 77' lang='lat' dir='ltr'>Iste</span> <span class='ocrx_word' id='word_1_175' title='bbox 372 2365 466 2399; x_wconf 77' lang='lat' dir='ltr'>potest</span> <span class='ocrx_word' id='word_1_176' title='bbox 492 2360 617 2400; x_wconf 78' lang='lat' dir='ltr'>implere</span> <span class='ocrx_word' id='word_1_177' title='bbox 640 2360 737 2396; x_wconf 84' lang='lat' dir='ltr'>dolor,</span> <span class='ocrx_word' id='word_1_178' title='bbox 759 2359 840 2401; x_wconf 87' lang='lat' dir='ltr'>etc.]</span> 
     </span>
     <span class='ocr_line' id='line_1_30' title="bbox 158 2408 843 2452; baseline 0.004 -13"><span class='ocrx_word' id='word_1_179' title='bbox 158 2408 266 2452; x_wconf 87' lang='lat' dir='ltr'>Friget</span> <span class='ocrx_word' id='word_1_180' title='bbox 282 2409 456 2441; x_wconf 88' lang='lat' dir='ltr'>admodum</span> <span class='ocrx_word' id='word_1_181' title='bbox 471 2409 572 2441; x_wconf 85' lang='lat' dir='ltr'>oratio</span> <span class='ocrx_word' id='word_1_182' title='bbox 588 2409 628 2441; x_wconf 88' lang='lat' dir='ltr'>ad</span> <span class='ocrx_word' id='word_1_183' title='bbox 645 2422 676 2441; x_wconf 89' lang='lat' dir='ltr'>v.</span> <span class='ocrx_word' id='word_1_184' title='bbox 692 2411 748 2442; x_wconf 87' lang='lat'>83.</span> <span class='ocrx_word' id='word_1_185' title='bbox 766 2410 843 2452; x_wconf 84' lang='lat' dir='ltr'>quia</span> 
     </span>
     <span class='ocr_line' id='line_1_31' title="bbox 159 2459 844 2502; baseline 0.001 -12"><span class='ocrx_word' id='word_1_186' title='bbox 159 2459 286 2502; x_wconf 88' lang='lat' dir='ltr'>longius</span> <span class='ocrx_word' id='word_1_187' title='bbox 298 2459 388 2491; x_wconf 88' lang='lat' dir='ltr'>Naso</span> <span class='ocrx_word' id='word_1_188' title='bbox 404 2459 603 2497; x_wconf 84' lang='lat' dir='ltr'>immoratur,</span> <span class='ocrx_word' id='word_1_189' title='bbox 615 2461 648 2492; x_wconf 90' lang='lat' dir='ltr'>in</span> <span class='ocrx_word' id='word_1_190' title='bbox 664 2460 844 2492; x_wconf 85' lang='lat' dir='ltr'>evolvenda</span> 
     </span>
     <span class='ocr_line' id='line_1_32' title="bbox 160 2509 610 2552; baseline 0.002 -11"><span class='ocrx_word' id='word_1_191' title='bbox 160 2519 226 2541; x_wconf 87' lang='lat' dir='ltr'>una</span> <span class='ocrx_word' id='word_1_192' title='bbox 240 2509 422 2552; x_wconf 87' lang='lat' dir='ltr'>eademque</span> <span class='ocrx_word' id='word_1_193' title='bbox 438 2509 610 2542; x_wconf 87' lang='lat' dir='ltr'>sententia.</span> 
     </span>
    </p>

    <p class='ocr_par' dir='ltr' id='par_1_6' title="bbox 160 2560 849 2795">
     <span class='ocr_line' id='line_1_33' title="bbox 206 2560 845 2604; baseline 0.003 -14"><span class='ocrx_word' id='word_1_194' title='bbox 206 2560 259 2591; x_wconf 86' lang='lat'>79.</span> <span class='ocrx_word' id='word_1_195' title='bbox 287 2560 347 2591; x_wconf 79' lang='lat' dir='ltr'>Cui</span> <span class='ocrx_word' id='word_1_196' title='bbox 368 2566 411 2590; x_wconf 81' lang='lat' dir='ltr'>tot</span> <span class='ocrx_word' id='word_1_197' title='bbox 432 2561 524 2591; x_wconf 80' lang='lat' dir='ltr'>turba</span> <span class='ocrx_word' id='word_1_198' title='bbox 539 2561 684 2592; x_wconf 81' lang='lat' dir='ltr'>bonorum</span> <span class='ocrx_word' id='word_1_199' title='bbox 703 2562 845 2604; x_wconf 83' lang='lat' dir='ltr'>contigit,</span> 
     </span>
     <span class='ocr_line' id='line_1_34' title="bbox 160 2609 843 2653; baseline 0.001 -12"><span class='ocrx_word' id='word_1_200' title='bbox 160 2610 242 2652; x_wconf 88' lang='lat' dir='ltr'>etc.]</span> <span class='ocrx_word' id='word_1_201' title='bbox 291 2611 354 2641; x_wconf 86' lang='lat' dir='ltr'>Tot</span> <span class='ocrx_word' id='word_1_202' title='bbox 387 2609 440 2641; x_wconf 90' lang='lat' dir='ltr'>cui</span> <span class='ocrx_word' id='word_1_203' title='bbox 475 2610 607 2643; x_wconf 87' lang='lat' dir='ltr'>virtutes</span> <span class='ocrx_word' id='word_1_204' title='bbox 643 2611 843 2653; x_wconf 83' lang='lat' dir='ltr'>obtigerant:</span> 
     </span>
     <span class='ocr_line' id='line_1_35' title="bbox 161 2660 848 2705; baseline -0.001 -12"><span class='ocrx_word' id='word_1_205' title='bbox 161 2671 201 2693; x_wconf 88' lang='lat' dir='ltr'>ex</span> <span class='ocrx_word' id='word_1_206' title='bbox 223 2660 448 2693; x_wconf 86' lang='lat' dir='ltr'>emendatione</span> <span class='ocrx_word' id='word_1_207' title='bbox 464 2661 640 2704; x_wconf 83' lang='lat' dir='ltr'>Scaligeri;</span> <span class='ocrx_word' id='word_1_208' title='bbox 666 2672 741 2693; x_wconf 87' lang='lat' dir='ltr'>nam</span> <span class='ocrx_word' id='word_1_209' title='bbox 761 2661 848 2705; x_wconf 87' lang='lat' dir='ltr'>prius</span> 
     </span>
     <span class='ocr_line' id='line_1_36' title="bbox 160 2710 847 2753; baseline 0.004 -12"><span class='ocrx_word' id='word_1_210' title='bbox 160 2710 344 2753; x_wconf 85' lang='lat' dir='ltr'>legebatur,</span> <span class='ocrx_word' id='word_1_211' title='bbox 379 2718 423 2742; x_wconf 83' lang='lat' dir='ltr'>tot</span> <span class='ocrx_word' id='word_1_212' title='bbox 454 2712 548 2743; x_wconf 84' lang='lat' dir='ltr'>verba</span> <span class='ocrx_word' id='word_1_213' title='bbox 581 2714 738 2744; x_wconf 84' lang='lat' dir='ltr'>bonorum.</span> <span class='ocrx_word' id='word_1_214' title='bbox 783 2712 847 2744; x_wconf 87' lang='lat' dir='ltr'>Sed</span> 
     </span>
     <span class='ocr_line' id='line_1_37' title="bbox 164 2760 849 2795; baseline 0.003 -3"><span class='ocrx_word' id='word_1_215' title='bbox 164 2760 393 2793; x_wconf 82' lang='lat' dir='ltr'>correctionem</span> <span class='ocrx_word' id='word_1_216' title='bbox 425 2762 469 2793; x_wconf 94' lang='lat' dir='ltr'>N.</span> <span class='ocrx_word' id='word_1_217' title='bbox 485 2762 639 2794; x_wconf 88' lang='lat' dir='ltr'>Heinsius</span> <span class='ocrx_word' id='word_1_218' title='bbox 664 2762 698 2794; x_wconf 90' lang='lat' dir='ltr'>in</span> <span class='ocrx_word' id='word_1_219' title='bbox 724 2768 849 2795; x_wconf 83' lang='lat' dir='ltr'>textum</span> 
     </span>
    </p>
   </div>
   <div class='ocr_carea' id='block_1_5' title="bbox 913 2156 1601 2806">
    <p class='ocr_par' dir='ltr' id='par_1_7' title="bbox 913 2156 1598 2244">
     <span class='ocr_line' id='line_1_38' title="bbox 913 2156 1597 2199; baseline 0.001 -11"><span class='ocrx_word' id='word_1_220' title='bbox 913 2156 1053 2199; x_wconf 85' lang='lat' dir='ltr'>recipere</span> <span class='ocrx_word' id='word_1_221' title='bbox 1079 2156 1209 2188; x_wconf 87' lang='lat' dir='ltr'>minime</span> <span class='ocrx_word' id='word_1_222' title='bbox 1236 2156 1409 2194; x_wconf 84' lang='lat' dir='ltr'>dubitavit,</span> <span class='ocrx_word' id='word_1_223' title='bbox 1435 2163 1468 2189; x_wconf 90' lang='lat' dir='ltr'>et</span> <span class='ocrx_word' id='word_1_224' title='bbox 1493 2164 1597 2190; x_wconf 82' lang='lat' dir='ltr'>trans-</span> 
     </span>
     <span class='ocr_line' id='line_1_39' title="bbox 914 2206 1598 2244; baseline 0.004 -7"><span class='ocrx_word' id='word_1_225' title='bbox 914 2206 1000 2242; x_wconf 86' lang='lat' dir='ltr'>tulit,</span> <span class='ocrx_word' id='word_1_226' title='bbox 1019 2213 1055 2238; x_wconf 89' lang='lat' dir='ltr'>ut</span> <span class='ocrx_word' id='word_1_227' title='bbox 1069 2206 1218 2243; x_wconf 87' lang='lat' dir='ltr'>vidimus,</span> <span class='ocrx_word' id='word_1_228' title='bbox 1235 2206 1279 2238; x_wconf 85' lang='lat' dir='ltr'>Le</span> <span class='ocrx_word' id='word_1_229' title='bbox 1292 2207 1394 2244; x_wconf 69' lang='lat' dir='ltr'>Clem,</span> <span class='ocrx_word' id='word_1_230' title='bbox 1411 2207 1452 2238; x_wconf 89' lang='lat' dir='ltr'>ad</span> <span class='ocrx_word' id='word_1_231' title='bbox 1464 2218 1530 2239; x_wconf 87' lang='lat' dir='ltr'>ver.</span> <span class='ocrx_word' id='word_1_232' title='bbox 1543 2209 1598 2240; x_wconf 84' lang='lat'>43.</span> 
     </span>
    </p>

    <p class='ocr_par' dir='ltr' id='par_1_8' title="bbox 914 2257 1599 2451">
     <span class='ocr_line' id='line_1_40' title="bbox 959 2257 1595 2301; baseline 0.006 -14"><span class='ocrx_word' id='word_1_233' title='bbox 959 2257 1012 2287; x_wconf 80' lang='lat'>83.</span> <span class='ocrx_word' id='word_1_234' title='bbox 1039 2257 1131 2288; x_wconf 78' lang='lat' dir='ltr'>Heu!</span> <span class='ocrx_word' id='word_1_235' title='bbox 1162 2268 1222 2297; x_wconf 85' lang='lat' dir='ltr'>par</span> <span class='ocrx_word' id='word_1_236' title='bbox 1248 2258 1330 2288; x_wconf 78' lang='lat' dir='ltr'>illud</span> <span class='ocrx_word' id='word_1_237' title='bbox 1357 2259 1410 2289; x_wconf 79' lang='lat' dir='ltr'>ubi</span> <span class='ocrx_word' id='word_1_238' title='bbox 1435 2265 1490 2295; x_wconf 84' lang='lat' dir='ltr'>est,</span> <span class='ocrx_word' id='word_1_239' title='bbox 1513 2259 1595 2301; x_wconf 89' lang='lat' dir='ltr'>etc.]</span> 
     </span>
     <span class='ocr_line' id='line_1_41' title="bbox 914 2306 1599 2346; baseline 0.006 -9"><span class='ocrx_word' id='word_1_240' title='bbox 914 2306 1061 2338; x_wconf 81' lang='lat' dir='ltr'>Fratrum</span> <span class='ocrx_word' id='word_1_241' title='bbox 1098 2306 1236 2344; x_wconf 88' lang='lat' dir='ltr'>scilicet,</span> <span class='ocrx_word' id='word_1_242' title='bbox 1269 2307 1389 2339; x_wconf 88' lang='lat' dir='ltr'>Tiberii</span> <span class='ocrx_word' id='word_1_243' title='bbox 1421 2314 1454 2339; x_wconf 89' lang='lat' dir='ltr'>et</span> <span class='ocrx_word' id='word_1_244' title='bbox 1488 2309 1599 2346; x_wconf 86' lang='lat' dir='ltr'>Drusi,</span> 
     </span>
     <span class='ocr_line' id='line_1_42' title="bbox 914 2356 1599 2399; baseline 0.004 -11"><span class='ocrx_word' id='word_1_245' title='bbox 914 2368 994 2399; x_wconf 90' lang='lat' dir='ltr'>quos</span> <span class='ocrx_word' id='word_1_246' title='bbox 1019 2356 1140 2388; x_wconf 87' lang='lat' dir='ltr'>eaedem</span> <span class='ocrx_word' id='word_1_247' title='bbox 1169 2358 1370 2389; x_wconf 84' lang='lat' dir='ltr'>exornabant</span> <span class='ocrx_word' id='word_1_248' title='bbox 1395 2358 1541 2396; x_wconf 86' lang='lat' dir='ltr'>virtutes,</span> <span class='ocrx_word' id='word_1_249' title='bbox 1567 2365 1599 2391; x_wconf 87' lang='lat' dir='ltr'>et</span> 
     </span>
     <span class='ocr_line' id='line_1_43' title="bbox 914 2406 1577 2451; baseline 0.005 -13"><span class='ocrx_word' id='word_1_250' title='bbox 914 2406 1116 2439; x_wconf 82' lang='lat' dir='ltr'>indubitatus</span> <span class='ocrx_word' id='word_1_251' title='bbox 1130 2418 1216 2439; x_wconf 90' lang='lat' dir='ltr'>amor</span> <span class='ocrx_word' id='word_1_252' title='bbox 1233 2407 1338 2440; x_wconf 83' lang='lat' dir='ltr'>adhuc</span> <span class='ocrx_word' id='word_1_253' title='bbox 1352 2408 1422 2451; x_wconf 89' lang='lat' dir='ltr'>conj</span> <span class='ocrx_word' id='word_1_254' title='bbox 1429 2415 1577 2441; x_wconf 84' lang='lat' dir='ltr'>unxerat.</span> 
     </span>
    </p>

    <p class='ocr_par' dir='ltr' id='par_1_9' title="bbox 914 2458 1598 2591">
     <span class='ocr_line' id='line_1_44' title="bbox 958 2458 1598 2500; baseline 0.003 -11"><span class='ocrx_word' id='word_1_255' title='bbox 958 2459 1012 2489; x_wconf 85' lang='lat'>94.</span> <span class='ocrx_word' id='word_1_256' title='bbox 1037 2458 1177 2490; x_wconf 82' lang='lat' dir='ltr'>Lumina</span> <span class='ocrx_word' id='word_1_257' title='bbox 1189 2459 1355 2499; x_wconf 80' lang='lat' dir='ltr'>fraternas</span> <span class='ocrx_word' id='word_1_258' title='bbox 1366 2462 1439 2500; x_wconf 81' lang='lat' dir='ltr'>jam</span> <span class='ocrx_word' id='word_1_259' title='bbox 1455 2461 1598 2491; x_wconf 75' lang='lat' dir='ltr'>subitura</span> 
     </span>
     <span class='ocr_line' id='line_1_45' title="bbox 914 2508 1596 2550; baseline 0.004 -11"><span class='ocrx_word' id='word_1_260' title='bbox 914 2508 1050 2550; x_wconf 54' lang='lat' dir='ltr'>mamas]</span> <span class='ocrx_word' id='word_1_261' title='bbox 1079 2509 1160 2547; x_wconf 81' lang='lat' dir='ltr'>Quae</span> <span class='ocrx_word' id='word_1_262' title='bbox 1179 2520 1252 2541; x_wconf 86' lang='lat' dir='ltr'>mox</span> <span class='ocrx_word' id='word_1_263' title='bbox 1265 2509 1404 2541; x_wconf 81' lang='lat' dir='ltr'>fraterna</span> <span class='ocrx_word' id='word_1_264' title='bbox 1418 2521 1531 2542; x_wconf 88' lang='lat' dir='ltr'>manus</span> <span class='ocrx_word' id='word_1_265' title='bbox 1541 2521 1596 2542; x_wconf 89' lang='lat' dir='ltr'>oc-</span> 
     </span>
     <span class='ocr_line' id='line_1_46' title="bbox 915 2558 1038 2591; baseline 0 -1"><span class='ocrx_word' id='word_1_266' title='bbox 915 2558 1038 2591; x_wconf 88' lang='lat' dir='ltr'>cludet.</span> 
     </span>
    </p>

    <p class='ocr_par' dir='ltr' id='par_1_10' title="bbox 917 2610 1601 2806">
     <span class='ocr_line' id='line_1_47' title="bbox 960 2610 1600 2652; baseline 0.002 -11"><span class='ocrx_word' id='word_1_267' title='bbox 960 2610 1014 2641; x_wconf 88' lang='grc'>95.</span> <span class='ocrx_word' id='word_1_268' title='bbox 1040 2610 1084 2640; x_wconf 73' lang='lat' dir='ltr'>At</span> <span class='ocrx_word' id='word_1_269' title='bbox 1103 2612 1276 2642; x_wconf 80' lang='lat' dir='ltr'>miseranda</span> <span class='ocrx_word' id='word_1_270' title='bbox 1297 2622 1418 2651; x_wconf 80' lang='lat' dir='ltr'>parens,</span> <span class='ocrx_word' id='word_1_271' title='bbox 1434 2610 1518 2652; x_wconf 86' lang='lat' dir='ltr'>etc.]</span> <span class='ocrx_word' id='word_1_272' title='bbox 1547 2611 1600 2642; x_wconf 83' lang='lat' dir='ltr'>Ita</span> 
     </span>
     <span class='ocr_line' id='line_1_48' title="bbox 917 2659 1600 2704; baseline 0.001 -13"><span class='ocrx_word' id='word_1_273' title='bbox 917 2659 1052 2703; x_wconf 86' lang='lat' dir='ltr'>Euryali</span> <span class='ocrx_word' id='word_1_274' title='bbox 1066 2667 1170 2692; x_wconf 81' lang='lat' dir='ltr'>mater</span> <span class='ocrx_word' id='word_1_275' title='bbox 1180 2661 1267 2704; x_wconf 89' lang='lat' dir='ltr'>apud</span> <span class='ocrx_word' id='word_1_276' title='bbox 1279 2661 1369 2703; x_wconf 87' lang='lat' dir='ltr'>Virg.</span> <span class='ocrx_word' id='word_1_277' title='bbox 1381 2661 1459 2692; x_wconf 86' lang='lat' dir='ltr'>AEn.</span> <span class='ocrx_word' id='word_1_278' title='bbox 1471 2661 1515 2692; x_wconf 85' lang='lat' dir='ltr'>ix.</span> <span class='ocrx_word' id='word_1_279' title='bbox 1524 2662 1600 2693; x_wconf 80' lang='lat'><strong>483.</strong></span> 
     </span>
     <span class='ocr_line' id='line_1_49' title="bbox 918 2711 1601 2749; baseline -0.001 -6"><span class='ocrx_word' id='word_1_280' title='bbox 918 2712 973 2744; x_wconf 81' lang='lat' dir='ltr'>sed</span> <span class='ocrx_word' id='word_1_281' title='bbox 1007 2711 1228 2744; x_wconf 84' lang='lat' dir='ltr'>vehementius</span> <span class='ocrx_word' id='word_1_282' title='bbox 1257 2712 1369 2749; x_wconf 88' lang='lat' dir='ltr'>multo,</span> <span class='ocrx_word' id='word_1_283' title='bbox 1399 2718 1436 2743; x_wconf 88' lang='lat' dir='ltr'>ut</span> <span class='ocrx_word' id='word_1_284' title='bbox 1467 2719 1601 2744; x_wconf 85' lang='lat' dir='ltr'>matrem</span> 
     </span>
     <span class='ocr_line' id='line_1_50' title="bbox 919 2762 1188 2806; baseline 0.004 -13"><span class='ocrx_word' id='word_1_285' title='bbox 919 2762 1022 2806; x_wconf 84' lang='lat' dir='ltr'>ipsam</span> <span class='ocrx_word' id='word_1_286' title='bbox 1038 2762 1188 2794; x_wconf 86' lang='lat' dir='ltr'>decebat.</span> 
     </span>
    </p>
   </div>
  </div>
 </body>
</html>
