1830 3220
288 198 346 238 ⁶22
694 196 744 238 P.
779 194 996 237 OVIDII
1030 195 1316 237 NASONIS

292 312 514 375 Oraque,
543 328 645 375 qua
669 311 864 376 pollens
891 328 987 376 ope
1013 328 1140 368 sum,
1168 311 1374 359 fontana
1397 312 1608 370 reclusi3

359 390 584 453 Sumque
611 389 900 454 repentinas
926 391 1207 454 eJ'aeulatus
1233 405 1410 453 aquas.

1602 392 1702 436 270

290 467 424 515 Ante
448 475 617 515 tamen
642 467 821 530 gelidis
848 468 1045 531 subjeci
1067 468 1309 531 sulphura
1331 467 1489 523 venis,

308 539 311 542 ⁴
361 546 635 594 Clauderet
660 552 716 593 ut
740 545 885 593 Tatio
911 546 1130 594 fervidus
1156 546 1335 592 humor
1359 545 1469 592 iter.

293 624 452 686 Cujus
477 631 532 671 ut
552 623 740 671 utilitas
766 624 925 688 pulsis
951 630 1193 688 percepta
1219 622 1450 679 Sabinis;

360 700 590 764 Quaeque
614 700 724 757 fuit,
751 708 861 749 tuto
886 702 1083 749 reddita
1107 701 1266 748 forma
1290 701 1402 748 loco
1423 706 1517 747 est.

292 778 395 826 Ara
418 778 539 825 mihi
565 779 730 842 posita
755 787 847 836 est,
876 796 1028 843 parvo
1055 780 1329 843 conjuncta
1354 778 1573 826 sacello:
1601 780 1700 824 275

360 855 485 904 Haee
511 856 679 905 adolet
702 857 918 905 flammis
944 875 1059 905 cum
1085 866 1222 906 strue
1248 858 1377 906 farra
1401 857 1523 905 suis.

292 934 361 981 At
385 950 473 981 cur
497 950 622 997 pace
647 935 791 992 lates,
818 936 1070 1000 motisque
1096 936 1369 985 recluderis
1396 935 1581 984 armis?

361 1010 470 1059 Neo
496 1027 649 1068 mora,
677 1013 874 1075 quaesiti
901 1014 1098 1062 reddita
1123 1031 1277 1062 causa
1299 1014 1450 1061 mihi:

298 1087 367 1135 Ut
391 1090 578 1153 populo
603 1090 792 1137 reditus
819 1098 1027 1154 pateant
1052 1092 1115 1139 ad
1140 1092 1275 1140 bella
1298 1090 1540 1156 profecto,

358 1165 486 1215 Tota
510 1174 652 1231 patet
676 1167 847 1216 demta
865 1169 1022 1232 janua
1046 1176 1218 1217 nostra
1238 1185 1365 1217 sera.

1599 1171 1700 1215 280

297 1244 432 1292 Pace
451 1244 581 1293 fores
607 1246 757 1302 obdo,
786 1263 848 1294 ne
876 1263 977 1310 qua
1001 1248 1260 1295 discedere
1286 1246 1473 1312 possit:

363 1322 701 1387 Caesareoque
726 1325 810 1372 diu
832 1326 1034 1373 nomine
1059 1326 1261 1374 clausus
1287 1342 1388 1374 ero.

298 1400 469 1449 Dixit:
510 1408 560 1449 et
585 1402 819 1450 attollens
845 1405 1015 1451 oculos
1041 1404 1237 1451 diversa
1262 1410 1481 1460 tuentes,

362 1478 615 1543 Adspexit
639 1487 743 1528 toto
765 1482 1014 1546 quidquid
1040 1482 1090 1529 in
1115 1482 1234 1530 orbe
1259 1481 1369 1529 fuit.

291 1630 403 1671 juncta
427 1641 498 1661 cum
524 1631 631 1672 gelido
657 1633 741 1664 sonte
765 1633 960 1671 tenentibus,

294 1679 450 1721 impetrat,
462 1686 496 1711 ut
508 1680 600 1712 fontis
613 1681 659 1712 sui
671 1681 801 1713 flumina
814 1683 959 1714 eliciant:

294 1740 365 1770 quae
382 1741 478 1771 quum
496 1731 634 1761 nondum
656 1731 714 1763 iter
732 1732 963 1773 praecluderent

294 1778 446 1815 hostibus,
484 1779 634 1822 sulphura
663 1788 844 1823 supponunt
873 1782 961 1819 fonti,

295 1833 388 1869 atque
404 1829 557 1861 bitumine
573 1840 669 1862 venas
683 1830 856 1862 incendunt
871 1844 879 1871 3
904 1843 962 1863 un-

294 1877 333 1907 de
350 1888 433 1919 aqua
448 1878 564 1909 calida.

339 1928 415 1958 275.
442 1929 543 1958 Vetus
564 1934 596 1959 et
617 1928 752 1971 primum
776 1930 852 1963 Jani
877 1937 957 1962 tem-

295 1976 383 2017 plum
412 1976 579 2013 Romulus,
609 1988 688 2019 pace
727 1989 799 2010 cum
838 1980 962 2012 Sabinis

296 2026 391 2063 facta,
407 2026 450 2057 ibi
473 2027 587 2069 posuit,
606 2027 661 2058 ubi
683 2030 784 2060 Janus
807 2030 961 2062 auxilium

294 2084 403 2106 contra
421 2076 546 2106 Tatium
574 2077 663 2116 tulit3
685 2078 811 2110 Terent.
827 2080 961 2112 Maurus

295 2125 327 2155 in
345 2125 547 2156 Wernsdorfii
559 2126 647 2158 Poet.
662 2127 745 2158 Min.
758 2134 832 2159 tom.
843 2129 876 2159 ii.
888 2140 960 2171 pag.

296 2175 372 2205 279.
394 2175 459 2205 Tibi
483 2182 566 2206 vetus
588 2188 644 2207 ara
664 2178 760 2207 caluit
782 2180 962 2221 Aborigineo

294 2225 414 2254 sacello.
462 2225 564 2256 Recte
593 2232 685 2257 vocat
713 2238 839 2267 parvum
868 2230 960 2259 sacel-

297 2276 382 2310 lum3
414 2280 540 2305 auctore
570 2275 732 2317 Procopio,
763 2277 854 2319 cujus
882 2284 960 2309 tem-

296 2333 368 2364 pore
395 2323 543 2360 restabat,
569 2324 613 2354 nil
644 2324 701 2355 nisi
725 2326 800 2357 Jani
825 2332 961 2358 statuam

296 2371 584 2413 quinquepedalem
601 2373 756 2416 capiebat,
774 2375 871 2407 forma
884 2388 960 2418 qua-

294 2421 386 2451 drata
421 2427 454 2452 et
493 2432 554 2452 aere
592 2428 818 2460 constructum,
857 2431 962 2467 portas

294 2471 453 2512 utrimque
475 2471 596 2503 habens
616 2483 720 2504 aeueas
738 2485 756 2504 a
773 2474 871 2506 fronte
891 2481 922 2506 et
942 2487 961 2507 a

294 2526 391 2562 tergo.
429 2522 502 2551 Haec
520 2524 629 2559 adolet,
647 2523 679 2554 in
701 2523 760 2554 hac
784 2524 959 2557 adolentur.

295 2572 410 2607 strues,
423 2570 478 2602 libi
491 2582 599 2612 genus.
624 2573 752 2604 Festus:
773 2579 794 2591 “
811 2575 958 2606 Ferctum

294 2631 393 2661 genus
415 2620 471 2651 libi
492 2621 624 2658 dictum,
649 2622 732 2664 quod
755 2623 893 2654 crebrius
918 2625 958 2656 ad

293 2680 383 2701 sacra
402 2669 569 2707 ferebatur,
586 2682 643 2702 nec
662 2671 729 2702 sine
750 2678 846 2709 strue,
863 2673 959 2705 altero

292 2731 405 2761 genere
420 2719 476 2750 libi
491 2733 497 2750 z
524 2732 595 2762 quae
607 2721 661 2763 qui
678 2723 862 2761 afferebant,
879 2730 956 2756 stru-

291 2769 412 2801 fectarii
428 2770 705 2813 appellabantur-'²

1600 1483 1698 1528 284

1076 1634 1150 1665 277.
1166 1634 1277 1664 Latere
1300 1632 1365 1675 ipse
1386 1631 1502 1664 dicitur
1523 1631 1598 1674 quia
1622 1636 1701 1662 tem·

1030 1694 1104 1725 pore
1135 1682 1222 1725 pacis
1251 1682 1319 1725 ejus
1359 1681 1511 1724 templum
1546 1681 1701 1712 clausum.

1031 1734 1144 1763 Horat.
1169 1733 1214 1763 11.
1234 1733 1294 1774 Ep.
1315 1731 1338 1762 i.
1360 1733 1436 1763 255.
1460 1735 1480 1749 “
1498 1731 1700 1772 claustraque

1031 1782 1197 1813 custodem
1226 1781 1314 1823 pacis
1339 1780 1523 1812 cohibentia
1544 1779 1700 1813 Janum.''

1031 1831 1114 1862 Vide
1138 1831 1179 1862 ad
1201 1842 1267 1862 ver.
1293 1832 1365 1862 121.
1411 1831 1542 1862 Reditus
1561 1836 1702 1871 pateant.

1030 1880 1211 1912 Secundum
1241 1881 1387 1912 Macrob.
1413 1880 1436 1911 i.
1464 1881 1495 1911 9.
1525 1879 1566 1911 ad
1594 1879 1701 1916 finem,

1030 1936 1170 1972 tempore
1200 1929 1274 1960 belli
1300 1929 1382 1960 sores
1404 1935 1591 1966 reserantur,
1614 1929 1703 1960 velut

1032 1979 1072 2010 ad
1084 1980 1169 2010 urbis
1182 1978 1333 2010 auxilium
1345 1979 1495 2021 profecto,
1505 1979 1586 2010 Deo.
1611 1978 1703 2009 Fores

1030 2031 1112 2066 abda,
1122 2029 1239 2061 foribus
1250 2040 1352 2060 seram
1363 2028 1458 2060 obdo.
1479 2029 1576 2060 Possit
1586 2039 1701 2070 nempe

1031 2079 1110 2110 Pax.
1161 2079 1233 2109 Hoc
1263 2079 1377 2110 melius
1406 2084 1465 2115 est,
1490 2089 1585 2121 quam
1615 2078 1701 2120 quod

1031 2128 1161 2159 Marcil.
1183 2127 1222 2159 ad
1242 2127 1422 2164 Horatium,
1446 2128 1492 2159 Π.
1510 2128 1568 2170 Ep.
1584 2128 1607 2159 i.
1624 2129 1701 2160 255.

1029 2179 1157 2220 praesert
1179 2180 1297 2217 possim.
1345 2178 1474 2209 Nomine
1490 2177 1641 2209 Heinsius
1660 2188 1699 2209 ex

1030 2228 1124 2258 MSS.
1139 2227 1244 2258 Ursin.
1260 2229 1352 2259 Voss.
1367 2226 1492 2259 Arund.
1512 2227 1643 2269 recepit,
1664 2232 1700 2259 ut

1031 2277 1178 2309 Caesarea
1200 2277 1312 2308 domus
1338 2277 1543 2319 intelligatur.
1591 2277 1702 2310 Potest

1029 2326 1150 2358 dictum
1180 2338 1260 2363 esse,
1290 2332 1324 2358 ut
1353 2329 1472 2358 nomine
1503 2339 1556 2358 suo
1585 2334 1699 2359 terrere

1026 2383 1143 2418 gentes.
1185 2377 1367 2408 Caesareum
1383 2387 1495 2408 nomen
1510 2377 1555 2408 ita
1570 2377 1700 2408 terrebit

1029 2432 1148 2467 gentes,
1162 2431 1196 2457 ut
1211 2427 1250 2456 ab
1266 2426 1360 2457 armis
1375 2426 1564 2463 abstineant,
1576 2437 1698 2468 egoque

1029 2476 1157 2507 clausus
1172 2486 1238 2506 esse
1252 2475 1382 2518 possim.
1408 2477 1526 2518 Vulgo,
1539 2479 1674 2508 numine.

1071 2526 1148 2556 283.
1167 2526 1308 2561 Diversa,
1325 2525 1396 2556 loca
1411 2525 1470 2556 sibi
1485 2525 1628 2568 opposita
1635 2537 1644 2564 ;
1664 2525 1697 2557 in

1027 2574 1107 2606 tales
1126 2575 1209 2605 enim
1234 2580 1339 2618 partes
1364 2575 1477 2606 faciem
1497 2576 1599 2607 Janus
1622 2586 1696 2607 con-

1025 2635 1149 2655 versam
1164 2625 1269 2656 habet.
1301 2626 1369 2657 Pax
1384 2632 1462 2657 erat.
1486 2625 1580 2656 Anno
1596 2626 1637 2656 U.
1654 2625 1694 2657 C.

1029 2675 1102 2705 770.
1128 2675 1166 2707 C.
1188 2675 1320 2707 Caecilio
1344 2676 1441 2713 Rufo,
1462 2676 1500 2707 L.
1523 2675 1695 2718 Pomponio

1026 2725 1143 2756 Flacco
1169 2735 1247 2756 coss.
1277 2725 1318 2756 ad
1347 2725 1422 2756 VII.
1450 2724 1590 2757 Kalend.
1616 2726 1695 2757 Jun.

1028 2774 1127 2806 Ca’sar
1141 2775 1341 2808 Germanicus
1352 2774 1392 2807 de
1404 2774 1583 2812 Cheruscis,
1594 2774 1693 2807 Chat*
