1809 3220
204 190 291 233 496

208 306 273 353 Di
299 320 506 368 quoque
531 311 634 351 tam
660 302 847 351 faciant
873 303 1036 367 possis
1062 303 1284 367 gaudere
1309 303 1445 350 fideli

602 189 654 229 P.
691 186 908 228 OVIDII
943 187 1229 229 NASONIS

1524 304 1622 350 355

273 383 523 445 Conjuge,
552 397 705 444 quam
731 380 870 429 Talai
898 381 1258 446 Tyndareique
1284 396 1466 445 gener;

204 460 436 523 Quaeque
461 474 638 522 parare
663 458 767 505 suis
793 458 951 506 letum
978 459 1292 523 patruelibus
1319 474 1455 506 ausae

272 536 480 584 Belides
507 535 721 584 adsidua
745 536 875 584 colla
901 544 1198 601 premuntur
1224 535 1383 601 aqua!

204 614 451 679 Byblidos
478 621 530 663 et
557 614 804 671 Canaces,
834 616 965 663 sicut
989 615 1127 672 facit,
1155 617 1330 664 ardeat
1349 615 1494 678 igne;

270 691 397 748 Nec,
427 691 521 739 nisi
549 708 639 756 per
665 692 872 749 crimen,
901 693 968 740 sit
994 693 1086 741 tibi
1113 701 1234 741 nota
1258 708 1411 741 soror.

1523 693 1623 739 360

203 769 330 817 Filia
355 769 395 817 si
421 769 585 826 fuerit,
609 770 673 816 sit
699 771 835 834 quod
862 771 1088 836 Pelopea
1109 771 1366 836 Thyestae,

269 847 481 912 Myrrha
507 864 597 895 suo
622 849 770 912 patri,
801 848 1214 914 Nyctimeneque
1241 865 1349 896 suo.

202 925 316 974 Neu
339 926 439 990 pia,
467 943 592 974 neve
619 928 780 990 magis
807 928 960 992 capiti
988 928 1054 976 sit
1078 928 1181 976 fida
1205 935 1434 992 paterno,

269 1002 436 1058 Quam
461 1003 554 1050 tibi
579 1004 674 1060 vel,
704 1004 924 1062 Pterela,
952 1006 1031 1054 vel
1056 1005 1163 1063 tibi,
1193 1005 1336 1061 Nise,
1363 1003 1484 1061 fuit;

245 1122 320 1153 356.
353 1122 503 1163 Conjuge,
531 1133 621 1162 quam
652 1121 768 1162 Talai]
808 1123 876 1153 Eri-

200 1171 309 1214 phyle,
339 1170 529 1214 Amphiarai
565 1181 653 1207 uxor,
679 1171 770 1202 Talai
800 1170 876 1210 filia,

200 1222 354 1253 latentem
368 1220 516 1252 maritum
535 1231 574 1251 ne
597 1221 637 1252 ad
657 1221 778 1252 bellum
793 1222 877 1254 The-

198 1272 316 1303 banum
339 1271 409 1307 iret,
432 1271 464 1301 in
485 1280 548 1312 quo
569 1281 624 1312 per
648 1271 782 1312 auguria
805 1282 875 1314 pro-

202 1326 347 1364 spexerat
359 1331 392 1351 se
405 1320 590 1363 periturum,
601 1320 876 1363 prodiditcorrup-

199 1377 233 1402 ta
252 1370 373 1407 monili,
389 1370 475 1412 quod
498 1370 573 1400 olim
592 1370 702 1401 Venus
726 1370 876 1412 possede-

200 1425 266 1451 rat:
285 1419 500 1461 deprehensus
513 1419 657 1456 maritus,
669 1420 743 1451 etin
754 1420 875 1452 bellum

198 1469 399 1513 proficiscens
414 1469 590 1500 Alcmaeoni
610 1470 676 1500 filio
697 1470 874 1507 mandavit,

200 1526 236 1552 ut
255 1531 354 1562 quum
379 1525 522 1551 mortuus
543 1526 640 1557 esset,
656 1526 810 1552 mactaret
827 1527 875 1552 tu-

200 1572 287 1602 mulo
316 1581 372 1602 suo
400 1569 586 1612 Eriphylem
610 1579 764 1608 matrem;
790 1571 876 1612 quod

200 1620 320 1651 factum
337 1625 396 1657 est,
412 1619 467 1651 sed
482 1624 593 1662 postea
613 1619 742 1651 insanus
763 1620 877 1651 factus.

202 1670 415 1711 Tyndareique
439 1680 543 1711 gener.
576 1669 799 1711 Agamemnon
821 1680 874 1711 ge·

198 1730 254 1751 ner
268 1719 409 1761 Tyndari
427 1720 517 1760 (nam
530 1718 776 1760 Clytaemnestra
788 1719 875 1760 Tyn-

200 1769 268 1801 dari
298 1768 364 1800 filia
398 1769 468 1805 suit,
500 1773 534 1799 ut
571 1768 681 1799 scribit
712 1768 874 1808 Pausan.)

200 1818 385 1851 interfectus
401 1824 448 1850 est
464 1818 503 1849 ab
521 1828 617 1849 uxore
628 1817 710 1849 dolis
723 1817 875 1860 AEgisthi.

203 1870 298 1900 DOM.

245 1922 320 1953 359.
345 1919 471 1960 Bibas]
489 1918 596 1950 Mileti
613 1918 678 1951 filia
693 1925 725 1950 et
737 1919 875 1960 Cyanes,

201 1970 348 2002 Caunum
387 1970 516 2000 fratrem
545 1968 706 2011 impudice
735 1967 874 2007 amavit;

201 2020 293 2063 cujus
309 2019 515 2052 concubitum
535 2029 635 2061 quum
659 2018 791 2060 adsequi
815 2029 876 2049 non

200 2076 318 2111 posset,
348 2069 499 2111 lacrymis
524 2068 646 2110 liquata
676 2073 724 2099 est
750 2068 783 2098 in
808 2068 876 2099 fon-

200 2126 289 2157 tem3
325 2117 422 2150 Ovid.
451 2117 508 2149 lib.
529 2117 573 2148 ix.
601 2118 685 2148 Met.
711 2117 786 2148 453.
833 2117 877 2148 D.

205 2169 245 2200 Et
277 2169 423 2200 Canaces.
471 2167 543 2199 Fuit
574 2167 702 2198 Canace
731 2167 815 2198 AEoli
845 2174 877 2197 et

203 2218 384 2261 Amphiteae
406 2218 492 2256 filia;
517 2218 609 2260 cujus
635 2216 749 2248 ardens
771 2227 876 2248 amore

201 2269 373 2299 Macareus
390 2267 484 2298 frater
501 2277 569 2298 eam
587 2266 727 2297 violavit.
757 2267 877 2298 Verum

204 2323 377 2360 conceptus
393 2317 496 2348 infans
507 2327 572 2347 rem
584 2316 740 2358 vulgavit.
764 2316 878 2347 AEolus

203 2369 309 2410 itaque
322 2367 393 2398 filiae
412 2377 518 2397 ensem
536 2366 641 2405 misit3
658 2377 729 2408 quae
747 2374 878 2407 accepto

202 2428 277 2450 ense
307 2416 462 2458 flagitium
489 2426 507 2446 a
533 2416 626 2446 fratre
653 2416 775 2447 illatum
801 2426 877 2447 nece

203 2478 262 2498 sua
280 2467 346 2498 ulta
361 2471 422 2497 est.
449 2466 589 2497 Dfssm„

248 2518 322 2548 361.
347 2516 427 2546 Filia
443 2515 611 2557 sijum-it]
639 2514 791 2556 Pelopeia
805 2524 877 2545 cum

205 2573 293 2609 patre
316 2566 457 2608 Thyeste
483 2565 582 2596 inscio
609 2563 802 2595 concubuit:
838 2575 875 2595 ex

205 2629 267 2660 quo
283 2616 400 2648 nefario
413 2615 586 2647 concubitu
603 2615 769 2657 AEgisthus
785 2621 878 2646 natus

204 2672 271 2698 est:
299 2676 393 2708 quem
411 2676 428 2697 a
444 2672 555 2702 matre,
571 2671 606 2696 ut
620 2665 724 2696 scelus
744 2671 875 2707 tegeret,

205 2717 236 2747 in
252 2716 350 2758 sylvis
364 2715 555 2757 expositum,
573 2725 591 2745 a
606 2714 708 2756 capris
724 2714 874 2746 nutritum

947 1123 1150 1154 fabulantur:
1176 1122 1262 1154 unde
1277 1127 1309 1153 et
1324 1121 1371 1152 illi
1388 1130 1513 1152 nomen.
1558 1117 1622 1150 Hic

946 1178 1040 1204 aetate
1053 1172 1202 1214 grandior
1213 1172 1348 1204 Atreum
1363 1177 1395 1203 et
1408 1170 1624 1213 Agamemno-

947 1233 1019 1254 nem
1037 1222 1164 1254 occidit.
1202 1223 1291 1253 Vax..
1305 1222 1424 1253 Anna.

990 1273 1068 1304 362.
1117 1271 1332 1313 Nyctimene.]
1382 1271 1490 1308 Quum
1526 1267 1626 1311 patris

946 1321 1152 1353 concubitum
1169 1326 1252 1352 esset
1267 1321 1432 1357 adsecuta,
1447 1318 1568 1362 pudore
1587 1317 1622 1349 in

946 1382 1038 1403 avem
1059 1381 1212 1403 conversa
1233 1371 1282 1402 sui
1305 1370 1450 1407 nominis,
1465 1369 1539 1400 luce
1561 1379 1623 1399 non

946 1422 1041 1458 volat,
1058 1421 1188 1463 solaque
1205 1426 1291 1452 amat
1307 1420 1463 1451 tenebras.
1501 1417 1624 1450 Fabula

944 1477 993 1503 est
1007 1470 1092 1514 apud
1109 1469 1263 1502 Ovidium
1281 1469 1315 1500 in
1329 1469 1386 1500 lib.
1403 1469 1439 1500 ii.
1454 1469 1538 1500 Met.
1555 1477 1623 1499 ver.

944 1522 1020 1553 591.
1045 1521 1139 1551 DoM.
1189 1519 1324 1560 Myrrha
1339 1530 1394 1550 suo
1408 1519 1503 1559 patri.
1549 1515 1624 1548 Fuit

946 1571 1086 1612 Cinyrae,
1095 1569 1285 1612 Cypriorum
1297 1568 1391 1610 regis,
1401 1568 1468 1599 filia
1478 1566 1624 1610 Myrrha,

945 1631 1017 1662 quae
1047 1625 1083 1651 ut
1111 1619 1145 1650 in
1176 1630 1208 1650 x.
1238 1618 1493 1661 MetamorphOS.
1520 1616 1622 1648 inscio

947 1681 1019 1701 cum
1041 1675 1131 1712 patre
1155 1669 1349 1707 concubuit3
1373 1678 1393 1699 a
1411 1677 1474 1709 quo
1494 1666 1624 1708 cognita

946 1730 1058 1762 parum
1080 1718 1183 1750 abfuit
1204 1718 1281 1760 quin
1305 1717 1524 1756 occideretur;
1547 1726 1622 1748 nam

945 1769 1054 1801 stricto
1070 1768 1176 1810 gladio
1190 1778 1261 1800 eam
1272 1767 1376 1811 petiit,
1389 1778 1460 1810 quae
1475 1767 1509 1798 in
1526 1766 1624 1809 pedes

945 1831 979 1852 se
1004 1819 1104 1855 dedit,
1124 1819 1158 1849 in
1181 1818 1336 1850 Arabiam
1361 1827 1481 1860 usque:
1510 1816 1566 1848 ubi
1588 1815 1623 1846 in

946 1869 1106 1912 myrrham
1129 1869 1272 1900 arborem
1296 1867 1412 1900 dicitur
1435 1873 1570 1904 mutata,
1590 1871 1624 1898 et

946 1919 1094 1951 Adonem
1119 1917 1378 1950 formosissimum
1401 1916 1552 1953 edidisse,
1567 1916 1623 1959 qui

947 1969 1027 2001 adeo
1044 1980 1062 2000 a
1079 1969 1205 2000 Venere
1221 1967 1363 2000 creditur
1377 1973 1514 1999 amatus.
1539 1968 1622 1998 zan.

990 2021 1066 2051 364.
1102 2018 1258 2060 Pterela]
1297 2018 1478 2049 Thebai-um
1511 2027 1578 2053 rex,
1603 2027 1624 2048 a

947 2070 1084 2103 Creonte
1107 2074 1238 2101 necatus
1257 2074 1316 2105 est,
1331 2067 1507 2110 proditione
1523 2067 1620 2108 Poly-

945 2120 1034 2152 dices
1050 2119 1143 2158 filiae3
1167 2118 1264 2150 ovid.
1281 2119 1416 2149 Metam.
1432 2116 1499 2148 viii.
1543 2116 1622 2153 Tua,

949 2171 1033 2206 Nise,
1039 2169 1125 2212 ficit.
1163 2167 1320 2203 Pandion,
1338 2167 1540 2198 Athenarum
1554 2176 1621 2203 rex,

946 2226 1082 2262 quatuor
1097 2217 1209 2249 habuit
1225 2217 1315 2253 filios,
1326 2215 1453 2252 Nisum,
1470 2216 1622 2258 AEgeum,

946 2271 1081 2311 Lycum,
1094 2267 1286 2300 Pallantem.
1332 2266 1441 2303 Nisus,
1450 2266 1622 2308 Megaren-

946 2319 1028 2350 sium
1058 2329 1124 2353 rex,
1148 2318 1293 2348 obsessus
1323 2326 1340 2347 a
1364 2317 1489 2352 Minoe,
1516 2314 1621 2358 prodi-

948 2368 1032 2399 tione
1056 2366 1172 2409 Scyllae
1194 2365 1279 2402 flliae,
1296 2376 1367 2407 quae
1383 2364 1503 2396 Minois
1517 2374 1621 2396 amore

948 2424 1042 2461 capta
1063 2423 1121 2454 est,
1137 2417 1255 2448 crinem
1276 2415 1405 2447 fatalem
1421 2414 1540 2452 amisit,
1557 2415 1619 2447 sic-

947 2479 1009 2510 que
1031 2469 1238 2508 interemptus
1253 2472 1322 2504 est;
1346 2465 1444 2497 Ovid.
1461 2465 1527 2496 viii.
1543 2465 1618 2497 Me-

947 2518 1103 2560 tamorph.
1141 2517 1236 2547 Dom.
1286 2516 1385 2551 Quam
1407 2522 1462 2546 tua
1482 2516 1529 2546 vel
1548 2515 1620 2547 Pte-

946 2570 1024 2599 rela.
1073 2568 1123 2598 De
1153 2566 1347 2608 Taphiorum
1381 2575 1455 2607 rege
1488 2565 1620 2607 ejusque

948 2617 1012 2648 filia
1029 2616 1233 2648 Comaethone
1250 2615 1355 2646 locum
1376 2613 1531 2656 intellige,
1547 2624 1618 2656 quae

947 2665 1083 2709 Cephali
1097 2676 1202 2697 amore
1215 2671 1320 2706 capta,
1333 2663 1467 2707 patriam
1482 2669 1618 2706 patrem-

945 2726 1008 2757 que
1023 2715 1166 2746 hostibus
1182 2713 1334 2756 prodidit.
1360 2714 1410 2744 VA
1418 2723 1448 2744 1..
