<?xml version="1.0" encoding="UTF-8"?>
<!DOCTYPE html PUBLIC "-//W3C//DTD XHTML 1.0 Transitional//EN"
    "http://www.w3.org/TR/xhtml1/DTD/xhtml1-transitional.dtd">
<html xmlns="http://www.w3.org/1999/xhtml" xml:lang="en" lang="en">
 <head>
  <title>
</title>
<meta http-equiv="Content-Type" content="text/html;charset=utf-8" />
  <meta name='ocr-system' content='tesseract 3.04.00' />
  <meta name='ocr-capabilities' content='ocr_page ocr_carea ocr_par ocr_line ocrx_word'/>
</head>
<body>
  <div class='ocr_page' id='page_1' title='image "./povidiinasonisop05oviduoft_0101.png"; bbox 0 0 1830 3220; ppageno 0'>
   <div class='ocr_carea' id='block_1_1' title="bbox 544 181 1553 228">
    <p class='ocr_par' dir='ltr' id='par_1_1' title="bbox 544 181 1553 228">
     <span class='ocr_line' id='line_1_1' title="bbox 544 181 1553 228; baseline 0.006 -6"><span class='ocrx_word' id='word_1_1' title='bbox 544 181 894 224; x_wconf 90' lang='lat' dir='ltr'><strong>FASTORUM</strong></span> <span class='ocrx_word' id='word_1_2' title='bbox 928 182 1048 225; x_wconf 85' lang='lat' dir='ltr'><strong>LIB.</strong></span> <span class='ocrx_word' id='word_1_3' title='bbox 1085 183 1148 224; x_wconf 90' lang='lat' dir='ltr'>II.</span> <span class='ocrx_word' id='word_1_4' title='bbox 1497 188 1553 228; x_wconf 79' lang='grc'>73</span> 
     </span>
    </p>
   </div>
   <div class='ocr_carea' id='block_1_2' title="bbox 134 293 1304 362">
    <p class='ocr_par' dir='ltr' id='par_1_2' title="bbox 134 293 1304 362">
     <span class='ocr_line' id='line_1_2' title="bbox 134 293 1304 362; baseline 0.005 -22"><span class='ocrx_word' id='word_1_5' title='bbox 134 293 319 353; x_wconf 85' lang='lat' dir='ltr'>Dicite,</span> <span class='ocrx_word' id='word_1_6' title='bbox 350 295 597 352; x_wconf 82' lang='lat' dir='ltr'>Pierides,</span> <span class='ocrx_word' id='word_1_7' title='bbox 626 313 880 345; x_wconf 88' lang='lat' dir='ltr'>sacrorum</span> <span class='ocrx_word' id='word_1_8' title='bbox 907 314 1020 362; x_wconf 85' lang='lat' dir='ltr'>quae</span> <span class='ocrx_word' id='word_1_9' title='bbox 1047 299 1112 346; x_wconf 90' lang='lat' dir='ltr'>sit</span> <span class='ocrx_word' id='word_1_10' title='bbox 1137 299 1304 362; x_wconf 84' lang='lat' dir='ltr'>origo:</span> 
     </span>
    </p>
   </div>
   <div class='ocr_carea' id='block_1_3' title="bbox 197 372 1238 438">
    <p class='ocr_par' dir='ltr' id='par_1_3' title="bbox 197 372 1238 438">
     <span class='ocr_line' id='line_1_3' title="bbox 197 372 1238 438; baseline 0.005 -19"><span class='ocrx_word' id='word_1_11' title='bbox 197 372 474 436; x_wconf 79' lang='lat' dir='ltr'>Attigerint</span> <span class='ocrx_word' id='word_1_12' title='bbox 501 373 670 421; x_wconf 86' lang='lat' dir='ltr'>Latias</span> <span class='ocrx_word' id='word_1_13' title='bbox 696 375 831 422; x_wconf 88' lang='lat' dir='ltr'>unde</span> <span class='ocrx_word' id='word_1_14' title='bbox 857 376 1019 438; x_wconf 90' lang='lat' dir='ltr'>petita</span> <span class='ocrx_word' id='word_1_15' title='bbox 1044 376 1238 424; x_wconf 82' lang='lat' dir='ltr'>domos,</span> 
     </span>
    </p>
   </div>
   <div class='ocr_carea' id='block_1_4' title="bbox 1449 381 1546 424">
    <p class='ocr_par' dir='ltr' id='par_1_4' title="bbox 1449 381 1546 424">
     <span class='ocr_line' id='line_1_4' title="bbox 1449 381 1546 424; baseline 0.01 -1"><span class='ocrx_word' id='word_1_16' title='bbox 1449 381 1546 424; x_wconf 83' lang='lat'>270</span> 
     </span>
    </p>
   </div>
   <div class='ocr_carea' id='block_1_5' title="bbox 127 448 1474 747">
    <p class='ocr_par' dir='ltr' id='par_1_5' title="bbox 129 448 1398 593">
     <span class='ocr_line' id='line_1_5' title="bbox 129 448 1398 515; baseline 0.005 -20"><span class='ocrx_word' id='word_1_17' title='bbox 129 448 272 498; x_wconf 85' lang='lat' dir='ltr'>Pana</span> <span class='ocrx_word' id='word_1_18' title='bbox 294 450 460 498; x_wconf 91' lang='lat' dir='ltr'>Deum</span> <span class='ocrx_word' id='word_1_19' title='bbox 487 451 684 515; x_wconf 86' lang='lat' dir='ltr'>pecoris</span> <span class='ocrx_word' id='word_1_20' title='bbox 704 459 901 499; x_wconf 87' lang='lat' dir='ltr'>veteres</span> <span class='ocrx_word' id='word_1_21' title='bbox 927 453 1144 501; x_wconf 91' lang='lat' dir='ltr'>coluisse</span> <span class='ocrx_word' id='word_1_22' title='bbox 1170 454 1398 502; x_wconf 82' lang='lat' dir='ltr'>feruntur</span> 
     </span>
     <span class='ocr_line' id='line_1_6' title="bbox 195 527 1279 593; baseline 0.004 -19"><span class='ocrx_word' id='word_1_23' title='bbox 195 527 450 584; x_wconf 81' lang='lat' dir='ltr'>Arcades3</span> <span class='ocrx_word' id='word_1_24' title='bbox 494 527 724 575; x_wconf 83' lang='lat' dir='ltr'>Arcadiis</span> <span class='ocrx_word' id='word_1_25' title='bbox 752 528 996 591; x_wconf 88' lang='lat' dir='ltr'>plurimus</span> <span class='ocrx_word' id='word_1_26' title='bbox 1023 529 1106 577; x_wconf 90' lang='lat' dir='ltr'>ille</span> <span class='ocrx_word' id='word_1_27' title='bbox 1125 531 1279 593; x_wconf 82' lang='lat' dir='ltr'>jugis.</span> 
     </span>
    </p>

    <p class='ocr_par' dir='ltr' id='par_1_6' title="bbox 127 604 1474 747">
     <span class='ocr_line' id='line_1_7' title="bbox 127 604 1474 670; baseline 0.004 -20"><span class='ocrx_word' id='word_1_28' title='bbox 127 604 294 652; x_wconf 87' lang='lat' dir='ltr'>Testis</span> <span class='ocrx_word' id='word_1_29' title='bbox 320 605 414 652; x_wconf 87' lang='lat' dir='ltr'>erit</span> <span class='ocrx_word' id='word_1_30' title='bbox 441 604 663 661; x_wconf 80' lang='lat' dir='ltr'>Pholoe3</span> <span class='ocrx_word' id='word_1_31' title='bbox 706 611 862 652; x_wconf 89' lang='lat' dir='ltr'>testes</span> <span class='ocrx_word' id='word_1_32' title='bbox 887 605 1272 670; x_wconf 82' lang='lat' dir='ltr'>Stymphalides</span> <span class='ocrx_word' id='word_1_33' title='bbox 1300 609 1474 667; x_wconf 82' lang='lat' dir='ltr'>undae3</span> 
     </span>
     <span class='ocr_line' id='line_1_8' title="bbox 198 681 1351 747; baseline 0.002 -18"><span class='ocrx_word' id='word_1_34' title='bbox 198 681 400 745; x_wconf 85' lang='lat' dir='ltr'>Quique</span> <span class='ocrx_word' id='word_1_35' title='bbox 427 682 541 729; x_wconf 91' lang='lat' dir='ltr'>citis</span> <span class='ocrx_word' id='word_1_36' title='bbox 570 681 744 729; x_wconf 90' lang='lat' dir='ltr'>Ladon</span> <span class='ocrx_word' id='word_1_37' title='bbox 769 681 819 728; x_wconf 91' lang='lat' dir='ltr'>in</span> <span class='ocrx_word' id='word_1_38' title='bbox 845 698 982 730; x_wconf 88' lang='lat' dir='ltr'>mare</span> <span class='ocrx_word' id='word_1_39' title='bbox 1008 683 1164 730; x_wconf 89' lang='lat' dir='ltr'>currit</span> <span class='ocrx_word' id='word_1_40' title='bbox 1190 684 1351 747; x_wconf 86' lang='lat' dir='ltr'>aquis,</span> 
     </span>
    </p>
   </div>
   <div class='ocr_carea' id='block_1_6' title="bbox 129 758 1348 823">
    <p class='ocr_par' dir='ltr' id='par_1_7' title="bbox 129 758 1348 823">
     <span class='ocr_line' id='line_1_9' title="bbox 129 758 1348 823; baseline 0.002 -17"><span class='ocrx_word' id='word_1_41' title='bbox 129 758 417 823; x_wconf 77' lang='lat' dir='ltr'>Cinctaque</span> <span class='ocrx_word' id='word_1_42' title='bbox 443 760 628 823; x_wconf 87' lang='lat' dir='ltr'>pinetis</span> <span class='ocrx_word' id='word_1_43' title='bbox 654 760 872 807; x_wconf 87' lang='lat' dir='ltr'>nemoris</span> <span class='ocrx_word' id='word_1_44' title='bbox 892 762 1017 823; x_wconf 84' lang='lat' dir='ltr'>juga</span> <span class='ocrx_word' id='word_1_45' title='bbox 1044 760 1348 819; x_wconf 86' lang='lat' dir='ltr'>Nonacrini;</span> 
     </span>
    </p>
   </div>
   <div class='ocr_carea' id='block_1_7' title="bbox 1446 766 1543 810">
    <p class='ocr_par' dir='ltr' id='par_1_8' title="bbox 1446 766 1543 810">
     <span class='ocr_line' id='line_1_10' title="bbox 1446 766 1543 810; baseline 0.01 -1"><span class='ocrx_word' id='word_1_46' title='bbox 1446 766 1543 810; x_wconf 85' lang='lat'>275</span> 
     </span>
    </p>
   </div>
   <div class='ocr_carea' id='block_1_8' title="bbox 128 836 1547 1526">
    <p class='ocr_par' dir='ltr' id='par_1_9' title="bbox 128 836 1547 1526">
     <span class='ocr_line' id='line_1_11' title="bbox 195 836 1273 902; baseline 0.004 -19"><span class='ocrx_word' id='word_1_47' title='bbox 195 836 418 901; x_wconf 82' lang='lat' dir='ltr'>Altaque</span> <span class='ocrx_word' id='word_1_48' title='bbox 447 837 680 902; x_wconf 87' lang='lat' dir='ltr'>Cyllene,</span> <span class='ocrx_word' id='word_1_49' title='bbox 705 837 1091 902; x_wconf 81' lang='lat' dir='ltr'>Parrhasiaeque</span> <span class='ocrx_word' id='word_1_50' title='bbox 1116 839 1273 887; x_wconf 91' lang='lat' dir='ltr'>nives.</span> 
     </span>
     <span class='ocr_line' id='line_1_12' title="bbox 129 914 1485 981; baseline 0.004 -21"><span class='ocrx_word' id='word_1_51' title='bbox 129 914 240 961; x_wconf 86' lang='lat' dir='ltr'>Pan</span> <span class='ocrx_word' id='word_1_52' title='bbox 266 922 373 962; x_wconf 87' lang='lat' dir='ltr'>erat</span> <span class='ocrx_word' id='word_1_53' title='bbox 397 914 612 963; x_wconf 81' lang='lat' dir='ltr'>armenti</span> <span class='ocrx_word' id='word_1_54' title='bbox 638 922 827 972; x_wconf 89' lang='lat' dir='ltr'>custos,</span> <span class='ocrx_word' id='word_1_55' title='bbox 859 916 969 963; x_wconf 87' lang='lat' dir='ltr'>Pan</span> <span class='ocrx_word' id='word_1_56' title='bbox 996 933 1183 965; x_wconf 90' lang='lat' dir='ltr'>numen</span> <span class='ocrx_word' id='word_1_57' title='bbox 1210 934 1485 981; x_wconf 88' lang='lat' dir='ltr'>equarum;</span> 
     </span>
     <span class='ocr_line' id='line_1_13' title="bbox 200 991 1273 1042; baseline 0.004 -4"><span class='ocrx_word' id='word_1_58' title='bbox 200 991 391 1039; x_wconf 88' lang='lat' dir='ltr'>Munus</span> <span class='ocrx_word' id='word_1_59' title='bbox 416 993 480 1039; x_wconf 90' lang='lat' dir='ltr'>ob</span> <span class='ocrx_word' id='word_1_60' title='bbox 506 992 785 1040; x_wconf 83' lang='lat' dir='ltr'>incolumes</span> <span class='ocrx_word' id='word_1_61' title='bbox 811 993 894 1041; x_wconf 88' lang='lat' dir='ltr'>ille</span> <span class='ocrx_word' id='word_1_62' title='bbox 920 993 1115 1042; x_wconf 87' lang='lat' dir='ltr'>ferebat</span> <span class='ocrx_word' id='word_1_63' title='bbox 1139 1011 1273 1042; x_wconf 92' lang='lat' dir='ltr'>oves.</span> 
     </span>
     <span class='ocr_line' id='line_1_14' title="bbox 128 1069 1388 1120; baseline 0.002 -4"><span class='ocrx_word' id='word_1_64' title='bbox 128 1069 409 1118; x_wconf 83' lang='lat' dir='ltr'>Transtulit</span> <span class='ocrx_word' id='word_1_65' title='bbox 436 1070 672 1119; x_wconf 87' lang='lat' dir='ltr'>Evander</span> <span class='ocrx_word' id='word_1_66' title='bbox 698 1071 946 1120; x_wconf 84' lang='lat' dir='ltr'>silvestria</span> <span class='ocrx_word' id='word_1_67' title='bbox 972 1073 1178 1120; x_wconf 88' lang='lat' dir='ltr'>numina</span> <span class='ocrx_word' id='word_1_68' title='bbox 1199 1089 1388 1120; x_wconf 89' lang='lat' dir='ltr'>secum.</span> 
     </span>
     <span class='ocr_line' id='line_1_15' title="bbox 200 1147 1547 1206; baseline 0.002 -12"><span class='ocrx_word' id='word_1_69' title='bbox 200 1147 314 1205; x_wconf 92' lang='lat' dir='ltr'>Hic,</span> <span class='ocrx_word' id='word_1_70' title='bbox 334 1148 421 1195; x_wconf 84' lang='lat' dir='ltr'>ubi</span> <span class='ocrx_word' id='word_1_71' title='bbox 442 1166 576 1197; x_wconf 92' lang='lat' dir='ltr'>nunc</span> <span class='ocrx_word' id='word_1_72' title='bbox 598 1150 717 1196; x_wconf 89' lang='lat' dir='ltr'>urbs</span> <span class='ocrx_word' id='word_1_73' title='bbox 737 1158 830 1206; x_wconf 91' lang='lat' dir='ltr'>est,</span> <span class='ocrx_word' id='word_1_74' title='bbox 850 1158 956 1197; x_wconf 88' lang='lat' dir='ltr'>tum</span> <span class='ocrx_word' id='word_1_75' title='bbox 978 1151 1118 1198; x_wconf 90' lang='lat' dir='ltr'>locus</span> <span class='ocrx_word' id='word_1_76' title='bbox 1139 1150 1278 1197; x_wconf 89' lang='lat' dir='ltr'>urbis</span> <span class='ocrx_word' id='word_1_77' title='bbox 1299 1158 1420 1197; x_wconf 88' lang='lat' dir='ltr'>erat.</span> <span class='ocrx_word' id='word_1_78' title='bbox 1448 1153 1547 1197; x_wconf 78' lang='lat'>280</span> 
     </span>
     <span class='ocr_line' id='line_1_16' title="bbox 132 1225 1480 1292; baseline 0.001 -20"><span class='ocrx_word' id='word_1_79' title='bbox 132 1225 258 1274; x_wconf 91' lang='lat' dir='ltr'>Inde</span> <span class='ocrx_word' id='word_1_80' title='bbox 287 1226 456 1274; x_wconf 90' lang='lat' dir='ltr'>Deum</span> <span class='ocrx_word' id='word_1_81' title='bbox 481 1227 709 1283; x_wconf 87' lang='lat' dir='ltr'>colimus,</span> <span class='ocrx_word' id='word_1_82' title='bbox 738 1227 1054 1292; x_wconf 86' lang='lat' dir='ltr'>devectaque</span> <span class='ocrx_word' id='word_1_83' title='bbox 1082 1244 1224 1275; x_wconf 84' lang='lat' dir='ltr'>sacra</span> <span class='ocrx_word' id='word_1_84' title='bbox 1250 1227 1480 1291; x_wconf 85' lang='lat' dir='ltr'>Pelasgis</span> 
     </span>
     <span class='ocr_line' id='line_1_17' title="bbox 198 1304 1291 1370; baseline 0.001 -19"><span class='ocrx_word' id='word_1_85' title='bbox 198 1304 407 1352; x_wconf 83' lang='lat' dir='ltr'>Flamen</span> <span class='ocrx_word' id='word_1_86' title='bbox 434 1305 598 1352; x_wconf 88' lang='lat' dir='ltr'>adhuc</span> <span class='ocrx_word' id='word_1_87' title='bbox 626 1306 791 1370; x_wconf 89' lang='lat' dir='ltr'>prisco</span> <span class='ocrx_word' id='word_1_88' title='bbox 818 1323 955 1354; x_wconf 80' lang='lat' dir='ltr'>more.</span> <span class='ocrx_word' id='word_1_89' title='bbox 984 1306 1145 1353; x_wconf 87' lang='lat' dir='ltr'>Dialis</span> <span class='ocrx_word' id='word_1_90' title='bbox 1172 1306 1291 1368; x_wconf 84' lang='lat' dir='ltr'>agit.</span> 
     </span>
     <span class='ocr_line' id='line_1_18' title="bbox 129 1382 1468 1445; baseline 0 -15"><span class='ocrx_word' id='word_1_91' title='bbox 129 1382 236 1430; x_wconf 89' lang='lat' dir='ltr'>Cur</span> <span class='ocrx_word' id='word_1_92' title='bbox 260 1382 408 1445; x_wconf 83' lang='lat' dir='ltr'>igitur</span> <span class='ocrx_word' id='word_1_93' title='bbox 433 1391 665 1441; x_wconf 81' lang='lat' dir='ltr'>currant3</span> <span class='ocrx_word' id='word_1_94' title='bbox 703 1390 754 1430; x_wconf 91' lang='lat' dir='ltr'>et</span> <span class='ocrx_word' id='word_1_95' title='bbox 780 1399 886 1438; x_wconf 87' lang='lat' dir='ltr'>cur,</span> <span class='ocrx_word' id='word_1_96' title='bbox 914 1383 986 1431; x_wconf 90' lang='lat' dir='ltr'>sic</span> <span class='ocrx_word' id='word_1_97' title='bbox 1012 1400 1213 1431; x_wconf 88' lang='lat' dir='ltr'>currere</span> <span class='ocrx_word' id='word_1_98' title='bbox 1240 1399 1348 1430; x_wconf 88' lang='lat' dir='ltr'>mos</span> <span class='ocrx_word' id='word_1_99' title='bbox 1376 1391 1468 1439; x_wconf 92' lang='lat' dir='ltr'>est,</span> 
     </span>
     <span class='ocr_line' id='line_1_19' title="bbox 198 1461 1355 1526; baseline -0.003 -15"><span class='ocrx_word' id='word_1_100' title='bbox 198 1462 351 1511; x_wconf 85' lang='lat' dir='ltr'>Nuda</span> <span class='ocrx_word' id='word_1_101' title='bbox 375 1461 538 1509; x_wconf 89' lang='lat' dir='ltr'>ferant</span> <span class='ocrx_word' id='word_1_102' title='bbox 562 1461 728 1526; x_wconf 87' lang='lat' dir='ltr'>posita</span> <span class='ocrx_word' id='word_1_103' title='bbox 752 1478 965 1526; x_wconf 85' lang='lat' dir='ltr'>corpora</span> <span class='ocrx_word' id='word_1_104' title='bbox 988 1469 1145 1518; x_wconf 88' lang='lat' dir='ltr'>veste,</span> <span class='ocrx_word' id='word_1_105' title='bbox 1174 1461 1355 1524; x_wconf 81' lang='lat' dir='ltr'>rogas?</span> 
     </span>
    </p>
   </div>
   <div class='ocr_carea' id='block_1_9' title="bbox 125 1613 808 2838">
    <p class='ocr_par' dir='ltr' id='par_1_10' title="bbox 125 1613 806 2700">
     <span class='ocr_line' id='line_1_20' title="bbox 170 1613 804 1655; baseline 0 -10"><span class='ocrx_word' id='word_1_106' title='bbox 170 1615 246 1645; x_wconf 87' lang='lat'>271.</span> <span class='ocrx_word' id='word_1_107' title='bbox 268 1613 407 1655; x_wconf 75' lang='grc' dir='ltr'>Ἀρκτᾶσι</span> <span class='ocrx_word' id='word_1_108' title='bbox 425 1615 512 1645; x_wconf 62' lang='grc' dir='ltr'>θεῶν</span> <span class='ocrx_word' id='word_1_109' title='bbox 528 1614 756 1655; x_wconf 80' lang='grc' dir='ltr'>ἁρχαιοτατός</span> <span class='ocrx_word' id='word_1_110' title='bbox 771 1626 804 1645; x_wconf 84' lang='grc' dir='ltr'>τε</span> 
     </span>
     <span class='ocr_line' id='line_1_21' title="bbox 129 1663 805 1706; baseline -0.001 -11"><span class='ocrx_word' id='word_1_111' title='bbox 129 1665 185 1697; x_wconf 85' lang='grc' dir='ltr'>καὶ</span> <span class='ocrx_word' id='word_1_112' title='bbox 197 1664 392 1706; x_wconf 82' lang='grc' dir='ltr'>τιμιώτατος</span> <span class='ocrx_word' id='word_1_113' title='bbox 405 1663 422 1694; x_wconf 90' lang='grc' dir='ltr'><strong>ὁ</strong></span> <span class='ocrx_word' id='word_1_114' title='bbox 435 1665 512 1696; x_wconf 82' lang='grc' dir='ltr'>Πᾶν</span> <span class='ocrx_word' id='word_1_115' title='bbox 522 1664 710 1705; x_wconf 86' lang='lat' dir='ltr'>Dionysius,</span> <span class='ocrx_word' id='word_1_116' title='bbox 720 1663 740 1694; x_wconf 84' lang='lat' dir='ltr'>i.</span> <span class='ocrx_word' id='word_1_117' title='bbox 751 1664 805 1702; x_wconf 81' lang='lat'>323</span> 
     </span>
     <span class='ocr_line' id='line_1_22' title="bbox 126 1713 806 1756; baseline -0.003 -10"><span class='ocrx_word' id='word_1_118' title='bbox 126 1715 198 1752; x_wconf 81' lang='grc' dir='ltr'><em>τοῖς</em></span> <span class='ocrx_word' id='word_1_119' title='bbox 231 1713 390 1756; x_wconf 84' lang='grc' dir='ltr'>Ἀρκᾶσιν</span> <span class='ocrx_word' id='word_1_120' title='bbox 426 1713 599 1755; x_wconf 79' lang='grc' dir='ltr'>ἐπιχώριος</span> <span class='ocrx_word' id='word_1_121' title='bbox 628 1714 806 1744; x_wconf 82' lang='lat' dir='ltr'>Pausanias</span> 
     </span>
     <span class='ocr_line' id='line_1_23' title="bbox 128 1763 805 1806; baseline -0.001 -12"><span class='ocrx_word' id='word_1_122' title='bbox 128 1764 249 1795; x_wconf 81' lang='lat' dir='ltr'>Arcad.</span> <span class='ocrx_word' id='word_1_123' title='bbox 265 1763 351 1795; x_wconf 87' lang='lat' dir='ltr'>xxvi.</span> <span class='ocrx_word' id='word_1_124' title='bbox 366 1775 400 1806; x_wconf 89' lang='lat' dir='ltr'>p.</span> <span class='ocrx_word' id='word_1_125' title='bbox 415 1765 493 1795; x_wconf 83' lang='lat'><strong>652.</strong></span> <span class='ocrx_word' id='word_1_126' title='bbox 510 1770 542 1794; x_wconf 87' lang='lat' dir='ltr'>et</span> <span class='ocrx_word' id='word_1_127' title='bbox 558 1763 597 1794; x_wconf 89' lang='lat' dir='ltr'>de</span> <span class='ocrx_word' id='word_1_128' title='bbox 612 1765 699 1794; x_wconf 74' lang='lat' dir='ltr'>cultu</span> <span class='ocrx_word' id='word_1_129' title='bbox 725 1763 805 1805; x_wconf 84' lang='lat' dir='ltr'>ejus,</span> 
     </span>
     <span class='ocr_line' id='line_1_24' title="bbox 129 1812 806 1856; baseline -0.003 -11"><span class='ocrx_word' id='word_1_130' title='bbox 129 1825 160 1856; x_wconf 91' lang='lat' dir='ltr'>p.</span> <span class='ocrx_word' id='word_1_131' title='bbox 177 1814 253 1844; x_wconf 89' lang='grc'><strong>677.</strong></span> <span class='ocrx_word' id='word_1_132' title='bbox 298 1813 435 1854; x_wconf 81' lang='lat' dir='ltr'>Injugis</span> <span class='ocrx_word' id='word_1_133' title='bbox 451 1812 597 1843; x_wconf 84' lang='lat' dir='ltr'>Arcadiae</span> <span class='ocrx_word' id='word_1_134' title='bbox 614 1813 739 1843; x_wconf 82' lang='lat' dir='ltr'>errabat</span> <span class='ocrx_word' id='word_1_135' title='bbox 754 1813 806 1843; x_wconf 89' lang='lat' dir='ltr'>fis-</span> 
     </span>
     <span class='ocr_line' id='line_1_25' title="bbox 127 1862 803 1904; baseline -0.003 -10"><span class='ocrx_word' id='word_1_136' title='bbox 127 1863 196 1894; x_wconf 87' lang='lat' dir='ltr'>tula</span> <span class='ocrx_word' id='word_1_137' title='bbox 222 1873 351 1899; x_wconf 82' lang='lat' dir='ltr'>canenS,</span> <span class='ocrx_word' id='word_1_138' title='bbox 375 1862 483 1904; x_wconf 84' lang='lat' dir='ltr'>ibique</span> <span class='ocrx_word' id='word_1_139' title='bbox 512 1862 647 1904; x_wconf 84' lang='lat' dir='ltr'>plurima</span> <span class='ocrx_word' id='word_1_140' title='bbox 670 1862 803 1904; x_wconf 82' lang='lat' dir='ltr'>templa,</span> 
     </span>
     <span class='ocr_line' id='line_1_26' title="bbox 128 1911 806 1950; baseline -0.004 -6"><span class='ocrx_word' id='word_1_141' title='bbox 128 1919 261 1950; x_wconf 77' lang='lat' dir='ltr'>statuas,</span> <span class='ocrx_word' id='word_1_142' title='bbox 277 1923 358 1949; x_wconf 87' lang='lat' dir='ltr'>aras,</span> <span class='ocrx_word' id='word_1_143' title='bbox 374 1922 474 1949; x_wconf 86' lang='lat' dir='ltr'>sacra,</span> <span class='ocrx_word' id='word_1_144' title='bbox 490 1918 594 1948; x_wconf 86' lang='lat' dir='ltr'>antra,</span> <span class='ocrx_word' id='word_1_145' title='bbox 611 1917 734 1943; x_wconf 87' lang='lat' dir='ltr'>montes</span> <span class='ocrx_word' id='word_1_146' title='bbox 750 1911 806 1942; x_wconf 82' lang='lat' dir='ltr'>ha-</span> 
     </span>
     <span class='ocr_line' id='line_1_27' title="bbox 126 1961 805 2003; baseline -0.001 -10"><span class='ocrx_word' id='word_1_147' title='bbox 126 1963 235 1993; x_wconf 89' lang='lat' dir='ltr'>bebat.</span> <span class='ocrx_word' id='word_1_148' title='bbox 277 1962 374 1993; x_wconf 88' lang='lat' dir='ltr'>Paus.</span> <span class='ocrx_word' id='word_1_149' title='bbox 390 1973 422 2003; x_wconf 87' lang='lat' dir='ltr'>p.</span> <span class='ocrx_word' id='word_1_150' title='bbox 435 1962 511 1992; x_wconf 86' lang='lat'><strong>574.</strong></span> <span class='ocrx_word' id='word_1_151' title='bbox 524 1962 598 1992; x_wconf 88' lang='lat'><strong>686.</strong></span> <span class='ocrx_word' id='word_1_152' title='bbox 644 1961 683 1991; x_wconf 89' lang='lat' dir='ltr'>In</span> <span class='ocrx_word' id='word_1_153' title='bbox 699 1967 805 1992; x_wconf 78' lang='lat' dir='ltr'>monte</span> 
     </span>
     <span class='ocr_line' id='line_1_28' title="bbox 127 2011 803 2054; baseline -0.004 -10"><span class='ocrx_word' id='word_1_154' title='bbox 127 2013 244 2054; x_wconf 85' lang='lat' dir='ltr'>Lycaeo</span> <span class='ocrx_word' id='word_1_155' title='bbox 259 2011 332 2043; x_wconf 84' lang='lat' dir='ltr'>fano</span> <span class='ocrx_word' id='word_1_156' title='bbox 348 2011 415 2053; x_wconf 91' lang='lat' dir='ltr'>ejus</span> <span class='ocrx_word' id='word_1_157' title='bbox 437 2011 663 2053; x_wconf 84' lang='lat' dir='ltr'>hippodromus</span> <span class='ocrx_word' id='word_1_158' title='bbox 685 2016 717 2041; x_wconf 87' lang='lat' dir='ltr'>et</span> <span class='ocrx_word' id='word_1_159' title='bbox 738 2017 803 2041; x_wconf 84' lang='lat' dir='ltr'>sta-</span> 
     </span>
     <span class='ocr_line' id='line_1_29' title="bbox 127 2060 806 2103; baseline -0.004 -10"><span class='ocrx_word' id='word_1_160' title='bbox 127 2062 216 2094; x_wconf 91' lang='lat' dir='ltr'>dium</span> <span class='ocrx_word' id='word_1_161' title='bbox 245 2061 447 2103; x_wconf 81' lang='lat' dir='ltr'>adjacebant,</span> <span class='ocrx_word' id='word_1_162' title='bbox 473 2061 506 2091; x_wconf 91' lang='lat' dir='ltr'>in</span> <span class='ocrx_word' id='word_1_163' title='bbox 537 2071 600 2103; x_wconf 89' lang='lat' dir='ltr'>quo</span> <span class='ocrx_word' id='word_1_164' title='bbox 626 2060 694 2102; x_wconf 87' lang='lat' dir='ltr'>jam</span> <span class='ocrx_word' id='word_1_165' title='bbox 725 2060 806 2091; x_wconf 85' lang='lat' dir='ltr'>anti-</span> 
     </span>
     <span class='ocr_line' id='line_1_30' title="bbox 129 2109 804 2154; baseline -0.003 -11"><span class='ocrx_word' id='word_1_166' title='bbox 129 2111 289 2154; x_wconf 88' lang='lat' dir='ltr'>quissimis</span> <span class='ocrx_word' id='word_1_167' title='bbox 314 2110 508 2153; x_wconf 84' lang='lat' dir='ltr'>temporibus</span> <span class='ocrx_word' id='word_1_168' title='bbox 530 2110 719 2150; x_wconf 82' lang='lat' dir='ltr'>Lupercalia</span> <span class='ocrx_word' id='word_1_169' title='bbox 745 2109 804 2141; x_wconf 80' lang='grc' dir='ltr'>λύ-</span> 
     </span>
     <span class='ocr_line' id='line_1_31' title="bbox 125 2159 805 2198; baseline -0.006 -6"><span class='ocrx_word' id='word_1_170' title='bbox 125 2173 215 2198; x_wconf 66' lang='lat' dir='ltr'>nata,</span> <span class='ocrx_word' id='word_1_171' title='bbox 245 2161 429 2198; x_wconf 79' lang='lat' dir='ltr'>celebrata3</span> <span class='ocrx_word' id='word_1_172' title='bbox 466 2161 609 2192; x_wconf 83' lang='lat' dir='ltr'>Pausan.</span> <span class='ocrx_word' id='word_1_173' title='bbox 641 2160 718 2190; x_wconf 90' lang='lat'><strong>678.</strong></span> <span class='ocrx_word' id='word_1_174' title='bbox 767 2159 805 2189; x_wconf 88' lang='lat' dir='ltr'>In</span> 
     </span>
     <span class='ocr_line' id='line_1_32' title="bbox 125 2208 803 2252; baseline -0.006 -10"><span class='ocrx_word' id='word_1_175' title='bbox 125 2211 272 2252; x_wconf 86' lang='lat' dir='ltr'>catalogo</span> <span class='ocrx_word' id='word_1_176' title='bbox 299 2209 454 2241; x_wconf 75' lang='lat' dir='ltr'>montium</span> <span class='ocrx_word' id='word_1_177' title='bbox 474 2210 657 2240; x_wconf 60' lang='lat' dir='ltr'>Maenalium</span> <span class='ocrx_word' id='word_1_178' title='bbox 679 2208 803 2239; x_wconf 87' lang='lat' dir='ltr'>deside-</span> 
     </span>
     <span class='ocr_line' id='line_1_33' title="bbox 128 2258 805 2302; baseline -0.004 -11"><span class='ocrx_word' id='word_1_179' title='bbox 128 2271 191 2298; x_wconf 88' lang='lat' dir='ltr'>ras,</span> <span class='ocrx_word' id='word_1_180' title='bbox 208 2259 262 2302; x_wconf 91' lang='lat' dir='ltr'>qui</span> <span class='ocrx_word' id='word_1_181' title='bbox 287 2261 315 2290; x_wconf 87' lang='lat' dir='ltr'>ei</span> <span class='ocrx_word' id='word_1_182' title='bbox 336 2259 534 2302; x_wconf 88' lang='lat' dir='ltr'>potissimum</span> <span class='ocrx_word' id='word_1_183' title='bbox 557 2269 653 2289; x_wconf 85' lang='lat' dir='ltr'>curae.</span> <span class='ocrx_word' id='word_1_184' title='bbox 700 2258 805 2300; x_wconf 66' lang='lat' dir='ltr'>Virgi-</span> 
     </span>
     <span class='ocr_line' id='line_1_34' title="bbox 127 2308 804 2351; baseline -0.004 -10"><span class='ocrx_word' id='word_1_185' title='bbox 127 2310 200 2347; x_wconf 88' lang='lat' dir='ltr'>lius,</span> <span class='ocrx_word' id='word_1_186' title='bbox 218 2311 335 2351; x_wconf 83' lang='lat' dir='ltr'>Georg.</span> <span class='ocrx_word' id='word_1_187' title='bbox 352 2309 372 2340; x_wconf 88' lang='lat' dir='ltr'><strong>i.</strong></span> <span class='ocrx_word' id='word_1_188' title='bbox 389 2309 426 2339; x_wconf 92' lang='lat'>17</span> <span class='ocrx_word' id='word_1_189' title='bbox 441 2320 448 2347; x_wconf 79' lang='lat'><em>3</em></span> <span class='ocrx_word' id='word_1_190' title='bbox 473 2309 568 2340; x_wconf 88' lang='lat' dir='ltr'>Paus.</span> <span class='ocrx_word' id='word_1_191' title='bbox 582 2320 613 2350; x_wconf 88' lang='lat' dir='ltr'>p.</span> <span class='ocrx_word' id='word_1_192' title='bbox 630 2309 705 2339; x_wconf 78' lang='lat'><strong>674.</strong></span> <span class='ocrx_word' id='word_1_193' title='bbox 742 2308 804 2338; x_wconf 78' lang='lat' dir='ltr'>La-</span> 
     </span>
     <span class='ocr_line' id='line_1_35' title="bbox 129 2358 806 2401; baseline -0.006 -10"><span class='ocrx_word' id='word_1_194' title='bbox 129 2363 186 2392; x_wconf 81' lang='lat' dir='ltr'>don</span> <span class='ocrx_word' id='word_1_195' title='bbox 203 2359 236 2391; x_wconf 90' lang='lat' dir='ltr'>in</span> <span class='ocrx_word' id='word_1_196' title='bbox 250 2359 414 2401; x_wconf 86' lang='lat' dir='ltr'>Alpheum</span> <span class='ocrx_word' id='word_1_197' title='bbox 428 2359 576 2395; x_wconf 85' lang='lat' dir='ltr'>influens,</span> <span class='ocrx_word' id='word_1_198' title='bbox 589 2358 685 2389; x_wconf 85' lang='lat' dir='ltr'>etiam</span> <span class='ocrx_word' id='word_1_199' title='bbox 704 2369 734 2388; x_wconf 93' lang='lat' dir='ltr'>v.</span> <span class='ocrx_word' id='word_1_200' title='bbox 753 2358 806 2388; x_wconf 84' lang='lat'><strong>89.</strong></span> 
     </span>
     <span class='ocr_line' id='line_1_36' title="bbox 129 2407 804 2449; baseline -0.004 -8"><span class='ocrx_word' id='word_1_201' title='bbox 129 2415 258 2441; x_wconf 85' lang='lat' dir='ltr'>vocatur</span> <span class='ocrx_word' id='word_1_202' title='bbox 283 2420 400 2449; x_wconf 55' lang='lat' dir='ltr'>rapam</span> <span class='ocrx_word' id='word_1_203' title='bbox 434 2408 491 2439; x_wconf 89' lang='lat' dir='ltr'>sed</span> <span class='ocrx_word' id='word_1_204' title='bbox 517 2409 655 2438; x_wconf 84' lang='lat' dir='ltr'>Metam.</span> <span class='ocrx_word' id='word_1_205' title='bbox 684 2407 705 2437; x_wconf 90' lang='lat' dir='ltr'>i.</span> <span class='ocrx_word' id='word_1_206' title='bbox 731 2407 804 2438; x_wconf 86' lang='lat'><strong>702.</strong></span> 
     </span>
     <span class='ocr_line' id='line_1_37' title="bbox 127 2456 806 2500; baseline -0.006 -10"><span class='ocrx_word' id='word_1_207' title='bbox 127 2460 290 2500; x_wconf 77' lang='lat' dir='ltr'>placidus3</span> <span class='ocrx_word' id='word_1_208' title='bbox 328 2458 383 2489; x_wconf 86' lang='lat' dir='ltr'>ubi</span> <span class='ocrx_word' id='word_1_209' title='bbox 413 2469 443 2489; x_wconf 91' lang='lat' dir='ltr'>v.</span> <span class='ocrx_word' id='word_1_210' title='bbox 473 2468 505 2488; x_wconf 91' lang='lat' dir='ltr'><strong>n.</strong></span> <span class='ocrx_word' id='word_1_211' title='bbox 566 2457 675 2487; x_wconf 80' lang='lat' dir='ltr'>Pineta</span> <span class='ocrx_word' id='word_1_212' title='bbox 707 2456 806 2487; x_wconf 83' lang='lat' dir='ltr'>etiam</span> 
     </span>
     <span class='ocr_line' id='line_1_38' title="bbox 129 2507 805 2552; baseline -0.006 -12"><span class='ocrx_word' id='word_1_213' title='bbox 129 2508 250 2552; x_wconf 88' lang='lat' dir='ltr'>Lycaei,</span> <span class='ocrx_word' id='word_1_214' title='bbox 278 2509 412 2539; x_wconf 85' lang='lat' dir='ltr'>Metam.</span> <span class='ocrx_word' id='word_1_215' title='bbox 436 2508 456 2538; x_wconf 86' lang='lat' dir='ltr'>i.</span> <span class='ocrx_word' id='word_1_216' title='bbox 481 2507 556 2537; x_wconf 78' lang='lat'><strong>217.</strong></span> <span class='ocrx_word' id='word_1_217' title='bbox 583 2511 805 2537; x_wconf 81' lang='lat' dir='ltr'>memorantur.</span> 
     </span>
     <span class='ocr_line' id='line_1_39' title="bbox 131 2556 802 2599; baseline -0.006 -9"><span class='ocrx_word' id='word_1_218' title='bbox 131 2560 368 2590; x_wconf 81' lang='lat' dir='ltr'>Parrhasiorum</span> <span class='ocrx_word' id='word_1_219' title='bbox 391 2559 465 2589; x_wconf 81' lang='lat' dir='ltr'>urbs</span> <span class='ocrx_word' id='word_1_220' title='bbox 481 2558 642 2599; x_wconf 87' lang='lat' dir='ltr'>Lycosura</span> <span class='ocrx_word' id='word_1_221' title='bbox 664 2556 802 2587; x_wconf 87' lang='lat' dir='ltr'>omnium</span> 
     </span>
     <span class='ocr_line' id='line_1_40' title="bbox 129 2606 804 2650; baseline -0.006 -10"><span class='ocrx_word' id='word_1_222' title='bbox 129 2609 255 2640; x_wconf 87' lang='lat' dir='ltr'>urbium</span> <span class='ocrx_word' id='word_1_223' title='bbox 276 2607 497 2650; x_wconf 85' lang='lat' dir='ltr'>antiquissima</span> <span class='ocrx_word' id='word_1_224' title='bbox 517 2606 637 2638; x_wconf 87' lang='lat' dir='ltr'>habita.</span> <span class='ocrx_word' id='word_1_225' title='bbox 683 2607 804 2637; x_wconf 81' lang='lat' dir='ltr'>Pausa-</span> 
     </span>
     <span class='ocr_line' id='line_1_41' title="bbox 131 2658 354 2700; baseline -0.009 -10"><span class='ocrx_word' id='word_1_226' title='bbox 131 2659 211 2695; x_wconf 84' lang='lat' dir='ltr'>nias,</span> <span class='ocrx_word' id='word_1_227' title='bbox 227 2669 261 2700; x_wconf 86' lang='lat' dir='ltr'><strong>p.</strong></span> <span class='ocrx_word' id='word_1_228' title='bbox 279 2658 354 2689; x_wconf 88' lang='grc'><strong>678.</strong></span> 
     </span>
    </p>

    <p class='ocr_par' dir='ltr' id='par_1_11' title="bbox 132 2704 808 2800">
     <span class='ocr_line' id='line_1_42' title="bbox 175 2704 806 2740; baseline -0.01 0"><span class='ocrx_word' id='word_1_229' title='bbox 175 2709 250 2740; x_wconf 87' lang='grc'><strong>279.</strong></span> <span class='ocrx_word' id='word_1_230' title='bbox 275 2708 344 2739; x_wconf 85' lang='lat' dir='ltr'>Liv.</span> <span class='ocrx_word' id='word_1_231' title='bbox 357 2707 417 2738; x_wconf 89' lang='lat' dir='ltr'>hoc</span> <span class='ocrx_word' id='word_1_232' title='bbox 432 2716 531 2737; x_wconf 88' lang='lat' dir='ltr'>uuum</span> <span class='ocrx_word' id='word_1_233' title='bbox 553 2705 669 2736; x_wconf 86' lang='lat' dir='ltr'>habet:</span> <span class='ocrx_word' id='word_1_234' title='bbox 696 2707 716 2722; x_wconf 90' lang='lat'><strong>“</strong></span> <span class='ocrx_word' id='word_1_235' title='bbox 733 2704 806 2735; x_wconf 89' lang='lat' dir='ltr'>Jam</span> 
     </span>
     <span class='ocr_line' id='line_1_43' title="bbox 132 2756 808 2800; baseline -0.006 -11"><span class='ocrx_word' id='word_1_236' title='bbox 132 2764 198 2790; x_wconf 81' lang='lat' dir='ltr'>tum</span> <span class='ocrx_word' id='word_1_237' title='bbox 221 2760 337 2800; x_wconf 84' lang='lat' dir='ltr'>(quum</span> <span class='ocrx_word' id='word_1_238' title='bbox 352 2757 511 2788; x_wconf 84' lang='lat' dir='ltr'>Romulus</span> <span class='ocrx_word' id='word_1_239' title='bbox 535 2762 567 2787; x_wconf 86' lang='lat' dir='ltr'>et</span> <span class='ocrx_word' id='word_1_240' title='bbox 583 2756 706 2787; x_wconf 86' lang='lat' dir='ltr'>Remus</span> <span class='ocrx_word' id='word_1_241' title='bbox 728 2756 808 2785; x_wconf 80' lang='lat' dir='ltr'>inter</span> 
     </span>
    </p>

    <p class='ocr_par' dir='ltr' id='par_1_12' title="bbox 182 2807 342 2838">
     <span class='ocr_line' id='line_1_44' title="bbox 182 2807 342 2838; baseline -0.006 0"><span class='ocrx_word' id='word_1_242' title='bbox 182 2808 283 2838; x_wconf 79' lang='lat' dir='ltr'><strong>VOL.</strong></span> <span class='ocrx_word' id='word_1_243' title='bbox 300 2807 342 2837; x_wconf 81' lang='lat' dir='ltr'><strong>V.</strong></span> 
     </span>
    </p>
   </div>
   <div class='ocr_carea' id='block_1_10' title="bbox 871 1611 1553 2793">
    <p class='ocr_par' dir='ltr' id='par_1_13' title="bbox 871 1611 1553 2487">
     <span class='ocr_line' id='line_1_45' title="bbox 873 1611 1551 1657; baseline -0.004 -12"><span class='ocrx_word' id='word_1_244' title='bbox 873 1620 1013 1657; x_wconf 78' lang='lat' dir='ltr'>pastores</span> <span class='ocrx_word' id='word_1_245' title='bbox 1054 1614 1283 1653; x_wconf 81' lang='lat' dir='ltr'>educarentur)</span> <span class='ocrx_word' id='word_1_246' title='bbox 1328 1612 1358 1642; x_wconf 85' lang='lat' dir='ltr'>in</span> <span class='ocrx_word' id='word_1_247' title='bbox 1404 1611 1551 1643; x_wconf 84' lang='lat' dir='ltr'>Palatino</span> 
     </span>
     <span class='ocr_line' id='line_1_46' title="bbox 873 1661 1548 1706; baseline -0.004 -11"><span class='ocrx_word' id='word_1_248' title='bbox 873 1671 979 1695; x_wconf 88' lang='lat' dir='ltr'>monte</span> <span class='ocrx_word' id='word_1_249' title='bbox 1003 1664 1161 1706; x_wconf 84' lang='lat' dir='ltr'>Lupercal</span> <span class='ocrx_word' id='word_1_250' title='bbox 1186 1664 1244 1694; x_wconf 92' lang='lat' dir='ltr'>hoc</span> <span class='ocrx_word' id='word_1_251' title='bbox 1271 1661 1367 1694; x_wconf 87' lang='lat' dir='ltr'>fuisse</span> <span class='ocrx_word' id='word_1_252' title='bbox 1393 1662 1548 1693; x_wconf 89' lang='lat' dir='ltr'>ludicrum</span> 
     </span>
     <span class='ocr_line' id='line_1_47' title="bbox 874 1711 1549 1755; baseline -0.007 -10"><span class='ocrx_word' id='word_1_253' title='bbox 874 1714 1014 1745; x_wconf 85' lang='lat' dir='ltr'>ferunt.&#39;’</span> <span class='ocrx_word' id='word_1_254' title='bbox 1076 1713 1136 1744; x_wconf 86' lang='lat' dir='ltr'>Sed</span> <span class='ocrx_word' id='word_1_255' title='bbox 1178 1711 1352 1755; x_wconf 82' lang='lat' dir='ltr'>Dionysius</span> <span class='ocrx_word' id='word_1_256' title='bbox 1395 1711 1549 1752; x_wconf 82' lang='lat' dir='ltr'>originem</span> 
     </span>
     <span class='ocr_line' id='line_1_48' title="bbox 874 1761 1551 1806; baseline -0.007 -11"><span class='ocrx_word' id='word_1_257' title='bbox 874 1764 942 1806; x_wconf 87' lang='lat' dir='ltr'>ejus</span> <span class='ocrx_word' id='word_1_258' title='bbox 964 1775 1037 1795; x_wconf 87' lang='lat' dir='ltr'>cum</span> <span class='ocrx_word' id='word_1_259' title='bbox 1060 1764 1176 1794; x_wconf 81' lang='lat' dir='ltr'>Nostro</span> <span class='ocrx_word' id='word_1_260' title='bbox 1200 1763 1316 1794; x_wconf 82' lang='lat' dir='ltr'>diserte</span> <span class='ocrx_word' id='word_1_261' title='bbox 1340 1762 1380 1793; x_wconf 85' lang='lat' dir='ltr'>ab</span> <span class='ocrx_word' id='word_1_262' title='bbox 1408 1761 1551 1792; x_wconf 77' lang='lat' dir='ltr'>Evandro</span> 
     </span>
     <span class='ocr_line' id='line_1_49' title="bbox 874 1809 1547 1854; baseline -0.006 -11"><span class='ocrx_word' id='word_1_263' title='bbox 874 1812 1000 1854; x_wconf 87' lang='lat' dir='ltr'>repetit.</span> <span class='ocrx_word' id='word_1_264' title='bbox 1048 1813 1130 1842; x_wconf 90' lang='lat' dir='ltr'>Eum</span> <span class='ocrx_word' id='word_1_265' title='bbox 1167 1822 1185 1842; x_wconf 90' lang='lat' dir='ltr'>a</span> <span class='ocrx_word' id='word_1_266' title='bbox 1213 1810 1385 1846; x_wconf 87' lang='lat' dir='ltr'>Thernide,</span> <span class='ocrx_word' id='word_1_267' title='bbox 1417 1809 1450 1840; x_wconf 91' lang='lat' dir='ltr'>id</span> <span class='ocrx_word' id='word_1_268' title='bbox 1487 1816 1547 1845; x_wconf 87' lang='lat' dir='ltr'>est,</span> 
     </span>
     <span class='ocr_line' id='line_1_50' title="bbox 875 1858 1552 1893; baseline -0.006 -1"><span class='ocrx_word' id='word_1_269' title='bbox 875 1862 1046 1893; x_wconf 84' lang='lat' dir='ltr'>Carmenta</span> <span class='ocrx_word' id='word_1_270' title='bbox 1076 1867 1176 1891; x_wconf 86' lang='lat' dir='ltr'>matre</span> <span class='ocrx_word' id='word_1_271' title='bbox 1201 1859 1355 1890; x_wconf 86' lang='lat' dir='ltr'>monitum</span> <span class='ocrx_word' id='word_1_272' title='bbox 1385 1858 1441 1889; x_wconf 83' lang='lat' dir='ltr'>illa</span> <span class='ocrx_word' id='word_1_273' title='bbox 1463 1869 1552 1889; x_wconf 85' lang='lat' dir='ltr'>sacra</span> 
     </span>
     <span class='ocr_line' id='line_1_51' title="bbox 875 1908 1549 1952; baseline -0.006 -11"><span class='ocrx_word' id='word_1_274' title='bbox 875 1911 976 1952; x_wconf 82' lang='lat' dir='ltr'>patrio</span> <span class='ocrx_word' id='word_1_275' title='bbox 997 1910 1059 1941; x_wconf 79' lang='lat' dir='ltr'>ritu</span> <span class='ocrx_word' id='word_1_276' title='bbox 1083 1909 1207 1945; x_wconf 84' lang='lat' dir='ltr'>fecisse,</span> <span class='ocrx_word' id='word_1_277' title='bbox 1223 1915 1346 1951; x_wconf 86' lang='lat' dir='ltr'>reperto</span> <span class='ocrx_word' id='word_1_278' title='bbox 1367 1908 1437 1939; x_wconf 88' lang='lat' dir='ltr'>loco</span> <span class='ocrx_word' id='word_1_279' title='bbox 1462 1917 1549 1938; x_wconf 90' lang='lat' dir='ltr'>com-</span> 
     </span>
     <span class='ocr_line' id='line_1_52' title="bbox 875 1956 1551 2001; baseline -0.004 -11"><span class='ocrx_word' id='word_1_280' title='bbox 875 1959 979 1997; x_wconf 83' lang='lat' dir='ltr'>modo,</span> <span class='ocrx_word' id='word_1_281' title='bbox 996 1970 1090 2001; x_wconf 88' lang='lat' dir='ltr'>quem</span> <span class='ocrx_word' id='word_1_282' title='bbox 1104 1958 1243 1990; x_wconf 85' lang='lat' dir='ltr'>Romani</span> <span class='ocrx_word' id='word_1_283' title='bbox 1260 1957 1428 1999; x_wconf 84' lang='lat' dir='ltr'>Lupercal,</span> <span class='ocrx_word' id='word_1_284' title='bbox 1446 1956 1551 1988; x_wconf 86' lang='lat' dir='ltr'>Graeci</span> 
     </span>
     <span class='ocr_line' id='line_1_53' title="bbox 875 2007 1551 2052; baseline -0.006 -11"><span class='ocrx_word' id='word_1_285' title='bbox 875 2011 1028 2052; x_wconf 84' lang='lat' dir='ltr'>Lycaeum</span> <span class='ocrx_word' id='word_1_286' title='bbox 1044 2015 1172 2046; x_wconf 88' lang='lat' dir='ltr'>vocent,</span> <span class='ocrx_word' id='word_1_287' title='bbox 1191 2019 1305 2050; x_wconf 86' lang='lat' dir='ltr'>nempe</span> <span class='ocrx_word' id='word_1_288' title='bbox 1328 2008 1481 2050; x_wconf 88' lang='lat' dir='ltr'>spelunca</span> <span class='ocrx_word' id='word_1_289' title='bbox 1504 2007 1551 2037; x_wconf 88' lang='lat' dir='ltr'>in-</span> 
     </span>
     <span class='ocr_line' id='line_1_54' title="bbox 875 2057 1553 2101; baseline -0.004 -11"><span class='ocrx_word' id='word_1_290' title='bbox 875 2059 962 2100; x_wconf 88' lang='lat' dir='ltr'>genti</span> <span class='ocrx_word' id='word_1_291' title='bbox 978 2066 1010 2091; x_wconf 85' lang='lat' dir='ltr'>et</span> <span class='ocrx_word' id='word_1_292' title='bbox 1027 2069 1129 2101; x_wconf 88' lang='lat' dir='ltr'>opaca</span> <span class='ocrx_word' id='word_1_293' title='bbox 1144 2060 1202 2090; x_wconf 89' lang='lat' dir='ltr'>sub</span> <span class='ocrx_word' id='word_1_294' title='bbox 1223 2058 1304 2089; x_wconf 91' lang='lat' dir='ltr'>colle</span> <span class='ocrx_word' id='word_1_295' title='bbox 1320 2057 1479 2093; x_wconf 83' lang='lat' dir='ltr'>Palatino,</span> <span class='ocrx_word' id='word_1_296' title='bbox 1497 2057 1553 2087; x_wconf 87' lang='lat' dir='ltr'>ad-</span> 
     </span>
     <span class='ocr_line' id='line_1_55' title="bbox 871 2107 1552 2151; baseline -0.006 -11"><span class='ocrx_word' id='word_1_297' title='bbox 871 2109 1053 2151; x_wconf 80' lang='lat' dir='ltr'>jacentibus</span> <span class='ocrx_word' id='word_1_298' title='bbox 1083 2108 1257 2139; x_wconf 88' lang='lat' dir='ltr'>fonticulis.</span> <span class='ocrx_word' id='word_1_299' title='bbox 1309 2107 1469 2138; x_wconf 69' lang='lat' dir='ltr'>silvestria</span> <span class='ocrx_word' id='word_1_300' title='bbox 1493 2118 1552 2136; x_wconf 79' lang='lat' dir='ltr'>nu-</span> 
     </span>
     <span class='ocr_line' id='line_1_56' title="bbox 874 2155 1552 2195; baseline -0.006 -6"><span class='ocrx_word' id='word_1_301' title='bbox 874 2160 968 2195; x_wconf 77' lang='lat' dir='ltr'>mina,</span> <span class='ocrx_word' id='word_1_302' title='bbox 984 2159 1105 2190; x_wconf 78' lang='lat' dir='ltr'>cultum</span> <span class='ocrx_word' id='word_1_303' title='bbox 1123 2157 1276 2189; x_wconf 85' lang='lat' dir='ltr'>silvestris</span> <span class='ocrx_word' id='word_1_304' title='bbox 1287 2155 1363 2187; x_wconf 91' lang='lat' dir='ltr'>Dei.</span> <span class='ocrx_word' id='word_1_305' title='bbox 1410 2156 1473 2186; x_wconf 82' lang='lat' dir='ltr'>Hic</span> <span class='ocrx_word' id='word_1_306' title='bbox 1491 2157 1552 2191; x_wconf 79' lang='lat' dir='ltr'>ubi,</span> 
     </span>
     <span class='ocr_line' id='line_1_57' title="bbox 875 2205 1553 2249; baseline -0.006 -11"><span class='ocrx_word' id='word_1_307' title='bbox 875 2213 938 2238; x_wconf 82' lang='lat' dir='ltr'>etc.</span> <span class='ocrx_word' id='word_1_308' title='bbox 966 2214 1076 2249; x_wconf 81' lang='lat' dir='ltr'>argute</span> <span class='ocrx_word' id='word_1_309' title='bbox 1104 2206 1211 2248; x_wconf 86' lang='lat' dir='ltr'>eloqui</span> <span class='ocrx_word' id='word_1_310' title='bbox 1236 2205 1337 2236; x_wconf 92' lang='lat' dir='ltr'>voluit</span> <span class='ocrx_word' id='word_1_311' title='bbox 1361 2205 1452 2241; x_wconf 88' lang='lat' dir='ltr'>illud,</span> <span class='ocrx_word' id='word_1_312' title='bbox 1478 2206 1553 2235; x_wconf 86' lang='lat' dir='ltr'>urbs</span> 
     </span>
     <span class='ocr_line' id='line_1_58' title="bbox 875 2255 1553 2294; baseline -0.004 -6"><span class='ocrx_word' id='word_1_313' title='bbox 875 2257 1014 2288; x_wconf 90' lang='lat' dir='ltr'>nondum</span> <span class='ocrx_word' id='word_1_314' title='bbox 1027 2264 1095 2288; x_wconf 85' lang='lat' dir='ltr'>erat</span> <span class='ocrx_word' id='word_1_315' title='bbox 1111 2256 1250 2287; x_wconf 87' lang='lat' dir='ltr'>condita.</span> <span class='ocrx_word' id='word_1_316' title='bbox 1297 2255 1348 2286; x_wconf 91' lang='lat' dir='ltr'>De</span> <span class='ocrx_word' id='word_1_317' title='bbox 1362 2257 1459 2294; x_wconf 81' lang='lat' dir='ltr'>prisco</span> <span class='ocrx_word' id='word_1_318' title='bbox 1474 2266 1553 2285; x_wconf 81' lang='lat' dir='ltr'>more</span> 
     </span>
     <span class='ocr_line' id='line_1_59' title="bbox 875 2304 1552 2346; baseline -0.006 -8"><span class='ocrx_word' id='word_1_319' title='bbox 875 2307 955 2338; x_wconf 88' lang='lat' dir='ltr'>nihil</span> <span class='ocrx_word' id='word_1_320' title='bbox 971 2318 1039 2338; x_wconf 84' lang='lat' dir='ltr'>esse</span> <span class='ocrx_word' id='word_1_321' title='bbox 1057 2312 1215 2337; x_wconf 84' lang='lat' dir='ltr'>mutatum</span> <span class='ocrx_word' id='word_1_322' title='bbox 1232 2310 1366 2336; x_wconf 84' lang='lat' dir='ltr'>testatur</span> <span class='ocrx_word' id='word_1_323' title='bbox 1381 2310 1413 2335; x_wconf 86' lang='lat' dir='ltr'>et</span> <span class='ocrx_word' id='word_1_324' title='bbox 1428 2304 1552 2346; x_wconf 89' lang='lat' dir='ltr'>Diony-</span> 
     </span>
     <span class='ocr_line' id='line_1_60' title="bbox 875 2353 1553 2394; baseline -0.006 -7"><span class='ocrx_word' id='word_1_325' title='bbox 875 2357 950 2393; x_wconf 87' lang='lat' dir='ltr'>sius,</span> <span class='ocrx_word' id='word_1_326' title='bbox 967 2356 988 2386; x_wconf 90' lang='lat' dir='ltr'>i.</span> <span class='ocrx_word' id='word_1_327' title='bbox 1005 2357 1057 2387; x_wconf 84' lang='lat'><strong>32.</strong></span> <span class='ocrx_word' id='word_1_328' title='bbox 1106 2356 1234 2386; x_wconf 81' lang='lat' dir='ltr'>Flamen</span> <span class='ocrx_word' id='word_1_329' title='bbox 1260 2355 1362 2384; x_wconf 84' lang='lat' dir='ltr'>Dialis</span> <span class='ocrx_word' id='word_1_330' title='bbox 1384 2353 1453 2384; x_wconf 85' lang='lat' dir='ltr'>haec</span> <span class='ocrx_word' id='word_1_331' title='bbox 1479 2363 1553 2394; x_wconf 84' lang='lat' dir='ltr'>age-</span> 
     </span>
     <span class='ocr_line' id='line_1_61' title="bbox 875 2402 1549 2444; baseline -0.004 -8"><span class='ocrx_word' id='word_1_332' title='bbox 875 2406 941 2443; x_wconf 86' lang='lat' dir='ltr'>bat,</span> <span class='ocrx_word' id='word_1_333' title='bbox 958 2414 993 2436; x_wconf 86' lang='lat' dir='ltr'>ut</span> <span class='ocrx_word' id='word_1_334' title='bbox 1015 2406 1145 2437; x_wconf 82' lang='lat' dir='ltr'>Flamen</span> <span class='ocrx_word' id='word_1_335' title='bbox 1167 2403 1342 2442; x_wconf 87' lang='lat' dir='ltr'>Quirinalis</span> <span class='ocrx_word' id='word_1_336' title='bbox 1365 2402 1549 2444; x_wconf 86' lang='lat' dir='ltr'>Robigalia,</span> 
     </span>
     <span class='ocr_line' id='line_1_62' title="bbox 875 2455 1010 2487; baseline 0 -2"><span class='ocrx_word' id='word_1_337' title='bbox 875 2455 918 2485; x_wconf 93' lang='lat' dir='ltr'>iv.</span> <span class='ocrx_word' id='word_1_338' title='bbox 933 2455 1010 2487; x_wconf 89' lang='grc'><strong>910.</strong></span> 
     </span>
    </p>

    <p class='ocr_par' dir='ltr' id='par_1_14' title="bbox 874 2502 1552 2793">
     <span class='ocr_line' id='line_1_63' title="bbox 918 2502 1551 2545; baseline -0.006 -9"><span class='ocrx_word' id='word_1_339' title='bbox 918 2506 998 2536; x_wconf 83' lang='lat'><strong>283.</strong></span> <span class='ocrx_word' id='word_1_340' title='bbox 1023 2503 1172 2545; x_wconf 86' lang='lat' dir='ltr'>Luperci,</span> <span class='ocrx_word' id='word_1_341' title='bbox 1188 2508 1317 2545; x_wconf 85' lang='lat' dir='ltr'>peracto</span> <span class='ocrx_word' id='word_1_342' title='bbox 1332 2502 1495 2538; x_wconf 84' lang='lat' dir='ltr'>sacrificio,</span> <span class='ocrx_word' id='word_1_343' title='bbox 1513 2512 1551 2533; x_wconf 80' lang='lat' dir='ltr'>ex</span> 
     </span>
     <span class='ocr_line' id='line_1_64' title="bbox 874 2552 1550 2596; baseline -0.006 -11"><span class='ocrx_word' id='word_1_344' title='bbox 874 2554 1043 2596; x_wconf 84' lang='lat' dir='ltr'>Lupercali</span> <span class='ocrx_word' id='word_1_345' title='bbox 1066 2552 1211 2595; x_wconf 74' lang='lat' dir='ltr'>profecti,</span> <span class='ocrx_word' id='word_1_346' title='bbox 1232 2563 1289 2595; x_wconf 87' lang='lat' dir='ltr'>per</span> <span class='ocrx_word' id='word_1_347' title='bbox 1311 2562 1428 2594; x_wconf 88' lang='lat' dir='ltr'>pagum</span> <span class='ocrx_word' id='word_1_348' title='bbox 1445 2562 1550 2582; x_wconf 81' lang='lat' dir='ltr'>curre-</span> 
     </span>
     <span class='ocr_line' id='line_1_65' title="bbox 875 2601 1551 2646; baseline -0.007 -11"><span class='ocrx_word' id='word_1_349' title='bbox 875 2605 958 2641; x_wconf 84' lang='lat' dir='ltr'>bant,</span> <span class='ocrx_word' id='word_1_350' title='bbox 971 2603 1122 2646; x_wconf 81' lang='lat' dir='ltr'>pudenda</span> <span class='ocrx_word' id='word_1_351' title='bbox 1137 2602 1292 2634; x_wconf 84' lang='lat' dir='ltr'>succincti</span> <span class='ocrx_word' id='word_1_352' title='bbox 1307 2601 1444 2643; x_wconf 89' lang='lat' dir='ltr'>pellibus</span> <span class='ocrx_word' id='word_1_353' title='bbox 1459 2601 1551 2632; x_wconf 86' lang='lat' dir='ltr'>victi-</span> 
     </span>
     <span class='ocr_line' id='line_1_66' title="bbox 875 2649 1552 2692; baseline -0.007 -8"><span class='ocrx_word' id='word_1_354' title='bbox 875 2664 935 2684; x_wconf 86' lang='lat' dir='ltr'>mae</span> <span class='ocrx_word' id='word_1_355' title='bbox 967 2663 1077 2684; x_wconf 89' lang='lat' dir='ltr'>recens</span> <span class='ocrx_word' id='word_1_356' title='bbox 1111 2657 1271 2687; x_wconf 85' lang='lat' dir='ltr'>mactatae,</span> <span class='ocrx_word' id='word_1_357' title='bbox 1302 2649 1427 2692; x_wconf 87' lang='lat' dir='ltr'>reliqua</span> <span class='ocrx_word' id='word_1_358' title='bbox 1462 2651 1552 2680; x_wconf 74' lang='lat' dir='ltr'>muli.</span> 
     </span>
     <span class='ocr_line' id='line_1_67' title="bbox 876 2699 1552 2743; baseline -0.009 -10"><span class='ocrx_word' id='word_1_359' title='bbox 876 2699 1552 2743; x_wconf 74' lang='lat' dir='ltr'>Dionysius,dictoloco;Plutarch.Qumst.</span> 
     </span>
     <span class='ocr_line' id='line_1_68' title="bbox 877 2748 1552 2793; baseline -0.009 -11"><span class='ocrx_word' id='word_1_360' title='bbox 877 2752 970 2782; x_wconf 80' lang='lat' dir='ltr'>Rom.</span> <span class='ocrx_word' id='word_1_361' title='bbox 981 2757 1057 2782; x_wconf 83' lang='lat' dir='ltr'>tom.</span> <span class='ocrx_word' id='word_1_362' title='bbox 1066 2751 1119 2782; x_wconf 83' lang='lat' dir='ltr'>vii.</span> <span class='ocrx_word' id='word_1_363' title='bbox 1131 2763 1163 2793; x_wconf 90' lang='lat' dir='ltr'><strong>p.</strong></span> <span class='ocrx_word' id='word_1_364' title='bbox 1175 2751 1247 2781; x_wconf 76' lang='lat'><strong>131.</strong></span> <span class='ocrx_word' id='word_1_365' title='bbox 1258 2749 1366 2780; x_wconf 77' lang='lat' dir='ltr'>Reisk.</span> <span class='ocrx_word' id='word_1_366' title='bbox 1381 2748 1552 2788; x_wconf 80' lang='lat' dir='ltr'>Utriusque</span> 
     </span>
    </p>
   </div>
  </div>
 </body>
</html>
