<?xml version="1.0" encoding="UTF-8"?>
<!DOCTYPE html PUBLIC "-//W3C//DTD XHTML 1.0 Transitional//EN"
    "http://www.w3.org/TR/xhtml1/DTD/xhtml1-transitional.dtd">
<html xmlns="http://www.w3.org/1999/xhtml" xml:lang="en" lang="en">
 <head>
  <title>
</title>
<meta http-equiv="Content-Type" content="text/html;charset=utf-8" />
  <meta name='ocr-system' content='tesseract 3.04.00' />
  <meta name='ocr-capabilities' content='ocr_page ocr_carea ocr_par ocr_line ocrx_word'/>
</head>
<body>
  <div class='ocr_page' id='page_1' title='image "./povidiinasonisop05oviduoft_0494.png"; bbox 0 0 1809 3220; ppageno 0'>
   <div class='ocr_carea' id='block_1_1' title="bbox 190 166 277 209">
    <p class='ocr_par' dir='ltr' id='par_1_1' title="bbox 190 166 277 209">
     <span class='ocr_line' id='line_1_1' title="bbox 190 166 277 209; baseline 0.011 -1"><span class='ocrx_word' id='word_1_1' title='bbox 190 166 277 209; x_wconf 86' lang='lat'>466</span> 
     </span>
    </p>
   </div>
   <div class='ocr_carea' id='block_1_2' title="bbox 585 159 1208 206">
    <p class='ocr_par' dir='ltr' id='par_1_2' title="bbox 585 159 1208 206">
     <span class='ocr_line' id='line_1_2' title="bbox 585 159 1208 206; baseline -0.006 0"><span class='ocrx_word' id='word_1_2' title='bbox 585 164 637 206; x_wconf 90' lang='grc' dir='ltr'>Ρ.</span> <span class='ocrx_word' id='word_1_3' title='bbox 671 161 889 205; x_wconf 93' lang='lat' dir='ltr'>OVIDII</span> <span class='ocrx_word' id='word_1_4' title='bbox 923 159 1208 203; x_wconf 87' lang='lat' dir='ltr'><strong>NASONIS</strong></span> 
     </span>
    </p>
   </div>
   <div class='ocr_carea' id='block_1_3' title="bbox 196 277 1374 344">
    <p class='ocr_par' dir='ltr' id='par_1_3' title="bbox 196 277 1374 344">
     <span class='ocr_line' id='line_1_3' title="bbox 196 277 1374 344; baseline -0.005 -14"><span class='ocrx_word' id='word_1_5' title='bbox 196 281 401 331; x_wconf 89' lang='lat' dir='ltr'>Pertica</span> <span class='ocrx_word' id='word_1_6' title='bbox 423 281 511 328; x_wconf 89' lang='lat' dir='ltr'>dat</span> <span class='ocrx_word' id='word_1_7' title='bbox 534 279 700 344; x_wconf 90' lang='lat' dir='ltr'>plenis</span> <span class='ocrx_word' id='word_1_8' title='bbox 725 277 939 326; x_wconf 84' lang='lat' dir='ltr'>immitia</span> <span class='ocrx_word' id='word_1_9' title='bbox 962 277 1170 325; x_wconf 89' lang='lat' dir='ltr'>vulnera</span> <span class='ocrx_word' id='word_1_10' title='bbox 1195 277 1374 335; x_wconf 82' lang='lat' dir='ltr'>ramis3</span> 
     </span>
    </p>
   </div>
   <div class='ocr_carea' id='block_1_4' title="bbox 265 354 1366 422">
    <p class='ocr_par' dir='ltr' id='par_1_4' title="bbox 265 354 1366 422">
     <span class='ocr_line' id='line_1_4' title="bbox 265 354 1366 422; baseline -0.005 -16"><span class='ocrx_word' id='word_1_11' title='bbox 265 358 345 405; x_wconf 91' lang='lat' dir='ltr'>Ne</span> <span class='ocrx_word' id='word_1_12' title='bbox 372 358 563 422; x_wconf 89' lang='lat' dir='ltr'>possim</span> <span class='ocrx_word' id='word_1_13' title='bbox 589 357 815 421; x_wconf 87' lang='lat' dir='ltr'>lapidum</span> <span class='ocrx_word' id='word_1_14' title='bbox 839 355 1051 403; x_wconf 89' lang='lat' dir='ltr'>verbera</span> <span class='ocrx_word' id='word_1_15' title='bbox 1075 354 1183 402; x_wconf 89' lang='lat' dir='ltr'>sola</span> <span class='ocrx_word' id='word_1_16' title='bbox 1207 354 1366 417; x_wconf 87' lang='lat' dir='ltr'>queri.</span> 
     </span>
    </p>
   </div>
   <div class='ocr_carea' id='block_1_5' title="bbox 1543 356 1608 400">
    <p class='ocr_par' dir='ltr' id='par_1_5' title="bbox 1543 356 1608 400">
     <span class='ocr_line' id='line_1_5' title="bbox 1543 356 1608 400; baseline 0 0"><span class='ocrx_word' id='word_1_17' title='bbox 1543 356 1608 400; x_wconf 92' lang='lat'>70</span> 
     </span>
    </p>
   </div>
   <div class='ocr_carea' id='block_1_6' title="bbox 193 430 1580 805">
    <p class='ocr_par' dir='ltr' id='par_1_6' title="bbox 193 430 1580 805">
     <span class='ocr_line' id='line_1_6' title="bbox 195 430 1519 491; baseline -0.004 -8"><span class='ocrx_word' id='word_1_18' title='bbox 195 435 358 483; x_wconf 87' lang='lat' dir='ltr'>Poma</span> <span class='ocrx_word' id='word_1_19' title='bbox 381 435 589 491; x_wconf 86' lang='lat' dir='ltr'>cadunt,</span> <span class='ocrx_word' id='word_1_20' title='bbox 616 434 804 482; x_wconf 83' lang='lat' dir='ltr'>mensis</span> <span class='ocrx_word' id='word_1_21' title='bbox 830 449 930 480; x_wconf 89' lang='lat' dir='ltr'>non</span> <span class='ocrx_word' id='word_1_22' title='bbox 956 431 1227 479; x_wconf 89' lang='lat' dir='ltr'>interdicta</span> <span class='ocrx_word' id='word_1_23' title='bbox 1251 430 1519 480; x_wconf 88' lang='lat' dir='ltr'>secundis:</span> 
     </span>
     <span class='ocr_line' id='line_1_7' title="bbox 265 509 1332 575; baseline -0.005 -14"><span class='ocrx_word' id='word_1_24' title='bbox 265 512 333 561; x_wconf 92' lang='lat' dir='ltr'>Et</span> <span class='ocrx_word' id='word_1_25' title='bbox 356 513 532 560; x_wconf 90' lang='lat' dir='ltr'>condis</span> <span class='ocrx_word' id='word_1_26' title='bbox 556 513 731 567; x_wconf 84' lang='lat' dir='ltr'>lectaS‚</span> <span class='ocrx_word' id='word_1_27' title='bbox 758 526 914 575; x_wconf 86' lang='lat' dir='ltr'>parca</span> <span class='ocrx_word' id='word_1_28' title='bbox 937 509 1131 565; x_wconf 88' lang='lat' dir='ltr'>colona,</span> <span class='ocrx_word' id='word_1_29' title='bbox 1158 525 1332 557; x_wconf 91' lang='lat' dir='ltr'>nuces.</span> 
     </span>
     <span class='ocr_line' id='line_1_8' title="bbox 193 586 1374 656; baseline -0.004 -17"><span class='ocrx_word' id='word_1_30' title='bbox 193 590 301 639; x_wconf 89' lang='lat' dir='ltr'>Has</span> <span class='ocrx_word' id='word_1_31' title='bbox 328 606 454 656; x_wconf 89' lang='lat' dir='ltr'>puer</span> <span class='ocrx_word' id='word_1_32' title='bbox 479 598 566 638; x_wconf 90' lang='lat' dir='ltr'>aut</span> <span class='ocrx_word' id='word_1_33' title='bbox 590 597 758 638; x_wconf 88' lang='lat' dir='ltr'>rectus</span> <span class='ocrx_word' id='word_1_34' title='bbox 784 595 922 636; x_wconf 83' lang='lat' dir='ltr'>certo</span> <span class='ocrx_word' id='word_1_35' title='bbox 949 586 1214 634; x_wconf 90' lang='lat' dir='ltr'>dilaminat</span> <span class='ocrx_word' id='word_1_36' title='bbox 1237 588 1341 634; x_wconf 88' lang='lat' dir='ltr'>ictu</span> <span class='ocrx_word' id='word_1_37' title='bbox 1363 605 1374 645; x_wconf 93' lang='lat'>;</span> 
     </span>
     <span class='ocr_line' id='line_1_9' title="bbox 260 663 1343 732; baseline -0.006 -16"><span class='ocrx_word' id='word_1_38' title='bbox 260 668 366 716; x_wconf 91' lang='lat' dir='ltr'>Aut</span> <span class='ocrx_word' id='word_1_39' title='bbox 390 684 579 732; x_wconf 88' lang='lat' dir='ltr'>pronus</span> <span class='ocrx_word' id='word_1_40' title='bbox 604 667 763 729; x_wconf 86' lang='lat' dir='ltr'>digito</span> <span class='ocrx_word' id='word_1_41' title='bbox 789 665 930 712; x_wconf 83' lang='lat' dir='ltr'>bisve</span> <span class='ocrx_word' id='word_1_42' title='bbox 951 663 1170 710; x_wconf 84' lang='lat' dir='ltr'>semelve</span> <span class='ocrx_word' id='word_1_43' title='bbox 1196 663 1343 728; x_wconf 89' lang='lat' dir='ltr'>petit.</span> 
     </span>
     <span class='ocr_line' id='line_1_10' title="bbox 195 741 1580 805; baseline -0.004 -11"><span class='ocrx_word' id='word_1_44' title='bbox 195 746 448 802; x_wconf 83' lang='lat' dir='ltr'><strong>Quattuor</strong></span> <span class='ocrx_word' id='word_1_45' title='bbox 473 747 524 793; x_wconf 90' lang='lat' dir='ltr'>in</span> <span class='ocrx_word' id='word_1_46' title='bbox 549 745 781 801; x_wconf 87' lang='lat' dir='ltr'>nucibus,</span> <span class='ocrx_word' id='word_1_47' title='bbox 810 759 910 790; x_wconf 88' lang='lat' dir='ltr'>non</span> <span class='ocrx_word' id='word_1_48' title='bbox 936 741 1170 805; x_wconf 88' lang='lat' dir='ltr'>amplius,</span> <span class='ocrx_word' id='word_1_49' title='bbox 1199 742 1311 790; x_wconf 90' lang='lat' dir='ltr'>alea</span> <span class='ocrx_word' id='word_1_50' title='bbox 1335 748 1444 790; x_wconf 92' lang='lat' dir='ltr'>tota</span> <span class='ocrx_word' id='word_1_51' title='bbox 1467 748 1580 799; x_wconf 90' lang='lat' dir='ltr'>est;</span> 
     </span>
    </p>
   </div>
   <div class='ocr_carea' id='block_1_7' title="bbox 263 817 1418 887">
    <p class='ocr_par' dir='ltr' id='par_1_7' title="bbox 263 817 1418 887">
     <span class='ocr_line' id='line_1_11' title="bbox 263 817 1418 887; baseline -0.004 -15"><span class='ocrx_word' id='word_1_52' title='bbox 263 824 435 879; x_wconf 86' lang='lat' dir='ltr'>Quum</span> <span class='ocrx_word' id='word_1_53' title='bbox 461 824 557 871; x_wconf 92' lang='lat' dir='ltr'>sibi</span> <span class='ocrx_word' id='word_1_54' title='bbox 584 820 862 887; x_wconf 89' lang='lat' dir='ltr'>suppositis</span> <span class='ocrx_word' id='word_1_55' title='bbox 889 817 1092 866; x_wconf 85' lang='lat' dir='ltr'>additur</span> <span class='ocrx_word' id='word_1_56' title='bbox 1117 835 1217 866; x_wconf 88' lang='lat' dir='ltr'>una</span> <span class='ocrx_word' id='word_1_57' title='bbox 1241 819 1418 867; x_wconf 87' lang='lat' dir='ltr'>tribus.</span> 
     </span>
    </p>
   </div>
   <div class='ocr_carea' id='block_1_8' title="bbox 1541 820 1606 866">
    <p class='ocr_par' dir='ltr' id='par_1_8' title="bbox 1541 820 1606 866">
     <span class='ocr_line' id='line_1_12' title="bbox 1541 820 1606 866; baseline 0 0"><span class='ocrx_word' id='word_1_58' title='bbox 1541 820 1606 866; x_wconf 89' lang='lat'>76</span> 
     </span>
    </p>
   </div>
   <div class='ocr_carea' id='block_1_9' title="bbox 197 897 1451 1042">
    <p class='ocr_par' dir='ltr' id='par_1_9' title="bbox 197 897 1451 1042">
     <span class='ocr_line' id='line_1_13' title="bbox 197 897 1451 962; baseline -0.002 -14"><span class='ocrx_word' id='word_1_59' title='bbox 197 900 298 949; x_wconf 89' lang='lat' dir='ltr'>Per</span> <span class='ocrx_word' id='word_1_60' title='bbox 322 902 509 950; x_wconf 88' lang='lat' dir='ltr'>tabulae</span> <span class='ocrx_word' id='word_1_61' title='bbox 535 901 720 949; x_wconf 89' lang='lat' dir='ltr'>clivum</span> <span class='ocrx_word' id='word_1_62' title='bbox 746 897 848 946; x_wconf 91' lang='lat' dir='ltr'>labi</span> <span class='ocrx_word' id='word_1_63' title='bbox 868 897 1018 961; x_wconf 87' lang='lat' dir='ltr'>jubet</span> <span class='ocrx_word' id='word_1_64' title='bbox 1042 897 1167 944; x_wconf 90' lang='lat' dir='ltr'>alter</span> <span class='ocrx_word' id='word_1_65' title='bbox 1182 916 1193 955; x_wconf 92' lang='lat'>;</span> <span class='ocrx_word' id='word_1_66' title='bbox 1235 905 1286 946; x_wconf 91' lang='lat' dir='ltr'>et</span> <span class='ocrx_word' id='word_1_67' title='bbox 1307 904 1451 962; x_wconf 90' lang='lat' dir='ltr'>optat</span> 
     </span>
     <span class='ocr_line' id='line_1_14' title="bbox 262 974 1410 1042; baseline -0.003 -15"><span class='ocrx_word' id='word_1_68' title='bbox 262 978 461 1042; x_wconf 83' lang='lat' dir='ltr'>Tangat</span> <span class='ocrx_word' id='word_1_69' title='bbox 485 987 540 1027; x_wconf 94' lang='lat' dir='ltr'>ut</span> <span class='ocrx_word' id='word_1_70' title='bbox 565 994 593 1026; x_wconf 89' lang='lat' dir='ltr'>e</span> <span class='ocrx_word' id='word_1_71' title='bbox 619 977 790 1025; x_wconf 89' lang='lat' dir='ltr'>multis</span> <span class='ocrx_word' id='word_1_72' title='bbox 817 974 1100 1038; x_wconf 90' lang='lat' dir='ltr'>quamlibet</span> <span class='ocrx_word' id='word_1_73' title='bbox 1126 990 1225 1023; x_wconf 86' lang='lat' dir='ltr'>una</span> <span class='ocrx_word' id='word_1_74' title='bbox 1250 991 1410 1023; x_wconf 88' lang='lat' dir='ltr'>suam.</span> 
     </span>
    </p>
   </div>
   <div class='ocr_carea' id='block_1_10' title="bbox 191 1203 878 2783">
    <p class='ocr_par' dir='ltr' id='par_1_10' title="bbox 191 1203 868 1295">
     <span class='ocr_line' id='line_1_15' title="bbox 191 1203 868 1246; baseline -0.003 -11"><span class='ocrx_word' id='word_1_75' title='bbox 191 1204 293 1246; x_wconf 88' lang='lat' dir='ltr'>plos.&#39;&#39;</span> <span class='ocrx_word' id='word_1_76' title='bbox 318 1204 360 1236; x_wconf 91' lang='lat' dir='ltr'>H.</span> <span class='ocrx_word' id='word_1_77' title='bbox 407 1205 509 1236; x_wconf 79' lang='lat' dir='ltr'>Scaeva</span> <span class='ocrx_word' id='word_1_78' title='bbox 525 1204 632 1236; x_wconf 89' lang='lat' dir='ltr'>Palat.</span> <span class='ocrx_word' id='word_1_79' title='bbox 646 1210 678 1236; x_wconf 90' lang='lat' dir='ltr'>et</span> <span class='ocrx_word' id='word_1_80' title='bbox 692 1214 765 1235; x_wconf 87' lang='lat' dir='ltr'>mox</span> <span class='ocrx_word' id='word_1_81' title='bbox 779 1203 868 1234; x_wconf 89' lang='lat' dir='ltr'>Nea-</span> 
     </span>
     <span class='ocr_line' id='line_1_16' title="bbox 194 1253 284 1295; baseline 0 -11"><span class='ocrx_word' id='word_1_82' title='bbox 194 1253 284 1295; x_wconf 90' lang='lat' dir='ltr'>polit.</span> 
     </span>
    </p>

    <p class='ocr_par' dir='ltr' id='par_1_11' title="bbox 191 1299 870 1740">
     <span class='ocr_line' id='line_1_17' title="bbox 238 1299 866 1341; baseline 0 -9"><span class='ocrx_word' id='word_1_83' title='bbox 238 1304 290 1334; x_wconf 90' lang='lat'>71.</span> <span class='ocrx_word' id='word_1_84' title='bbox 310 1302 422 1333; x_wconf 85' lang='lat' dir='ltr'>Mensis</span> <span class='ocrx_word' id='word_1_85' title='bbox 437 1315 497 1334; x_wconf 82' lang='lat' dir='ltr'>non</span> <span class='ocrx_word' id='word_1_86' title='bbox 518 1305 683 1334; x_wconf 77' lang='lat' dir='ltr'>interdicta</span> <span class='ocrx_word' id='word_1_87' title='bbox 697 1299 866 1341; x_wconf 69' lang='lat' dir='ltr'>secundis]</span> 
     </span>
     <span class='ocr_line' id='line_1_18' title="bbox 195 1351 869 1394; baseline 0 -12"><span class='ocrx_word' id='word_1_88' title='bbox 195 1351 268 1383; x_wconf 85' lang='lat' dir='ltr'>Fuit</span> <span class='ocrx_word' id='word_1_89' title='bbox 297 1357 435 1394; x_wconf 85' lang='lat' dir='ltr'>tempus,</span> <span class='ocrx_word' id='word_1_90' title='bbox 464 1363 563 1394; x_wconf 89' lang='lat' dir='ltr'>quum</span> <span class='ocrx_word' id='word_1_91' title='bbox 600 1364 662 1384; x_wconf 89' lang='lat' dir='ltr'>non</span> <span class='ocrx_word' id='word_1_92' title='bbox 689 1352 782 1383; x_wconf 92' lang='lat' dir='ltr'>modo</span> <span class='ocrx_word' id='word_1_93' title='bbox 807 1362 869 1383; x_wconf 91' lang='lat' dir='ltr'>non</span> 
     </span>
     <span class='ocr_line' id='line_1_19' title="bbox 195 1403 867 1444; baseline 0 -12"><span class='ocrx_word' id='word_1_94' title='bbox 195 1403 362 1433; x_wconf 78' lang='lat' dir='ltr'>interdicta</span> <span class='ocrx_word' id='word_1_95' title='bbox 390 1412 453 1433; x_wconf 85' lang='lat' dir='ltr'>nux</span> <span class='ocrx_word' id='word_1_96' title='bbox 477 1404 584 1433; x_wconf 82' lang='lat' dir='ltr'>mensis</span> <span class='ocrx_word' id='word_1_97' title='bbox 605 1404 755 1437; x_wconf 72' lang='lat' dir='ltr'>secundis,</span> <span class='ocrx_word' id='word_1_98' title='bbox 782 1412 867 1444; x_wconf 85' lang='lat' dir='ltr'>quae,</span> 
     </span>
     <span class='ocr_line' id='line_1_20' title="bbox 194 1450 868 1494; baseline -0.001 -12"><span class='ocrx_word' id='word_1_99' title='bbox 194 1451 328 1482; x_wconf 88' lang='lat' dir='ltr'>sublatis</span> <span class='ocrx_word' id='word_1_100' title='bbox 349 1452 468 1493; x_wconf 88' lang='lat' dir='ltr'>primis,</span> <span class='ocrx_word' id='word_1_101' title='bbox 484 1452 625 1494; x_wconf 84' lang='lat' dir='ltr'>eleganti</span> <span class='ocrx_word' id='word_1_102' title='bbox 645 1457 799 1494; x_wconf 90' lang='lat' dir='ltr'>apparatu</span> <span class='ocrx_word' id='word_1_103' title='bbox 820 1450 868 1482; x_wconf 89' lang='lat' dir='ltr'>in-</span> 
     </span>
     <span class='ocr_line' id='line_1_21' title="bbox 193 1501 870 1544; baseline 0.001 -14"><span class='ocrx_word' id='word_1_104' title='bbox 193 1502 418 1539; x_wconf 85' lang='lat' dir='ltr'>struel)antur;</span> <span class='ocrx_word' id='word_1_105' title='bbox 449 1502 503 1533; x_wconf 86' lang='lat' dir='ltr'>sed</span> <span class='ocrx_word' id='word_1_106' title='bbox 529 1508 562 1533; x_wconf 87' lang='lat' dir='ltr'>et</span> <span class='ocrx_word' id='word_1_107' title='bbox 590 1501 666 1544; x_wconf 88' lang='lat' dir='ltr'>ipsis</span> <span class='ocrx_word' id='word_1_108' title='bbox 694 1508 870 1532; x_wconf 81' lang='lat' dir='ltr'>ornamento</span> 
     </span>
     <span class='ocr_line' id='line_1_22' title="bbox 194 1551 870 1593; baseline 0.003 -13"><span class='ocrx_word' id='word_1_109' title='bbox 194 1556 273 1581; x_wconf 87' lang='lat' dir='ltr'>erat.</span> <span class='ocrx_word' id='word_1_110' title='bbox 313 1551 474 1587; x_wconf 79' lang='lat' dir='ltr'>Horatius,</span> <span class='ocrx_word' id='word_1_111' title='bbox 493 1552 592 1583; x_wconf 87' lang='lat' dir='ltr'>Serm.</span> <span class='ocrx_word' id='word_1_112' title='bbox 606 1551 686 1582; x_wconf 89' lang='lat' dir='ltr'>libro</span> <span class='ocrx_word' id='word_1_113' title='bbox 706 1552 751 1582; x_wconf 90' lang='grc' dir='ltr'>ΙΙ.</span> <span class='ocrx_word' id='word_1_114' title='bbox 766 1552 870 1593; x_wconf 84' lang='lat' dir='ltr'>Satyr.</span> 
     </span>
     <span class='ocr_line' id='line_1_23' title="bbox 193 1599 868 1642; baseline 0.003 -12"><span class='ocrx_word' id='word_1_115' title='bbox 193 1599 229 1630; x_wconf 90' lang='lat' dir='ltr'>ii.</span> <span class='ocrx_word' id='word_1_116' title='bbox 260 1601 316 1630; x_wconf 73' lang='lat'>121</span> <span class='ocrx_word' id='word_1_117' title='bbox 346 1614 351 1630; x_wconf 93' lang='lat'><strong>:</strong></span> <span class='ocrx_word' id='word_1_118' title='bbox 388 1606 408 1617; x_wconf 79' lang='lat'>‘⁸</span> <span class='ocrx_word' id='word_1_119' title='bbox 425 1601 551 1631; x_wconf 85' lang='lat' dir='ltr'>——Tum</span> <span class='ocrx_word' id='word_1_120' title='bbox 575 1600 704 1642; x_wconf 86' lang='lat' dir='ltr'>pensilis</span> <span class='ocrx_word' id='word_1_121' title='bbox 731 1612 792 1632; x_wconf 92' lang='lat' dir='ltr'>uva</span> <span class='ocrx_word' id='word_1_122' title='bbox 821 1611 868 1632; x_wconf 89' lang='lat' dir='ltr'>se-</span> 
     </span>
     <span class='ocr_line' id='line_1_24' title="bbox 195 1648 870 1687; baseline 0.003 -8"><span class='ocrx_word' id='word_1_123' title='bbox 195 1648 317 1679; x_wconf 86' lang='lat' dir='ltr'>cundas</span> <span class='ocrx_word' id='word_1_124' title='bbox 341 1650 380 1681; x_wconf 87' lang='lat' dir='ltr'>Et</span> <span class='ocrx_word' id='word_1_125' title='bbox 405 1662 469 1681; x_wconf 57' lang='lat' dir='ltr'>nui&lt;</span> <span class='ocrx_word' id='word_1_126' title='bbox 491 1652 619 1682; x_wconf 78' lang='lat' dir='ltr'>ornabat</span> <span class='ocrx_word' id='word_1_127' title='bbox 641 1661 778 1687; x_wconf 88' lang='lat' dir='ltr'>mensas,</span> <span class='ocrx_word' id='word_1_128' title='bbox 797 1661 870 1681; x_wconf 89' lang='lat' dir='ltr'>cum</span> 
     </span>
     <span class='ocr_line' id='line_1_25' title="bbox 191 1697 430 1740; baseline 0.008 -12"><span class='ocrx_word' id='word_1_129' title='bbox 191 1697 319 1740; x_wconf 88' lang='lat' dir='ltr'>duplice</span> <span class='ocrx_word' id='word_1_130' title='bbox 335 1699 430 1730; x_wconf 84' lang='lat' dir='ltr'>ficu.’&#39;</span> 
     </span>
    </p>

    <p class='ocr_par' dir='ltr' id='par_1_12' title="bbox 194 1749 878 2783">
     <span class='ocr_line' id='line_1_26' title="bbox 238 1749 868 1791; baseline 0.006 -12"><span class='ocrx_word' id='word_1_131' title='bbox 238 1749 292 1779; x_wconf 88' lang='grc'>73.</span> <span class='ocrx_word' id='word_1_132' title='bbox 311 1749 376 1780; x_wconf 84' lang='lat' dir='ltr'>Has</span> <span class='ocrx_word' id='word_1_133' title='bbox 389 1761 476 1789; x_wconf 79' lang='lat' dir='ltr'>puer,</span> <span class='ocrx_word' id='word_1_134' title='bbox 491 1750 574 1791; x_wconf 93' lang='lat' dir='ltr'>etc.]</span> <span class='ocrx_word' id='word_1_135' title='bbox 594 1750 683 1781; x_wconf 85' lang='lat' dir='ltr'>Nihil</span> <span class='ocrx_word' id='word_1_136' title='bbox 703 1751 868 1789; x_wconf 90' lang='lat' dir='ltr'>addubito,</span> 
     </span>
     <span class='ocr_line' id='line_1_27' title="bbox 194 1798 869 1841; baseline 0.004 -12"><span class='ocrx_word' id='word_1_137' title='bbox 194 1798 271 1840; x_wconf 91' lang='lat' dir='ltr'>quin</span> <span class='ocrx_word' id='word_1_138' title='bbox 297 1799 432 1830; x_wconf 90' lang='lat' dir='ltr'>Ovidius</span> <span class='ocrx_word' id='word_1_139' title='bbox 458 1800 504 1831; x_wconf 91' lang='lat' dir='ltr'>ita</span> <span class='ocrx_word' id='word_1_140' title='bbox 527 1799 688 1841; x_wconf 82' lang='lat' dir='ltr'>scripserit</span> <span class='ocrx_word' id='word_1_141' title='bbox 711 1800 770 1831; x_wconf 92' lang='lat' dir='ltr'>hoc</span> <span class='ocrx_word' id='word_1_142' title='bbox 799 1811 869 1832; x_wconf 90' lang='lat' dir='ltr'>car-</span> 
     </span>
     <span class='ocr_line' id='line_1_28' title="bbox 194 1849 868 1888; baseline 0.006 -10"><span class='ocrx_word' id='word_1_143' title='bbox 194 1858 287 1879; x_wconf 88' lang='lat' dir='ltr'>men:</span> <span class='ocrx_word' id='word_1_144' title='bbox 318 1849 383 1879; x_wconf 79' lang='lat' dir='ltr'>Has</span> <span class='ocrx_word' id='word_1_145' title='bbox 402 1860 478 1888; x_wconf 78' lang='lat' dir='ltr'>puer</span> <span class='ocrx_word' id='word_1_146' title='bbox 493 1856 549 1880; x_wconf 83' lang='lat' dir='ltr'>aut</span> <span class='ocrx_word' id='word_1_147' title='bbox 568 1856 649 1881; x_wconf 79' lang='lat' dir='ltr'>certo</span> <span class='ocrx_word' id='word_1_148' title='bbox 672 1857 770 1881; x_wconf 79' lang='lat' dir='ltr'>rectas</span> <span class='ocrx_word' id='word_1_149' title='bbox 786 1852 868 1882; x_wconf 83' lang='lat' dir='ltr'>dila-</span> 
     </span>
     <span class='ocr_line' id='line_1_29' title="bbox 194 1898 871 1941; baseline 0.004 -13"><span class='ocrx_word' id='word_1_150' title='bbox 194 1900 292 1929; x_wconf 79' lang='lat' dir='ltr'>minut</span> <span class='ocrx_word' id='word_1_151' title='bbox 303 1900 378 1929; x_wconf 81' lang='lat' dir='ltr'>ictu.</span> <span class='ocrx_word' id='word_1_152' title='bbox 401 1898 567 1941; x_wconf 85' lang='lat' dir='ltr'>Siquidem</span> <span class='ocrx_word' id='word_1_153' title='bbox 579 1900 763 1930; x_wconf 77' lang='lat' dir='ltr'>dilaminare</span> <span class='ocrx_word' id='word_1_154' title='bbox 779 1900 871 1937; x_wconf 89' lang='lat' dir='ltr'>dixit,</span> 
     </span>
     <span class='ocr_line' id='line_1_30' title="bbox 195 1948 871 1990; baseline 0.004 -11"><span class='ocrx_word' id='word_1_155' title='bbox 195 1959 251 1990; x_wconf 88' lang='lat' dir='ltr'>pro</span> <span class='ocrx_word' id='word_1_156' title='bbox 274 1948 306 1979; x_wconf 91' lang='lat' dir='ltr'>in</span> <span class='ocrx_word' id='word_1_157' title='bbox 329 1948 409 1980; x_wconf 90' lang='lat' dir='ltr'>duas</span> <span class='ocrx_word' id='word_1_158' title='bbox 429 1949 564 1980; x_wconf 84' lang='lat' dir='ltr'>laminas</span> <span class='ocrx_word' id='word_1_159' title='bbox 582 1949 743 1981; x_wconf 83' lang='lat' dir='ltr'>diducere.</span> <span class='ocrx_word' id='word_1_160' title='bbox 782 1951 820 1982; x_wconf 94' lang='lat' dir='ltr'>Id</span> <span class='ocrx_word' id='word_1_161' title='bbox 837 1952 871 1982; x_wconf 82' lang='lat' dir='ltr'>fit</span> 
     </span>
     <span class='ocr_line' id='line_1_31' title="bbox 198 1997 873 2039; baseline 0.006 -11"><span class='ocrx_word' id='word_1_162' title='bbox 198 1997 333 2039; x_wconf 90' lang='lat' dir='ltr'>quoties,</span> <span class='ocrx_word' id='word_1_163' title='bbox 357 1998 468 2029; x_wconf 87' lang='lat' dir='ltr'>solutis</span> <span class='ocrx_word' id='word_1_164' title='bbox 495 1998 718 2035; x_wconf 88' lang='lat' dir='ltr'>commissuris,</span> <span class='ocrx_word' id='word_1_165' title='bbox 744 2000 873 2032; x_wconf 88' lang='lat' dir='ltr'>finditur</span> 
     </span>
     <span class='ocr_line' id='line_1_32' title="bbox 198 2047 873 2093; baseline 0.006 -15"><span class='ocrx_word' id='word_1_166' title='bbox 198 2058 263 2078; x_wconf 90' lang='lat' dir='ltr'>nux</span> <span class='ocrx_word' id='word_1_167' title='bbox 281 2047 312 2078; x_wconf 91' lang='lat' dir='ltr'>in</span> <span class='ocrx_word' id='word_1_168' title='bbox 329 2047 410 2078; x_wconf 90' lang='lat' dir='ltr'>duas</span> <span class='ocrx_word' id='word_1_169' title='bbox 424 2054 541 2090; x_wconf 83' lang='lat' dir='ltr'>partes.</span> <span class='ocrx_word' id='word_1_170' title='bbox 581 2048 676 2080; x_wconf 86' lang='lat' dir='ltr'>Unde</span> <span class='ocrx_word' id='word_1_171' title='bbox 693 2049 789 2091; x_wconf 87' lang='lat' dir='ltr'>paulo</span> <span class='ocrx_word' id='word_1_172' title='bbox 803 2057 873 2093; x_wconf 88' lang='lat' dir='ltr'>post</span> 
     </span>
     <span class='ocr_line' id='line_1_33' title="bbox 198 2096 873 2140; baseline 0.006 -13"><span class='ocrx_word' id='word_1_173' title='bbox 198 2096 351 2128; x_wconf 87' lang='lat' dir='ltr'>laminam</span> <span class='ocrx_word' id='word_1_174' title='bbox 369 2103 459 2128; x_wconf 91' lang='lat' dir='ltr'>vocat</span> <span class='ocrx_word' id='word_1_175' title='bbox 474 2103 626 2140; x_wconf 80' lang='lat' dir='ltr'>putamen</span> <span class='ocrx_word' id='word_1_176' title='bbox 640 2098 748 2130; x_wconf 82' lang='lat' dir='ltr'>fissile.</span> <span class='ocrx_word' id='word_1_177' title='bbox 785 2100 873 2132; x_wconf 89' lang='lat' dir='ltr'>Illud</span> 
     </span>
     <span class='ocr_line' id='line_1_34' title="bbox 198 2146 876 2191; baseline 0.007 -15"><span class='ocrx_word' id='word_1_178' title='bbox 198 2146 324 2177; x_wconf 89' lang='lat' dir='ltr'>interim</span> <span class='ocrx_word' id='word_1_179' title='bbox 347 2152 415 2177; x_wconf 75' lang='lat' dir='ltr'>erat</span> <span class='ocrx_word' id='word_1_180' title='bbox 440 2146 526 2183; x_wconf 86' lang='lat' dir='ltr'>artis,</span> <span class='ocrx_word' id='word_1_181' title='bbox 548 2154 631 2178; x_wconf 81' lang='lat' dir='ltr'>certo</span> <span class='ocrx_word' id='word_1_182' title='bbox 653 2148 719 2180; x_wconf 88' lang='lat' dir='ltr'>ictu</span> <span class='ocrx_word' id='word_1_183' title='bbox 745 2154 876 2191; x_wconf 84' lang='lat' dir='ltr'>tangere</span> 
     </span>
     <span class='ocr_line' id='line_1_35' title="bbox 199 2195 876 2230; baseline 0.007 -5"><span class='ocrx_word' id='word_1_184' title='bbox 199 2195 449 2226; x_wconf 83' lang='lat' dir='ltr'>commissuram.</span> <span class='ocrx_word' id='word_1_185' title='bbox 497 2196 583 2227; x_wconf 86' lang='lat' dir='ltr'>Nam</span> <span class='ocrx_word' id='word_1_186' title='bbox 612 2198 789 2228; x_wconf 80' lang='lat' dir='ltr'>dilaniandi</span> <span class='ocrx_word' id='word_1_187' title='bbox 807 2209 876 2230; x_wconf 87' lang='lat' dir='ltr'>ver-</span> 
     </span>
     <span class='ocr_line' id='line_1_36' title="bbox 198 2245 878 2289; baseline 0.007 -13"><span class='ocrx_word' id='word_1_188' title='bbox 198 2246 287 2281; x_wconf 87' lang='lat' dir='ltr'>bum,</span> <span class='ocrx_word' id='word_1_189' title='bbox 302 2245 388 2287; x_wconf 87' lang='lat' dir='ltr'>quod</span> <span class='ocrx_word' id='word_1_190' title='bbox 400 2245 431 2276; x_wconf 93' lang='lat' dir='ltr'>in</span> <span class='ocrx_word' id='word_1_191' title='bbox 443 2245 704 2289; x_wconf 88' lang='lat' dir='ltr'>Aldinisquoque</span> <span class='ocrx_word' id='word_1_192' title='bbox 715 2248 878 2281; x_wconf 88' lang='lat' dir='ltr'>codicibus</span> 
     </span>
     <span class='ocr_line' id='line_1_37' title="bbox 199 2294 876 2341; baseline 0.007 -16"><span class='ocrx_word' id='word_1_193' title='bbox 199 2294 327 2335; x_wconf 85' lang='lat' dir='ltr'>legitur,</span> <span class='ocrx_word' id='word_1_194' title='bbox 352 2295 448 2326; x_wconf 86' lang='lat' dir='ltr'>etiarn</span> <span class='ocrx_word' id='word_1_195' title='bbox 473 2295 624 2327; x_wconf 87' lang='lat' dir='ltr'>carminis</span> <span class='ocrx_word' id='word_1_196' title='bbox 645 2297 724 2328; x_wconf 89' lang='lat' dir='ltr'>ratio</span> <span class='ocrx_word' id='word_1_197' title='bbox 746 2298 876 2341; x_wconf 80' lang='lat' dir='ltr'>respuit.</span> 
     </span>
     <span class='ocr_line' id='line_1_38' title="bbox 206 2344 876 2389; baseline 0.006 -14"><span class='ocrx_word' id='word_1_198' title='bbox 206 2344 303 2375; x_wconf 85' lang='lat' dir='ltr'>Porro</span> <span class='ocrx_word' id='word_1_199' title='bbox 319 2345 403 2386; x_wconf 90' lang='lat' dir='ltr'>quod</span> <span class='ocrx_word' id='word_1_200' title='bbox 423 2345 480 2380; x_wconf 87' lang='lat' dir='ltr'>ait,</span> <span class='ocrx_word' id='word_1_201' title='bbox 500 2346 624 2381; x_wconf 69' lang='lat' dir='ltr'>Rectus,</span> <span class='ocrx_word' id='word_1_202' title='bbox 640 2347 809 2389; x_wconf 83' lang='lat' dir='ltr'>opponitur</span> <span class='ocrx_word' id='word_1_203' title='bbox 829 2348 876 2380; x_wconf 91' lang='lat' dir='ltr'>illi</span> 
     </span>
     <span class='ocr_line' id='line_1_39' title="bbox 204 2394 876 2437; baseline 0.007 -12"><span class='ocrx_word' id='word_1_204' title='bbox 204 2394 290 2436; x_wconf 87' lang='lat' dir='ltr'>quod</span> <span class='ocrx_word' id='word_1_205' title='bbox 316 2405 387 2426; x_wconf 86' lang='lat' dir='ltr'>mox</span> <span class='ocrx_word' id='word_1_206' title='bbox 411 2395 564 2437; x_wconf 87' lang='lat' dir='ltr'>sequitur,</span> <span class='ocrx_word' id='word_1_207' title='bbox 586 2397 714 2434; x_wconf 70' lang='lat' dir='ltr'>Pronus,</span> <span class='ocrx_word' id='word_1_208' title='bbox 736 2397 795 2429; x_wconf 90' lang='lat' dir='ltr'>hoc</span> <span class='ocrx_word' id='word_1_209' title='bbox 818 2407 876 2437; x_wconf 87' lang='lat' dir='ltr'>est,</span> 
     </span>
     <span class='ocr_line' id='line_1_40' title="bbox 204 2445 877 2487; baseline 0.007 -13"><span class='ocrx_word' id='word_1_210' title='bbox 204 2451 411 2475; x_wconf 85' lang='lat' dir='ltr'>transversas.</span> <span class='ocrx_word' id='word_1_211' title='bbox 462 2445 609 2487; x_wconf 89' lang='lat' dir='ltr'>Suspicor</span> <span class='ocrx_word' id='word_1_212' title='bbox 647 2453 753 2478; x_wconf 87' lang='lat' dir='ltr'>autem</span> <span class='ocrx_word' id='word_1_213' title='bbox 791 2447 877 2480; x_wconf 91' lang='lat' dir='ltr'>hunc</span> 
     </span>
     <span class='ocr_line' id='line_1_41' title="bbox 204 2493 878 2535; baseline 0.009 -12"><span class='ocrx_word' id='word_1_214' title='bbox 204 2503 271 2524; x_wconf 86' lang='lat' dir='ltr'>esse</span> <span class='ocrx_word' id='word_1_215' title='bbox 289 2493 404 2529; x_wconf 87' lang='lat' dir='ltr'>lusum,</span> <span class='ocrx_word' id='word_1_216' title='bbox 421 2504 483 2535; x_wconf 91' lang='lat' dir='ltr'>quo</span> <span class='ocrx_word' id='word_1_217' title='bbox 503 2493 652 2525; x_wconf 85' lang='lat' dir='ltr'>findimus</span> <span class='ocrx_word' id='word_1_218' title='bbox 673 2496 769 2527; x_wconf 83' lang='lat' dir='ltr'>etiam</span> <span class='ocrx_word' id='word_1_219' title='bbox 793 2498 878 2529; x_wconf 89' lang='lat' dir='ltr'>mala</span> 
     </span>
     <span class='ocr_line' id='line_1_42' title="bbox 204 2541 877 2584; baseline 0.009 -12"><span class='ocrx_word' id='word_1_220' title='bbox 204 2541 361 2584; x_wconf 81' lang='lat' dir='ltr'>praedura.</span> <span class='ocrx_word' id='word_1_221' title='bbox 411 2542 590 2584; x_wconf 86' lang='lat' dir='ltr'>Imponitur</span> <span class='ocrx_word' id='word_1_222' title='bbox 620 2543 715 2576; x_wconf 87' lang='lat' dir='ltr'>index</span> <span class='ocrx_word' id='word_1_223' title='bbox 743 2545 877 2578; x_wconf 82' lang='lat' dir='ltr'>sinistrae</span> 
     </span>
     <span class='ocr_line' id='line_1_43' title="bbox 205 2592 878 2637; baseline 0.009 -15"><span class='ocrx_word' id='word_1_224' title='bbox 205 2592 281 2622; x_wconf 90' lang='lat' dir='ltr'>mali</span> <span class='ocrx_word' id='word_1_225' title='bbox 310 2592 502 2634; x_wconf 88' lang='lat' dir='ltr'>pedunculo,</span> <span class='ocrx_word' id='word_1_226' title='bbox 525 2599 556 2623; x_wconf 92' lang='lat' dir='ltr'>ct</span> <span class='ocrx_word' id='word_1_227' title='bbox 585 2592 614 2624; x_wconf 90' lang='lat' dir='ltr'>in</span> <span class='ocrx_word' id='word_1_228' title='bbox 640 2593 724 2625; x_wconf 86' lang='lat' dir='ltr'>hunc</span> <span class='ocrx_word' id='word_1_229' title='bbox 754 2607 878 2637; x_wconf 86' lang='lat' dir='ltr'>pugnus</span> 
     </span>
     <span class='ocr_line' id='line_1_44' title="bbox 205 2640 878 2687; baseline 0.009 -16"><span class='ocrx_word' id='word_1_230' title='bbox 205 2640 316 2672; x_wconf 86' lang='lat' dir='ltr'>dexter</span> <span class='ocrx_word' id='word_1_231' title='bbox 335 2642 438 2673; x_wconf 86' lang='lat' dir='ltr'>subito</span> <span class='ocrx_word' id='word_1_232' title='bbox 460 2642 656 2684; x_wconf 86' lang='lat' dir='ltr'>impingitur.</span> <span class='ocrx_word' id='word_1_233' title='bbox 705 2644 742 2675; x_wconf 90' lang='lat' dir='ltr'>In</span> <span class='ocrx_word' id='word_1_234' title='bbox 758 2644 878 2687; x_wconf 87' lang='lat' dir='ltr'>impetu</span> 
     </span>
     <span class='ocr_line' id='line_1_45' title="bbox 207 2690 875 2726; baseline 0.009 -6"><span class='ocrx_word' id='word_1_235' title='bbox 207 2699 244 2720; x_wconf 92' lang='lat' dir='ltr'>ac</span> <span class='ocrx_word' id='word_1_236' title='bbox 261 2690 423 2722; x_wconf 84' lang='lat' dir='ltr'>celeritate</span> <span class='ocrx_word' id='word_1_237' title='bbox 438 2691 498 2722; x_wconf 86' lang='lat' dir='ltr'>sita</span> <span class='ocrx_word' id='word_1_238' title='bbox 513 2698 560 2722; x_wconf 83' lang='lat' dir='ltr'>est</span> <span class='ocrx_word' id='word_1_239' title='bbox 576 2692 718 2725; x_wconf 84' lang='lat' dir='ltr'>victoria.</span> <span class='ocrx_word' id='word_1_240' title='bbox 749 2694 875 2726; x_wconf 79' lang='lat' dir='ltr'>Etenim</span> 
     </span>
     <span class='ocr_line' id='line_1_46' title="bbox 206 2738 874 2783; baseline 0.009 -15"><span class='ocrx_word' id='word_1_241' title='bbox 206 2738 230 2768; x_wconf 80' lang='lat' dir='ltr'>si</span> <span class='ocrx_word' id='word_1_242' title='bbox 257 2739 368 2770; x_wconf 86' lang='lat' dir='ltr'>leviter</span> <span class='ocrx_word' id='word_1_243' title='bbox 388 2740 556 2782; x_wconf 82' lang='lat' dir='ltr'>impingas,</span> <span class='ocrx_word' id='word_1_244' title='bbox 573 2748 603 2772; x_wconf 90' lang='lat' dir='ltr'>et</span> <span class='ocrx_word' id='word_1_245' title='bbox 623 2741 757 2783; x_wconf 85' lang='lat' dir='ltr'>digitum</span> <span class='ocrx_word' id='word_1_246' title='bbox 776 2743 874 2775; x_wconf 81' lang='lat' dir='ltr'>offen-</span> 
     </span>
    </p>
   </div>
   <div class='ocr_carea' id='block_1_11' title="bbox 936 1201 1617 2726">
    <p class='ocr_par' dir='ltr' id='par_1_13' title="bbox 936 1201 1612 1540">
     <span class='ocr_line' id='line_1_47' title="bbox 936 1201 1611 1238; baseline 0 -6"><span class='ocrx_word' id='word_1_247' title='bbox 936 1201 997 1238; x_wconf 88' lang='lat' dir='ltr'>dis,</span> <span class='ocrx_word' id='word_1_248' title='bbox 1018 1212 1077 1233; x_wconf 90' lang='lat' dir='ltr'>nec</span> <span class='ocrx_word' id='word_1_249' title='bbox 1099 1201 1193 1232; x_wconf 84' lang='lat' dir='ltr'>findis</span> <span class='ocrx_word' id='word_1_250' title='bbox 1213 1201 1346 1234; x_wconf 90' lang='lat' dir='ltr'>malum.</span> <span class='ocrx_word' id='word_1_251' title='bbox 1369 1201 1503 1233; x_wconf 62' lang='lat' dir='ltr'>Ennsm.</span> <span class='ocrx_word' id='word_1_252' title='bbox 1549 1201 1611 1233; x_wconf 85' lang='lat' dir='ltr'>Di-</span> 
     </span>
     <span class='ocr_line' id='line_1_48' title="bbox 938 1250 1611 1293; baseline 0 -11"><span class='ocrx_word' id='word_1_253' title='bbox 938 1252 1038 1282; x_wconf 76' lang='lat' dir='ltr'>laniat</span> <span class='ocrx_word' id='word_1_254' title='bbox 1053 1251 1145 1282; x_wconf 88' lang='lat' dir='ltr'>multi</span> <span class='ocrx_word' id='word_1_255' title='bbox 1166 1261 1204 1283; x_wconf 91' lang='lat' dir='ltr'>ex</span> <span class='ocrx_word' id='word_1_256' title='bbox 1225 1250 1361 1293; x_wconf 87' lang='lat' dir='ltr'>scriptis.</span> <span class='ocrx_word' id='word_1_257' title='bbox 1407 1250 1501 1283; x_wconf 90' lang='lat' dir='ltr'>Unde</span> <span class='ocrx_word' id='word_1_258' title='bbox 1516 1251 1611 1282; x_wconf 88' lang='lat' dir='ltr'>Eras-</span> 
     </span>
     <span class='ocr_line' id='line_1_49' title="bbox 937 1300 1612 1342; baseline 0.001 -11"><span class='ocrx_word' id='word_1_259' title='bbox 937 1311 1020 1337; x_wconf 90' lang='lat' dir='ltr'>mus,</span> <span class='ocrx_word' id='word_1_260' title='bbox 1038 1301 1222 1332; x_wconf 69' lang='lat' dir='ltr'>dilaininat:</span> <span class='ocrx_word' id='word_1_261' title='bbox 1245 1300 1430 1342; x_wconf 78' lang='lat' dir='ltr'>ingeniose3</span> <span class='ocrx_word' id='word_1_262' title='bbox 1451 1300 1612 1342; x_wconf 88' lang='lat' dir='ltr'>quomodo</span> 
     </span>
     <span class='ocr_line' id='line_1_50' title="bbox 937 1349 1612 1393; baseline -0.001 -12"><span class='ocrx_word' id='word_1_263' title='bbox 937 1355 969 1381; x_wconf 85' lang='lat' dir='ltr'>et</span> <span class='ocrx_word' id='word_1_264' title='bbox 990 1350 1090 1381; x_wconf 86' lang='lat' dir='ltr'>codex</span> <span class='ocrx_word' id='word_1_265' title='bbox 1112 1350 1293 1387; x_wconf 87' lang='lat' dir='ltr'>Mediceus‚</span> <span class='ocrx_word' id='word_1_266' title='bbox 1314 1360 1388 1381; x_wconf 89' lang='lat' dir='ltr'>cum</span> <span class='ocrx_word' id='word_1_267' title='bbox 1411 1349 1516 1393; x_wconf 87' lang='lat' dir='ltr'>prisca</span> <span class='ocrx_word' id='word_1_268' title='bbox 1541 1349 1612 1381; x_wconf 87' lang='lat' dir='ltr'>edi-</span> 
     </span>
     <span class='ocr_line' id='line_1_51' title="bbox 938 1399 1611 1436; baseline 0.001 -7"><span class='ocrx_word' id='word_1_269' title='bbox 938 1399 1022 1431; x_wconf 82' lang='lat' dir='ltr'>tione</span> <span class='ocrx_word' id='word_1_270' title='bbox 1036 1412 1043 1430; x_wconf 85' lang='lat'>:</span> <span class='ocrx_word' id='word_1_271' title='bbox 1062 1399 1122 1431; x_wconf 86' lang='lat' dir='ltr'>etsi</span> <span class='ocrx_word' id='word_1_272' title='bbox 1137 1400 1267 1431; x_wconf 86' lang='lat' dir='ltr'>verbum</span> <span class='ocrx_word' id='word_1_273' title='bbox 1283 1399 1315 1431; x_wconf 93' lang='lat' dir='ltr'>id</span> <span class='ocrx_word' id='word_1_274' title='bbox 1331 1399 1372 1431; x_wconf 89' lang='lat' dir='ltr'>sit</span> <span class='ocrx_word' id='word_1_275' title='bbox 1387 1410 1514 1436; x_wconf 85' lang='lat' dir='ltr'>novum,</span> <span class='ocrx_word' id='word_1_276' title='bbox 1526 1405 1611 1430; x_wconf 88' lang='lat' dir='ltr'>certe</span> 
     </span>
     <span class='ocr_line' id='line_1_52' title="bbox 940 1449 1612 1480; baseline 0.001 -1"><span class='ocrx_word' id='word_1_277' title='bbox 940 1449 1101 1480; x_wconf 81' lang='lat' dir='ltr'>Laminam</span> <span class='ocrx_word' id='word_1_278' title='bbox 1119 1450 1208 1480; x_wconf 87' lang='lat' dir='ltr'>nucis</span> <span class='ocrx_word' id='word_1_279' title='bbox 1223 1449 1304 1480; x_wconf 86' lang='lat' dir='ltr'>infra</span> <span class='ocrx_word' id='word_1_280' title='bbox 1327 1449 1379 1480; x_wconf 90' lang='lat' dir='ltr'>hic</span> <span class='ocrx_word' id='word_1_281' title='bbox 1399 1449 1485 1480; x_wconf 84' lang='lat' dir='ltr'>idem</span> <span class='ocrx_word' id='word_1_282' title='bbox 1501 1454 1612 1480; x_wconf 88' lang='lat' dir='ltr'>auctor</span> 
     </span>
     <span class='ocr_line' id='line_1_53' title="bbox 939 1498 1094 1540; baseline 0.006 -12"><span class='ocrx_word' id='word_1_283' title='bbox 939 1498 1094 1540; x_wconf 89' lang='lat' dir='ltr'>appellat.</span> 
     </span>
    </p>

    <p class='ocr_par' dir='ltr' id='par_1_14' title="bbox 938 1548 1617 2289">
     <span class='ocr_line' id='line_1_54' title="bbox 984 1548 1611 1592; baseline 0.003 -14"><span class='ocrx_word' id='word_1_284' title='bbox 984 1548 1036 1579; x_wconf 87' lang='grc'>76.</span> <span class='ocrx_word' id='word_1_285' title='bbox 1063 1549 1166 1583; x_wconf 82' lang='lat' dir='ltr'>Quum</span> <span class='ocrx_word' id='word_1_286' title='bbox 1190 1550 1246 1580; x_wconf 82' lang='lat' dir='ltr'>sibi</span> <span class='ocrx_word' id='word_1_287' title='bbox 1268 1549 1453 1589; x_wconf 65' lang='lat' dir='ltr'>suppositis]</span> <span class='ocrx_word' id='word_1_288' title='bbox 1472 1549 1611 1592; x_wconf 85' lang='lat' dir='ltr'>Elegan-</span> 
     </span>
     <span class='ocr_line' id='line_1_55' title="bbox 940 1597 1611 1641; baseline 0.004 -13"><span class='ocrx_word' id='word_1_289' title='bbox 940 1597 1059 1629; x_wconf 85' lang='lat' dir='ltr'>tissime</span> <span class='ocrx_word' id='word_1_290' title='bbox 1089 1598 1258 1641; x_wconf 83' lang='lat' dir='ltr'>descripsit</span> <span class='ocrx_word' id='word_1_291' title='bbox 1282 1599 1360 1630; x_wconf 90' lang='lat' dir='ltr'>aleae</span> <span class='ocrx_word' id='word_1_292' title='bbox 1390 1599 1471 1631; x_wconf 91' lang='lat' dir='ltr'>illud</span> <span class='ocrx_word' id='word_1_293' title='bbox 1499 1609 1611 1641; x_wconf 83' lang='lat' dir='ltr'>genus,</span> 
     </span>
     <span class='ocr_line' id='line_1_56' title="bbox 940 1648 1615 1690; baseline 0.001 -11"><span class='ocrx_word' id='word_1_294' title='bbox 940 1658 1038 1689; x_wconf 89' lang='lat' dir='ltr'>quum</span> <span class='ocrx_word' id='word_1_295' title='bbox 1075 1648 1163 1690; x_wconf 88' lang='lat' dir='ltr'>pueri</span> <span class='ocrx_word' id='word_1_296' title='bbox 1192 1648 1384 1680; x_wconf 86' lang='lat' dir='ltr'>castellatim</span> <span class='ocrx_word' id='word_1_297' title='bbox 1420 1648 1481 1681; x_wconf 90' lang='lat' dir='ltr'>sibi</span> <span class='ocrx_word' id='word_1_298' title='bbox 1516 1658 1615 1680; x_wconf 90' lang='lat' dir='ltr'>nuces</span> 
     </span>
     <span class='ocr_line' id='line_1_57' title="bbox 939 1697 1615 1740; baseline 0.004 -13"><span class='ocrx_word' id='word_1_299' title='bbox 939 1703 1137 1734; x_wconf 88' lang='lat' dir='ltr'>construunt,</span> <span class='ocrx_word' id='word_1_300' title='bbox 1161 1708 1241 1739; x_wconf 88' lang='lat' dir='ltr'>quas</span> <span class='ocrx_word' id='word_1_301' title='bbox 1268 1698 1379 1740; x_wconf 90' lang='lat' dir='ltr'>procul</span> <span class='ocrx_word' id='word_1_302' title='bbox 1407 1697 1563 1730; x_wconf 79' lang='lat' dir='ltr'>distantes</span> <span class='ocrx_word' id='word_1_303' title='bbox 1587 1699 1615 1730; x_wconf 86' lang='lat' dir='ltr'>si</span> 
     </span>
     <span class='ocr_line' id='line_1_58' title="bbox 938 1747 1612 1791; baseline 0.006 -14"><span class='ocrx_word' id='word_1_304' title='bbox 938 1747 1110 1778; x_wconf 84' lang='lat' dir='ltr'>everterint</span> <span class='ocrx_word' id='word_1_305' title='bbox 1125 1757 1206 1779; x_wconf 90' lang='lat' dir='ltr'>nuce</span> <span class='ocrx_word' id='word_1_306' title='bbox 1217 1747 1343 1785; x_wconf 86' lang='lat' dir='ltr'>emissa,</span> <span class='ocrx_word' id='word_1_307' title='bbox 1352 1754 1510 1791; x_wconf 87' lang='lat' dir='ltr'>quotquot</span> <span class='ocrx_word' id='word_1_308' title='bbox 1523 1759 1612 1781; x_wconf 89' lang='lat' dir='ltr'>ever-</span> 
     </span>
     <span class='ocr_line' id='line_1_59' title="bbox 938 1797 1612 1842; baseline 0.004 -14"><span class='ocrx_word' id='word_1_309' title='bbox 938 1808 980 1828; x_wconf 86' lang='lat' dir='ltr'>sae</span> <span class='ocrx_word' id='word_1_310' title='bbox 998 1797 1124 1834; x_wconf 84' lang='lat' dir='ltr'>fuerint,</span> <span class='ocrx_word' id='word_1_311' title='bbox 1141 1804 1236 1840; x_wconf 89' lang='lat' dir='ltr'>atque</span> <span class='ocrx_word' id='word_1_312' title='bbox 1251 1798 1346 1830; x_wconf 85' lang='lat' dir='ltr'>etiam</span> <span class='ocrx_word' id='word_1_313' title='bbox 1363 1809 1436 1841; x_wconf 86' lang='lat' dir='ltr'>quae</span> <span class='ocrx_word' id='word_1_314' title='bbox 1450 1799 1612 1842; x_wconf 87' lang='lat' dir='ltr'>dispositae</span> 
     </span>
     <span class='ocr_line' id='line_1_60' title="bbox 939 1847 1613 1884; baseline 0.006 -7"><span class='ocrx_word' id='word_1_315' title='bbox 939 1853 1013 1877; x_wconf 88' lang='lat' dir='ltr'>sunt</span> <span class='ocrx_word' id='word_1_316' title='bbox 1037 1847 1119 1878; x_wconf 78' lang='lat' dir='ltr'>infra</span> <span class='ocrx_word' id='word_1_317' title='bbox 1143 1858 1278 1884; x_wconf 87' lang='lat' dir='ltr'>eversas,</span> <span class='ocrx_word' id='word_1_318' title='bbox 1302 1858 1412 1880; x_wconf 86' lang='lat' dir='ltr'>omnes</span> <span class='ocrx_word' id='word_1_319' title='bbox 1436 1848 1613 1881; x_wconf 90' lang='lat' dir='ltr'>lucrantur.</span> 
     </span>
     <span class='ocr_line' id='line_1_61' title="bbox 940 1896 1612 1941; baseline 0.006 -14"><span class='ocrx_word' id='word_1_320' title='bbox 940 1896 1026 1928; x_wconf 88' lang='lat' dir='ltr'>Hinc</span> <span class='ocrx_word' id='word_1_321' title='bbox 1055 1897 1186 1939; x_wconf 89' lang='lat' dir='ltr'>quidam</span> <span class='ocrx_word' id='word_1_322' title='bbox 1217 1897 1302 1940; x_wconf 85' lang='lat' dir='ltr'>apud</span> <span class='ocrx_word' id='word_1_323' title='bbox 1326 1898 1549 1941; x_wconf 85' lang='lat' dir='ltr'>Tranquillum</span> <span class='ocrx_word' id='word_1_324' title='bbox 1578 1899 1612 1931; x_wconf 84' lang='lat' dir='ltr'>in</span> 
     </span>
     <span class='ocr_line' id='line_1_62' title="bbox 941 1947 1614 1991; baseline 0.007 -14"><span class='ocrx_word' id='word_1_325' title='bbox 941 1947 1089 1989; x_wconf 88' lang='lat' dir='ltr'>Augusto</span> <span class='ocrx_word' id='word_1_326' title='bbox 1116 1958 1188 1990; x_wconf 87' lang='lat' dir='ltr'>cap.</span> <span class='ocrx_word' id='word_1_327' title='bbox 1217 1949 1273 1979; x_wconf 89' lang='lat'>83.</span> <span class='ocrx_word' id='word_1_328' title='bbox 1304 1949 1416 1991; x_wconf 86' lang='lat' dir='ltr'>legunt</span> <span class='ocrx_word' id='word_1_329' title='bbox 1453 1949 1498 1981; x_wconf 88' lang='lat' dir='ltr'>sic</span> <span class='ocrx_word' id='word_1_330' title='bbox 1531 1949 1614 1983; x_wconf 89' lang='lat' dir='ltr'>illud</span> 
     </span>
     <span class='ocr_line' id='line_1_63' title="bbox 941 1997 1617 2033; baseline 0.01 -7"><span class='ocrx_word' id='word_1_331' title='bbox 941 1997 1137 2028; x_wconf 89' lang='lat' dir='ltr'>membrum:</span> <span class='ocrx_word' id='word_1_332' title='bbox 1177 1998 1323 2029; x_wconf 88' lang='lat' dir='ltr'>“Animi</span> <span class='ocrx_word' id='word_1_333' title='bbox 1352 1999 1483 2031; x_wconf 86' lang='lat' dir='ltr'>laxandi</span> <span class='ocrx_word' id='word_1_334' title='bbox 1517 2010 1617 2033; x_wconf 85' lang='lat' dir='ltr'>causa</span> 
     </span>
     <span class='ocr_line' id='line_1_64' title="bbox 942 2046 1614 2084; baseline 0.006 -7"><span class='ocrx_word' id='word_1_335' title='bbox 942 2046 1036 2078; x_wconf 88' lang='lat' dir='ltr'>modo</span> <span class='ocrx_word' id='word_1_336' title='bbox 1058 2047 1141 2084; x_wconf 89' lang='lat' dir='ltr'>talis,</span> <span class='ocrx_word' id='word_1_337' title='bbox 1157 2057 1212 2079; x_wconf 82' lang='lat' dir='ltr'>aut</span> <span class='ocrx_word' id='word_1_338' title='bbox 1232 2050 1400 2080; x_wconf 78' lang='lat' dir='ltr'>castellatis</span> <span class='ocrx_word' id='word_1_339' title='bbox 1415 2049 1549 2081; x_wconf 86' lang='lat' dir='ltr'>nucibus</span> <span class='ocrx_word' id='word_1_340' title='bbox 1565 2049 1614 2082; x_wconf 92' lang='lat' dir='ltr'>lu-</span> 
     </span>
     <span class='ocr_line' id='line_1_65' title="bbox 941 2094 1616 2142; baseline 0.007 -16"><span class='ocrx_word' id='word_1_341' title='bbox 941 2094 1039 2127; x_wconf 89' lang='lat' dir='ltr'>debat</span> <span class='ocrx_word' id='word_1_342' title='bbox 1049 2106 1123 2127; x_wconf 87' lang='lat' dir='ltr'>cum</span> <span class='ocrx_word' id='word_1_343' title='bbox 1134 2097 1240 2139; x_wconf 89' lang='lat' dir='ltr'>pueris</span> <span class='ocrx_word' id='word_1_344' title='bbox 1252 2098 1415 2130; x_wconf 84' lang='lat' dir='ltr'>minutis.’·&#39;</span> <span class='ocrx_word' id='word_1_345' title='bbox 1437 2098 1616 2142; x_wconf 86' lang='lat' dir='ltr'>Tranquilli</span> 
     </span>
     <span class='ocr_line' id='line_1_66' title="bbox 944 2146 1616 2189; baseline 0.007 -13"><span class='ocrx_word' id='word_1_346' title='bbox 944 2152 1050 2177; x_wconf 88' lang='lat' dir='ltr'>tamen</span> <span class='ocrx_word' id='word_1_347' title='bbox 1067 2146 1160 2188; x_wconf 85' lang='lat' dir='ltr'>plura</span> <span class='ocrx_word' id='word_1_348' title='bbox 1174 2147 1378 2189; x_wconf 89' lang='lat' dir='ltr'>exemplaria,</span> <span class='ocrx_word' id='word_1_349' title='bbox 1396 2148 1543 2180; x_wconf 81' lang='lat' dir='ltr'>Ocellatis</span> <span class='ocrx_word' id='word_1_350' title='bbox 1556 2160 1616 2181; x_wconf 84' lang='lat' dir='ltr'>nu-</span> 
     </span>
     <span class='ocr_line' id='line_1_67' title="bbox 944 2196 1614 2240; baseline 0.006 -14"><span class='ocrx_word' id='word_1_351' title='bbox 944 2197 1028 2226; x_wconf 82' lang='lat' dir='ltr'>cibus</span> <span class='ocrx_word' id='word_1_352' title='bbox 1038 2207 1050 2234; x_wconf 87' lang='lat'><em>;</em></span> <span class='ocrx_word' id='word_1_353' title='bbox 1075 2196 1107 2227; x_wconf 89' lang='lat' dir='ltr'>id</span> <span class='ocrx_word' id='word_1_354' title='bbox 1127 2202 1186 2233; x_wconf 85' lang='lat' dir='ltr'>est,</span> <span class='ocrx_word' id='word_1_355' title='bbox 1202 2196 1367 2240; x_wconf 87' lang='lat' dir='ltr'>perforatis</span> <span class='ocrx_word' id='word_1_356' title='bbox 1382 2196 1480 2229; x_wconf 89' lang='lat' dir='ltr'>instar</span> <span class='ocrx_word' id='word_1_357' title='bbox 1494 2197 1614 2230; x_wconf 88' lang='lat' dir='ltr'>ocello-</span> 
     </span>
     <span class='ocr_line' id='line_1_68' title="bbox 944 2246 1340 2289; baseline 0.005 -13"><span class='ocrx_word' id='word_1_358' title='bbox 944 2256 1025 2282; x_wconf 89' lang='lat' dir='ltr'>rum,</span> <span class='ocrx_word' id='word_1_359' title='bbox 1042 2246 1193 2289; x_wconf 87' lang='lat' dir='ltr'>scriptum</span> <span class='ocrx_word' id='word_1_360' title='bbox 1210 2246 1340 2279; x_wconf 88' lang='lat' dir='ltr'>habent.</span> 
     </span>
    </p>

    <p class='ocr_par' dir='ltr' id='par_1_15' title="bbox 944 2296 1616 2726">
     <span class='ocr_line' id='line_1_69' title="bbox 989 2296 1614 2337; baseline 0.002 -9"><span class='ocrx_word' id='word_1_361' title='bbox 989 2298 1042 2328; x_wconf 90' lang='lat'>77.</span> <span class='ocrx_word' id='word_1_362' title='bbox 1070 2296 1132 2327; x_wconf 82' lang='lat' dir='ltr'>Per</span> <span class='ocrx_word' id='word_1_363' title='bbox 1161 2296 1300 2337; x_wconf 58' lang='lat' dir='ltr'>tabulan]</span> <span class='ocrx_word' id='word_1_364' title='bbox 1333 2296 1446 2329; x_wconf 84' lang='lat' dir='ltr'>Altera</span> <span class='ocrx_word' id='word_1_365' title='bbox 1481 2297 1614 2330; x_wconf 81' lang='lat' dir='ltr'>ludendi</span> 
     </span>
     <span class='ocr_line' id='line_1_70' title="bbox 944 2346 1615 2389; baseline 0.003 -12"><span class='ocrx_word' id='word_1_366' title='bbox 944 2346 1067 2389; x_wconf 83' lang='lat' dir='ltr'>species</span> <span class='ocrx_word' id='word_1_367' title='bbox 1093 2352 1152 2382; x_wconf 86' lang='lat' dir='ltr'>est,</span> <span class='ocrx_word' id='word_1_368' title='bbox 1183 2351 1230 2382; x_wconf 90' lang='lat' dir='ltr'>ut,</span> <span class='ocrx_word' id='word_1_369' title='bbox 1257 2346 1416 2388; x_wconf 87' lang='lat' dir='ltr'>dispositis</span> <span class='ocrx_word' id='word_1_370' title='bbox 1443 2347 1475 2378; x_wconf 89' lang='lat' dir='ltr'>in</span> <span class='ocrx_word' id='word_1_371' title='bbox 1501 2347 1615 2380; x_wconf 80' lang='lat' dir='ltr'>seriem</span> 
     </span>
     <span class='ocr_line' id='line_1_71' title="bbox 945 2395 1614 2438; baseline 0.003 -12"><span class='ocrx_word' id='word_1_372' title='bbox 945 2396 1091 2432; x_wconf 90' lang='lat' dir='ltr'>nucibus,</span> <span class='ocrx_word' id='word_1_373' title='bbox 1121 2406 1177 2438; x_wconf 88' lang='lat' dir='ltr'>per</span> <span class='ocrx_word' id='word_1_374' title='bbox 1199 2395 1340 2427; x_wconf 87' lang='lat' dir='ltr'>tabulam</span> <span class='ocrx_word' id='word_1_375' title='bbox 1366 2395 1526 2428; x_wconf 89' lang='lat' dir='ltr'>declivem</span> <span class='ocrx_word' id='word_1_376' title='bbox 1547 2397 1614 2428; x_wconf 88' lang='lat' dir='ltr'>vol·</span> 
     </span>
     <span class='ocr_line' id='line_1_72' title="bbox 948 2445 1615 2489; baseline 0.003 -13"><span class='ocrx_word' id='word_1_377' title='bbox 948 2451 1038 2477; x_wconf 88' lang='lat' dir='ltr'>vatur</span> <span class='ocrx_word' id='word_1_378' title='bbox 1054 2457 1117 2477; x_wconf 90' lang='lat' dir='ltr'>nux</span> <span class='ocrx_word' id='word_1_379' title='bbox 1134 2458 1140 2475; x_wconf 90' lang='lat'>:</span> <span class='ocrx_word' id='word_1_380' title='bbox 1159 2456 1229 2487; x_wconf 84' lang='lat' dir='ltr'>quae</span> <span class='ocrx_word' id='word_1_381' title='bbox 1245 2445 1271 2476; x_wconf 89' lang='lat' dir='ltr'>si</span> <span class='ocrx_word' id='word_1_382' title='bbox 1287 2451 1399 2487; x_wconf 87' lang='lat' dir='ltr'>tangat</span> <span class='ocrx_word' id='word_1_383' title='bbox 1412 2455 1509 2488; x_wconf 86' lang='lat' dir='ltr'>quam</span> <span class='ocrx_word' id='word_1_384' title='bbox 1523 2456 1615 2489; x_wconf 89' lang='lat' dir='ltr'>opor-</span> 
     </span>
     <span class='ocr_line' id='line_1_73' title="bbox 947 2494 1614 2537; baseline 0.001 -11"><span class='ocrx_word' id='word_1_385' title='bbox 947 2501 1004 2530; x_wconf 83' lang='lat' dir='ltr'>tet,</span> <span class='ocrx_word' id='word_1_386' title='bbox 1018 2494 1117 2527; x_wconf 89' lang='lat' dir='ltr'>vincit</span> <span class='ocrx_word' id='word_1_387' title='bbox 1132 2495 1187 2537; x_wconf 92' lang='lat' dir='ltr'>qui</span> <span class='ocrx_word' id='word_1_388' title='bbox 1203 2494 1301 2526; x_wconf 90' lang='lat' dir='ltr'>misit.</span> <span class='ocrx_word' id='word_1_389' title='bbox 1319 2495 1453 2526; x_wconf 72' lang='lat' dir='ltr'>Eiusn.</span> <span class='ocrx_word' id='word_1_390' title='bbox 1480 2494 1614 2534; x_wconf 77' lang='lat' dir='ltr'>clivum,</span> 
     </span>
     <span class='ocr_line' id='line_1_74' title="bbox 946 2543 1615 2587; baseline 0.001 -12"><span class='ocrx_word' id='word_1_391' title='bbox 946 2543 1161 2576; x_wconf 83' lang='lat' dir='ltr'>declivitatem</span> <span class='ocrx_word' id='word_1_392' title='bbox 1177 2551 1208 2576; x_wconf 89' lang='lat' dir='ltr'>et</span> <span class='ocrx_word' id='word_1_393' title='bbox 1223 2544 1425 2576; x_wconf 82' lang='lat' dir='ltr'>descensum.</span> <span class='ocrx_word' id='word_1_394' title='bbox 1450 2545 1566 2587; x_wconf 87' lang='lat' dir='ltr'>Virgil.</span> <span class='ocrx_word' id='word_1_395' title='bbox 1581 2545 1615 2577; x_wconf 87' lang='lat' dir='ltr'>in</span> 
     </span>
     <span class='ocr_line' id='line_1_75' title="bbox 947 2594 1616 2630; baseline 0.004 -6"><span class='ocrx_word' id='word_1_396' title='bbox 947 2594 1062 2626; x_wconf 89' lang='lat' dir='ltr'>Bucol.</span> <span class='ocrx_word' id='word_1_397' title='bbox 1086 2595 1147 2625; x_wconf 84' lang='lat' dir='ltr'>lx.</span> <span class='ocrx_word' id='word_1_398' title='bbox 1175 2606 1204 2625; x_wconf 92' lang='lat' dir='ltr'>v.</span> <span class='ocrx_word' id='word_1_399' title='bbox 1227 2595 1266 2625; x_wconf 89' lang='lat'>7:</span> <span class='ocrx_word' id='word_1_400' title='bbox 1303 2594 1373 2630; x_wconf 81' lang='lat' dir='ltr'>Qua</span> <span class='ocrx_word' id='word_1_401' title='bbox 1396 2605 1426 2626; x_wconf 85' lang='lat' dir='ltr'>se</span> <span class='ocrx_word' id='word_1_402' title='bbox 1449 2596 1616 2627; x_wconf 75' lang='lat' dir='ltr'>subducere</span> 
     </span>
     <span class='ocr_line' id='line_1_76' title="bbox 947 2643 1615 2687; baseline 0.003 -12"><span class='ocrx_word' id='word_1_403' title='bbox 947 2645 1036 2675; x_wconf 83' lang='lat' dir='ltr'>colles</span> <span class='ocrx_word' id='word_1_404' title='bbox 1066 2643 1236 2685; x_wconf 80' lang='lat' dir='ltr'>Incipiunt,</span> <span class='ocrx_word' id='word_1_405' title='bbox 1261 2645 1403 2686; x_wconf 83' lang='lat' dir='ltr'>mollique</span> <span class='ocrx_word' id='word_1_406' title='bbox 1418 2647 1537 2687; x_wconf 78' lang='lat' dir='ltr'>jugum</span> <span class='ocrx_word' id='word_1_407' title='bbox 1563 2647 1615 2677; x_wconf 81' lang='lat' dir='ltr'>de-</span> 
     </span>
     <span class='ocr_line' id='line_1_77' title="bbox 945 2694 1288 2726; baseline 0.006 -2"><span class='ocrx_word' id='word_1_408' title='bbox 945 2696 1065 2725; x_wconf 79' lang='lat' dir='ltr'>mittere</span> <span class='ocrx_word' id='word_1_409' title='bbox 1077 2695 1164 2725; x_wconf 69' lang='lat' dir='ltr'>clivo.</span> <span class='ocrx_word' id='word_1_410' title='bbox 1190 2694 1288 2726; x_wconf 81' lang='grc' dir='ltr'><strong><em>ΜΛη.</em></strong></span> 
     </span>
    </p>
   </div>
   <div class='ocr_carea' id='block_1_12' title="bbox 1748 638 1809 3220">
    <p class='ocr_par' dir='ltr' id='par_1_16' title="bbox 1748 638 1809 3220">
     <span class='ocr_line' id='line_1_78' title="bbox 1748 638 1809 3220; baseline 0 0"><span class='ocrx_word' id='word_1_411' title='bbox 1748 638 1809 3220; x_wconf 95' lang='lat' dir='ltr'> </span> 
     </span>
    </p>
   </div>
  </div>
 </body>
</html>
