1830 3220
576 182 927 226 FASTORUM
961 183 1085 228 LIB.
1112 185 1178 228 ΙΙ.

1505 192 1591 235 109

166 298 342 363 thue
360 305 526 348 torum
536 301 745 364 pressit:
767 300 995 359 Ferrum,
1010 303 1260 363 Lucretia,
1278 320 1480 354 mecum
1491 317 1586 366 est,

231 376 415 434 Natus,
444 377 529 434 ait,
557 379 708 442 regis,
731 378 1145 446 Tarquiniusque
1168 383 1363 448 loquor.

1489 390 1586 435 796

163 455 260 504 Illa
284 456 439 504 nihil:
468 473 638 521 neque
665 458 800 505 enim
825 475 1019 515 vocem,
1042 461 1279 525 viresque
1304 463 1563 528 loquendi,

228 533 335 582 Aut
359 534 553 599 aliquid
580 542 686 583 toto
714 544 922 600 pectore
948 539 1134 587 mentis
1161 540 1333 590 habet.

164 612 268 661 Sed
294 613 479 670 tremit,
497 620 554 660 ut
580 614 841 677 quondam
862 617 1074 665 stabulis
1095 619 1349 683 deprensa
1372 621 1562 669 relictis

230 691 396 739 Parva
420 693 515 740 sub
543 692 725 741 infesto
752 711 912 758 quum
932 697 1074 760 jacet
1099 714 1231 759 agna
1254 699 1393 763 lupo.

1487 705 1585 749 800

160 769 297 825 Quid
322 769 510 818 faciat?
549 773 775 835 pugnet?
813 773 1042 822 vincetur
1063 774 1253 824 femina
1277 793 1452 840 pugna
1472 796 1482 825 :

230 849 467 898 Clamet?
505 856 557 898 at
581 851 632 897 in
658 851 856 909 dextra,
886 853 974 917 qui
997 862 1162 910 necet,
1191 855 1328 903 ensis
1356 856 1528 904 adest:

161 927 422 992 Effugiat?
462 929 641 994 positis
669 937 912 995 urgentur
937 939 1145 997 pectora
1170 933 1370 998 palmis,

230 1005 382 1055 Nunc
411 1007 628 1072 primum
655 1016 866 1057 externa
890 1017 1102 1075 pectora
1129 1018 1267 1060 tacta
1292 1028 1462 1060 manu.
1488 1016 1585 1061 804

164 1084 332 1133 Instat
348 1101 524 1134 amans
540 1086 700 1134 hostis
721 1088 975 1152 precibus,
995 1089 1282 1154 pretioque,
1304 1083 1583 1155 minisque:

231 1164 343 1212 Nec
365 1181 534 1230 prece,
562 1182 656 1214 nec
683 1168 863 1231 pretio,
893 1184 986 1216 nec
1013 1176 1182 1216 movet
1203 1168 1287 1217 ille
1313 1169 1480 1217 minis.

165 1242 253 1290 Nil
280 1243 422 1306 agis3
462 1244 690 1309 eripiam,
719 1244 866 1300 dixit,
890 1262 980 1310 pro
1007 1245 1218 1294 crimine
1242 1246 1428 1296 vitam:

231 1321 410 1369 Falsus
438 1322 670 1370 adulterii
697 1323 841 1371 testis
869 1324 1068 1372 adulter
1093 1325 1215 1373 erit:

161 1399 456 1448 Interimam
482 1399 745 1458 famulum,
774 1418 892 1449 cum
913 1419 1015 1466 quo
1041 1403 1298 1467 deprensa
1322 1403 1512 1452 fereris

229 1479 515 1528 Succubuit
540 1479 686 1528 famae
712 1480 849 1529 victa
873 1482 1046 1546 puella
1069 1489 1227 1530 metii.

157 1686 257 1717 filium
282 1687 378 1729 regis.
427 1687 525 1730 Apud
552 1687 687 1730 Dionys.
710 1688 839 1731 juvenis

157 1735 291 1768 libidine
311 1747 466 1768 accensus
491 1737 597 1780 inepte
614 1738 646 1769 in
663 1738 839 1780 longiorem

159 1791 333 1817 orationem
349 1792 502 1818 excurrit.

204 1837 278 1868 797.
309 1837 438 1868 Livius:
468 1841 488 1854 “
506 1836 631 1868 Pavida
659 1848 698 1868 ex
729 1848 838 1869 somno

159 1886 308 1918 mulier.’'
358 1887 460 1926 Mens,
486 1897 608 1919 sensus.
643 1887 778 1918 Metam.
793 1888 838 1919 iii.

159 1938 236 1969 628.
251 1937 278 1969 is
294 1937 344 1969 cui
362 1943 471 1980 guttur
487 1949 595 1980 pugno
611 1944 751 1980 ruptum,
769 1938 835 1970 hae-

159 1994 206 2019 ret
227 1988 427 2031 aliquamdiu
441 2000 556 2025 amens,
572 1995 644 2031 post
658 1992 789 2021 redeunt
806 1992 838 2020 ἰιι

156 2044 282 2078 pectora
297 2049 412 2069 sensus.
460 2039 500 2069 In
520 2037 730 2070 similitudine
744 2051 838 2080 quon-

158 2090 228 2119 dam
244 2094 292 2120 est
307 2088 340 2120 id
356 2089 453 2131 quod,
471 2089 546 2121 fere.
584 2089 708 2121 Eadem
730 2095 839 2121 autem

159 2138 337 2170 similitudo
353 2139 493 2170 Metam.
510 2140 554 2171 vi.
572 2141 648 2171 527.

153 2213 156 2216 .
203 2189 279 2220 801.
296 2188 430 2220 Nullam
445 2200 538 2232 opem
553 2189 695 2226 videbat,
712 2189 838 2221 nullum

158 2238 273 2269 salutis
300 2238 490 2270 remedium.
538 2239 578 2270 Id
608 2239 838 2271 deliberatione

158 2289 299 2331 quadam
330 2289 412 2320 bene
449 2289 651 2321 describitur.
702 2290 839 2332 Pugnet.

158 2338 293 2370 Callisto
325 2343 347 2356 “
365 2338 497 2381 quidem
527 2347 651 2378 contra,
683 2346 838 2381 quantum

158 2388 252 2420 modo
268 2389 389 2420 femina
404 2388 514 2431 possit,
525 2397 647 2432 pugnat
661 2402 668 2419 :
693 2389 749 2420 sed
766 2401 837 2431 quae

157 2448 305 2480 superare
326 2439 448 2480 puella,
465 2439 586 2477 Quisve
607 2441 723 2472 Jovem
745 2446 834 2482 pote-

157 2493 206 2519 rat
220 2489 251 2527 ;”
282 2489 421 2520 Metam.
444 2488 477 2520 ii.
499 2491 574 2521 434.
623 2490 746 2526 Positis,
775 2497 836 2521 etc.

157 2538 230 2570 Liv.
272 2543 296 2556 “
321 2538 514 2580 sinistraque
547 2550 645 2571 manu
695 2539 837 2571 mulieris

158 2595 288 2632 pectore
337 2588 520 2631 oppresso.’'
584 2590 733 2627 Externa,
778 2589 837 2621 viri

161 2640 270 2671 alieni.

204 2691 280 2722 805.
298 2689 413 2726 Instat,
430 2690 511 2732 etc.]
538 2689 591 2721 Sic
613 2696 645 2721 et
661 2690 733 2723 Liv.
781 2691 838 2722 Nil

161 2741 240 2783 agis,
259 2740 375 2771 frustra
391 2740 578 2772 adversaris.
619 2741 682 2772 Pro
698 2742 837 2778 crimine,

162 2797 197 2822 ut
212 2801 342 2823 causam
363 2790 501 2823 habeam
517 2790 719 2829 criminandi,
735 2797 765 2823 te
782 2802 834 2823 ac·

1486 1485 1585 1530 810

908 1690 1054 1721 cusandi.
1104 1689 1176 1721 Nisi
1201 1690 1305 1726 malis,
1332 1694 1499 1732 tamquam
1524 1689 1585 1721 cri-

908 1750 982 1770 men
1007 1739 1202 1771 admisisses.
1249 1739 1357 1771 Sabin.
1373 1739 1395 1771 i.
1412 1740 1473 1770 79:
1498 1740 1585 1782 Tyn-

908 1789 994 1821 daris
1016 1790 1075 1820 has
1096 1789 1144 1821 illi
1163 1790 1239 1821 laeso
1260 1801 1316 1832 pro
1337 1789 1457 1821 foedere
1472 1800 1586 1832 poenas

907 1839 1109 1870 Struxerat.''
1156 1839 1269 1870 Heins.
1291 1839 1480 1881 praeferebat
1496 1839 1586 1880 vulg.

906 1901 961 1930 per
990 1891 1133 1920 crimina.
1188 1890 1343 1920 Burman.
1373 1889 1493 1931 objicit,
1524 1889 1585 1920 hoc

908 1939 971 1970 fore
999 1938 1148 1975 sceleste,
1177 1938 1299 1969 nefarie
1325 1939 1424 1969 vitam
1453 1938 1586 1981 eripere.

908 1989 1023 2030 Itaque
1048 1999 1065 2019 e
1090 1987 1236 2030 pluribus
1260 1987 1351 2019 libris
1375 1988 1512 2019 alterum
1535 2000 1585 2019 re-

908 2038 1004 2080 cepit,
1035 2043 1067 2069 et
1096 2043 1247 2080 praeterea
1276 2039 1330 2068 sub
1354 2039 1482 2068 crimine
1506 2048 1583 2069 con-

902 2088 987 2131 jicit.
1051 2089 1172 2124 Falsus,
1203 2089 1307 2124 fictus,
1341 2087 1519 2124 simulatus,
1549 2094 1585 2119 ut

907 2138 1025 2180 passim
1044 2138 1078 2169 in
1097 2140 1235 2170 Metam.
1259 2139 1368 2170 Verba
1391 2138 1475 2169 Livii
1490 2149 1582 2180 aper-

907 2188 970 2220 tius
1001 2194 1033 2219 et
1057 2188 1098 2220 ad.
1122 2188 1304 2220 terrendum
1334 2188 1460 2229 gravius
1486 2188 1584 2219 etiam

906 2238 995 2270 Sexti
1011 2245 1151 2270 mentem
1164 2238 1347 2270 declarant:
1366 2242 1386 2255 “
1403 2238 1486 2269 Cum
1501 2249 1583 2269 mor-

908 2295 962 2321 tua
978 2289 1162 2331 jugulatum
1177 2300 1305 2320 servum
1326 2289 1445 2320 nudum
1464 2289 1582 2331 positu-

907 2351 975 2370 rum
999 2340 1056 2375 ait,
1079 2346 1115 2370 ut
1139 2339 1172 2370 in
1196 2338 1324 2370 sordido
1346 2338 1502 2370 adulterio
1527 2350 1582 2370 ne-

907 2395 981 2421 cata
995 2389 1155 2421 dicatur.”

951 2441 1027 2471 810.
1050 2441 1168 2472 Victrix
1185 2442 1276 2471 Libido
1295 2439 1393 2472 etiam
1409 2440 1495 2483 apud
1511 2439 1582 2471 Liv.

908 2492 976 2522 Nos
1013 2491 1053 2522 de
1091 2491 1279 2522 concubitu.
1340 2491 1414 2522 Hrcc
1452 2497 1492 2527 te,
1521 2497 1584 2522 ete.

905 2540 997 2572 Talia
1025 2539 1139 2572 minari
1173 2541 1277 2572 solent
1305 2541 1452 2583 injuriam
1486 2540 1582 2583 passi.

907 2591 1004 2622 Nunc
1019 2596 1114 2634 poeta
1127 2591 1240 2623 eadem
1251 2591 1457 2622 vaticinatur.
1483 2591 1582 2627 Passi,

905 2640 939 2672 id
955 2646 1015 2678 est,
1031 2640 1127 2672 soluti
1153 2646 1186 2672 et
1208 2640 1295 2672 circa
1315 2641 1432 2672 collum
1447 2641 1582 2672 fluentes

907 2690 1017 2733 capilli
1040 2690 1167 2733 signum
1197 2696 1287 2722 erant
1311 2692 1428 2727 luctus,
1453 2691 1486 2721 in
1511 2701 1581 2722 mu-

906 2740 1037 2772 lieribus
1061 2740 1270 2783 potissimum.
1303 2740 1438 2772 Heroid.
1459 2751 1489 2771 x.
1508 2741 1580 2773 187.

908 2790 992 2823 Vide
1005 2790 1150 2822 Kirchm.
1161 2791 1201 2822 de
1216 2791 1331 2822 Funer.
1346 2800 1422 2833 pag.
1438 2791 1514 2821 200.
