1809 3220
198 191 256 234 98
596 192 648 233 Ρ.
682 191 900 234 OVIDII
935 190 1222 234 NASONIS

207 308 289 366 Et,
310 308 453 358 Bene
473 325 581 366 nos,
600 308 795 373 patriae,
809 309 940 357 bene
960 315 1028 365 te,
1041 316 1203 373 pater,
1220 308 1413 373 optime
1431 308 1623 365 Caesar,

276 386 464 444 Dicite,
491 385 683 434 suffuso
709 403 800 451 per
825 402 969 434 sacra
991 387 1146 435 verba
1170 403 1326 435 mero.

207 464 332 512 Nox
358 464 442 512 ubi
465 464 736 521 transierit,
765 463 916 512 solito
944 465 1230 514 celebretur
1255 465 1463 522 honor-e,

276 542 493 607 Separat
517 542 704 590 indicio
732 542 820 606 qui
849 542 990 591 Deus
1017 559 1134 591 arva
1158 559 1266 591 suo.

1525 544 1625 591 640

204 619 457 676 Termine,
486 621 590 668 sive
615 620 761 684 lapis,
790 621 894 669 sive
920 638 975 669 es
1001 621 1234 669 defossus
1260 621 1309 668 in
1335 637 1453 685 agro

276 698 448 763 Stipes
470 699 533 747 ab
559 698 798 762 antiquis,
828 699 898 746 sic
927 715 1133 763 quoque
1160 715 1348 747 numen
1376 699 1552 748 habes.

205 775 279 824 Te
305 776 408 824 duo
433 777 632 825 diversa
656 777 845 825 domini
872 793 961 842 pro
987 784 1130 842 parte
1156 785 1427 837 coronant3

276 854 512 919 Binaque
539 863 672 903 serta
697 854 805 911 tibi,
834 855 1055 919 binaque
1078 855 1180 903 liba
1204 854 1388 904 ferunt.

205 931 310 980 Ara
333 933 417 981 fit:
458 933 557 981 huc
584 933 753 997 ignem
780 941 923 981 curto
948 933 1043 981 fert
1068 933 1258 981 rustica
1283 940 1418 982 testu

1524 935 1623 981 645

277 1010 514 1059 Sumtum
539 1012 602 1059 cle
629 1011 815 1076 tepidis
841 1011 952 1075 ipsa
977 1012 1159 1059 colona
1183 1011 1326 1059 focis.

207 1087 368 1152 Ligna
392 1106 550 1138 senex
577 1089 775 1145 minuit,
804 1090 1115 1153 concisaque
1142 1090 1390 1138 construit
1415 1089 1545 1148 alte.;

274 1166 342 1214 Et
366 1167 528 1216 solida
547 1184 712 1216 ramos
737 1168 892 1232 figere
917 1177 1111 1234 pugnat
1135 1170 1305 1217 humo.

206 1338 361 1369 Formulae
391 1337 422 1368 in
449 1337 508 1368 hac
539 1348 571 1368 re
598 1338 765 1374 solemnes,
799 1339 881 1370 Bene

205 1401 268 1425 nos,
291 1391 362 1419 bene
386 1400 443 1424 vos,
469 1390 540 1420 bene
564 1390 664 1423 illum,
688 1389 810 1420 scilicet
826 1400 879 1420 va-

205 1438 269 1470 lere
281 1438 570 1481 precor.Tibullus,
584 1439 661 1469 11.i.
675 1440 712 1469 31
730 1452 735 1468 ε
754 1444 774 1456 “
792 1440 880 1470 Bene

205 1488 392 1526 Messalam,
409 1500 467 1520 sua
484 1489 619 1531 quisque
642 1489 681 1520 ad
702 1489 817 1531 pocula
833 1489 880 1520 di-

204 1539 289 1570 cat.’'
337 1540 541 1580 Quamquam
567 1544 598 1569 et
619 1538 718 1569 dativ.
740 1538 880 1570 addeba-

204 1594 274 1627 tur3
299 1589 406 1620 Plaut.
430 1589 521 1620 Pers.
538 1600 566 1620 v.
586 1589 597 1618 l
615 1600 621 1618 ε
648 1593 667 1605 “
688 1589 774 1619 Bene
802 1589 878 1619 mihi

203 1639 285 1670 bene
299 1639 398 1674 vobis,
414 1639 495 1670 bene
512 1638 622 1670 amicae
637 1638 753 1669 meae.'’
766 1639 876 1670 Burni.

204 1688 342 1725 dubitat,
358 1695 463 1720 utrum
488 1688 520 1719 h.
537 1688 557 1719 Ι.
576 1699 637 1723 nos,
653 1699 692 1719 an
714 1687 799 1730 quod
822 1688 876 1719 alii

202 1737 333 1774 habent,
361 1749 409 1769 vos
438 1737 667 1780 praeserendum
696 1737 748 1768 sit.
795 1738 876 1768 Turn

204 1799 256 1819 nos
278 1787 428 1829 intelligit
454 1787 494 1819 de
519 1795 590 1818 voto
616 1798 671 1830 pro
695 1788 798 1819 salute
824 1799 877 1830 po—

203 1838 283 1880 puli.
330 1837 490 1880 Equidem
516 1837 660 1879 intelligo
688 1844 795 1868 votum
823 1849 879 1880 pro

203 1888 306 1920 salute
335 1888 534 1919 convivantis
564 1887 706 1919 familiae.
763 1887 878 1919 Heius.

203 1938 258 1980 qui
278 1950 327 1969 vos
345 1938 483 1981 praefert,
501 1938 533 1968 id
555 1938 659 1974 refert,
682 1937 723 1969 ad
742 1939 879 1970 salutern

203 1988 343 2020 Larium.
383 1989 500 2019 Patriae
515 1999 588 2019 cum
602 1995 690 2028 pater
701 1989 812 2030 junge.

247 2038 434 2069 639—684.
454 2037 639 2069 Terminalia
664 2038 804 2069 Kalend.
821 2038 876 2070 vii.

203 2089 303 2120 Mart.
337 2088 447 2118 Numa
461 2087 584 2129 lapides
600 2087 674 2129 poni
689 2088 830 2129 jusserat
846 2088 877 2118 in

204 2149 351 2180 agrorum
366 2137 493 2173 finibus,
509 2137 563 2179 qui
580 2137 661 2168 sacri
682 2144 789 2169 essent
804 2138 877 2170 Jovi

202 2187 388 2224 Terminali‚
418 2193 449 2218 et
478 2197 568 2218 sacra
597 2186 774 2223 addiderat,
805 2198 876 2229 quae

204 2237 374 2280 quotannis
403 2237 454 2268 die
480 2243 563 2268 stato
591 2237 632 2268 ad
658 2238 730 2269 illos
754 2237 877 2280 lapides

203 2287 338 2326 fierent;
372 2287 460 2329 quin,
490 2286 635 2329 publicos
658 2286 754 2318 etiam
786 2298 876 2330 agros

204 2337 346 2368 terminis
367 2337 552 2379 complexus
571 2343 662 2375 erat3
687 2337 824 2379 Dionys.
841 2337 876 2368 ii.

204 2399 276 2430 cap.
292 2388 346 2419 74.
383 2387 502 2419 Confer
518 2386 683 2418 Plutarch.
696 2387 796 2419 Num.
808 2398 878 2430 cap.

206 2438 259 2469 16.
284 2442 316 2468 et
341 2437 465 2473 Quaest.
486 2435 581 2467 Rom.
604 2441 680 2467 tom.
697 2436 748 2467 vii.
764 2447 796 2479 p.
814 2438 875 2476 833

205 2487 353 2518 Lactant.
374 2486 414 2517 de
434 2485 520 2516 Fals.
541 2485 616 2516 Rel.
633 2486 659 2516 Ι.
675 2497 728 2516 xx.
744 2487 785 2517 37
806 2497 877 2529 sqq.

204 2538 323 2569 Noster
351 2536 458 2567 Deum
481 2535 598 2578 ipsum,
624 2541 656 2566 et
684 2535 780 2567 latius
809 2537 878 2579 ejus

202 2596 293 2618 sacra
308 2585 470 2621 describit,
486 2584 641 2627 hymnum
661 2585 782 2628 adjicit,
799 2596 874 2618 con-

202 2635 352 2668 stantiam
376 2635 445 2677 ejus
468 2635 500 2665 in
524 2635 698 2666 resistendo
722 2636 873 2672 celebrat,

201 2695 378 2728 precesque
393 2684 435 2716 ad
450 2695 523 2716 eum
538 2684 654 2716 fundit.
699 2685 827 2717 Desinit
842 2685 874 2717 in

201 2735 386 2766 Terminum
400 2733 525 2778 imperii
536 2734 685 2766 Romani.

247 2785 322 2815 641.
338 2785 406 2815 Sive
421 2785 509 2825 lapis,
525 2783 604 2824 etc.]
621 2784 767 2816 Lactant.
785 2789 808 2802 “
826 2784 871 2816 la—

952 1339 1059 1382 pidem
1083 1340 1192 1372 colunt
1207 1340 1372 1371 informem
1389 1344 1486 1381 atque
1503 1339 1628 1377 rudem,

951 1389 1002 1420 cui
1035 1400 1147 1421 nomen
1177 1395 1225 1421 est
1247 1388 1515 1432 Terminus—qui
1538 1390 1629 1422 Deus

951 1449 1013 1470 non
1045 1446 1166 1471 tantum
1199 1440 1291 1482 lapis,
1316 1438 1372 1470 sed
1401 1438 1499 1471 etiam
1530 1439 1628 1482 stipes

950 1488 1109 1520 interdum
1141 1490 1225 1521 est.''
1273 1489 1391 1521 Confer
1419 1489 1528 1524 Tibul.
1553 1490 1581 1521 Ι.
1606 1489 1629 1521 i.

954 1540 1004 1570 ll.
1055 1541 1122 1571 Hos
1147 1540 1231 1582 ipsos
1258 1540 1424 1572 Terminos
1446 1540 1534 1572 Deos
1558 1551 1628 1573 esse

949 1590 1140 1629 credebant3
1172 1590 1309 1632 Dionys.
1341 1591 1434 1629 θεοὺς
1463 1589 1629 1633 ἡγοῦνται

946 1640 1022 1677 τοὺς
1036 1639 1212 1681 τέρμονας.
1254 1639 1339 1671 Hinc
1353 1640 1481 1672 additur
1495 1643 1539 1672 sic
1553 1653 1624 1683 quo-

945 1700 1011 1729 que,
1028 1695 1090 1720 etc.
1106 1689 1212 1721 vilitas
1229 1690 1369 1721 materiae
1395 1700 1457 1721 non
1473 1689 1623 1733 impedit,
1654 1719 1657 1721 .

946 1750 1010 1780 quo
1026 1739 1130 1770 minus
1146 1750 1262 1771 numen
1280 1739 1412 1771 habeas.

991 1789 1068 1819 643.
1096 1790 1193 1821 Sacra
1219 1788 1361 1820 Termini
1391 1789 1563 1831 diligenter
1591 1795 1624 1822 et

942 1839 1085 1881 jucunde
1107 1839 1279 1882 descripta.
1339 1839 1411 1870 Duo
1433 1840 1562 1876 domini,
1591 1849 1621 1871 a-

945 1899 1071 1930 grorum
1090 1889 1250 1932 utrimque
1265 1899 1468 1932 possessores,
1482 1894 1512 1920 te
1532 1899 1622 1921 coro-

946 1945 1035 1975 nant,
1060 1945 1192 1981 uterque
1218 1938 1250 1970 in
1275 1945 1365 1981 parte
1389 1949 1466 1981 agro
1485 1949 1543 1970 suo
1567 1939 1623 1971 ob-

947 1999 1049 2020 versa.
1096 1989 1136 2020 In
1160 1988 1277 2020 trifinio
1306 1995 1368 2021 tres
1392 1988 1512 2021 domini
1537 1989 1622 2022 hunc

946 2037 1096 2070 honorem
1111 2039 1274 2070 habebant
1290 2038 1372 2070 Deo.
1401 2038 1485 2070 Libis
1500 2038 1623 2071 cultum

946 2098 1014 2120 esse
1028 2088 1211 2120 Terminum
1234 2088 1332 2120 etiam
1351 2099 1368 2120 e
1391 2088 1544 2121 Juvenal.
1565 2089 1625 2121 Sa-

946 2137 998 2169 tir.
1021 2138 1085 2169 xvi.
1111 2139 1164 2169 39.
1186 2143 1332 2181 apparet.
1382 2138 1466 2170 Bina
1489 2138 1626 2171 Lenzius

946 2187 1068 2219 dictum
1085 2193 1178 2230 putat
1194 2198 1262 2230 pro,
1280 2187 1353 2219 duo.
1399 2189 1439 2219 In
1455 2194 1532 2220 testa
1554 2188 1627 2221 ferri

945 2237 1092 2269 solebant
1116 2237 1207 2280 ignes
1237 2243 1293 2270 aut
1316 2238 1481 2270 carbones.
1526 2239 1625 2272 Auct.

945 2287 985 2318 ad
1002 2287 1122 2320 Heren.
1137 2287 1180 2319 iv.
1195 2288 1230 2319 6.
1248 2287 1349 2330 “ipse
1365 2297 1384 2320 a
1399 2287 1512 2320 vicinis
1524 2299 1623 2330 quum

946 2343 1030 2369 testa
1051 2337 1220 2370 ambulans
1238 2338 1452 2370 carbunculos
1478 2348 1624 2382 corroga-

945 2388 1030 2420 ret.’'
1088 2389 1171 2420 Tum
1207 2395 1331 2420 curtum
1368 2388 1516 2430 frequens
1554 2399 1624 2421 esse

945 2448 1093 2469 vasorum
1131 2438 1307 2481 epitheton,
1339 2437 1494 2480 exemplis
1531 2437 1625 2470 docet

945 2487 1108 2519 Heinsius.
1154 2489 1217 2520 Pro
1243 2495 1318 2519 testa
1339 2487 1502 2519 veteribus
1526 2487 1624 2520 etiam

947 2543 1026 2568 testu
1048 2537 1080 2568 in
1098 2548 1158 2568 usu
1179 2536 1278 2569 fuisse
1296 2542 1416 2569 certum
1437 2542 1498 2568 est.
1545 2536 1623 2569 Vid.

946 2585 977 2616 h.
994 2586 1015 2617 l.
1030 2586 1225 2629 antiquiores
1239 2587 1319 2618 Intt.
1351 2587 1485 2628 Tepidis‚
1499 2586 1623 2620 scilicet

944 2646 982 2666 ex
998 2635 1072 2678 igne
1085 2636 1245 2667 hesterno.

988 2687 1063 2718 647.
1083 2686 1134 2718 Cf.
1151 2697 1223 2718 curn
1244 2698 1315 2730 sqq.
1330 2686 1413 2717 infra
1429 2698 1457 2718 v.
1474 2687 1562 2725 506;
1587 2692 1621 2718 et

943 2737 1079 2769 Metam.
1094 2736 1160 2768 viii.
1175 2737 1237 2768 641
1254 2748 1326 2779 sqq.
1354 2735 1528 2767 Praeivetat
1543 2736 1620 2768 Vir-

943 2786 998 2827 gil.
1017 2787 1090 2818 AEn.
1111 2786 1134 2817 i.
1159 2787 1230 2817 174.
1279 2787 1410 2823 Minuit,
1433 2785 1617 2826 confringit,
