1809 3220
205 168 293 212 230

608 167 660 208 P.
695 165 914 209 OVIDII
948 163 1236 208 NASONIS

206 285 339 333 Tum
364 285 499 340 licet,
528 282 779 348 apposita,
807 282 960 330 veluti
986 289 1199 338 cratere,
1226 280 1458 336 camella,

277 363 378 410 Lac
404 362 605 409 niveum
632 368 796 425 potes,
826 375 1240 424 purpureamque
1266 375 1471 424 sapam:
1534 361 1632 406 780

209 440 441 503 Moxque
466 455 557 503 per
582 438 819 486 ardentes
847 437 1048 501 stipulae
1074 437 1371 501 crepitantis
1397 451 1604 485 acervos

276 516 522 581 Trajicias
549 516 702 565 celeri
728 523 936 564 strenua
961 516 1192 563 membra
1215 515 1364 580 pede.

211 594 493 660 Expositus
518 611 628 642 mos
653 601 760 642 est:
803 593 954 641 moris
981 593 1104 640 mihi
1130 600 1289 641 restat
1312 592 1470 655 origO.

277 672 450 720 Turba
474 671 596 720 facit
619 672 849 728 dubium,
878 680 1151 737 coeptaque
1177 679 1352 720 nostra
1375 678 1534 719 tenet.

212 750 400 797 Omnia
423 758 607 814 purgat
632 750 765 798 edax
792 749 942 813 ignis,
970 749 1252 813 vitiumque
1278 748 1496 797 metallis
1535 750 1634 796 785

279 826 567 890 Excoquit:
608 827 797 875 idcirco
824 843 942 875 cum
967 827 1098 875 duce
1124 834 1309 892 purgat
1333 843 1470 874 oves.

211 905 308 960 An,
337 905 458 969 quia
481 913 778 954 cunctarum
804 907 1055 954 contraria
1080 905 1274 954 semina
1299 921 1465 953 rerum

282 983 414 1031 Sunt
438 984 539 1031 duo
564 983 843 1040 discordes,
872 984 1003 1047 ignis
1030 991 1082 1032 et
1108 983 1258 1039 unda,
1289 982 1391 1039 Dii,

255 1159 333 1190 779.
349 1158 388 1189 In
403 1157 521 1189 mensis
531 1163 674 1189 veterum
689 1164 792 1188 crater
805 1163 889 1188 stare

212 1209 345 1245 solebat,
361 1207 418 1239 sed
438 1208 470 1238 in
488 1207 536 1239 his
557 1207 712 1238 conviviis
731 1207 800 1250 ejus
821 1207 890 1238 loco

212 1260 352 1296 camella,
378 1257 462 1289 vasis
486 1258 583 1299 lignei
607 1268 728 1299 genus3
758 1258 797 1288 de
826 1268 891 1299 qua

211 1319 289 1340 voce
314 1309 429 1340 rariore
453 1308 517 1339 vid.
543 1308 642 1339 Varro
667 1308 792 1349 Fragm.
816 1318 890 1350 pag.

212 1359 290 1388 240.
309 1357 382 1399 Bip.
397 1362 429 1388 et
446 1357 585 1387 Turneb.
603 1357 737 1387 Advers.
756 1358 840 1387 xxvi.
859 1357 888 1387 7.

212 1407 244 1438 A
265 1407 372 1439 Gellio
396 1407 493 1438 Noct.
508 1406 577 1437 Att.
593 1407 656 1437 xvi.
674 1407 703 1436 7.
720 1405 801 1437 inter
826 1406 890 1437 sin-

213 1456 337 1499 gularia
374 1456 503 1487 Laberii
540 1456 674 1488 refertur
694 1468 701 1493 3
745 1457 892 1487 Tibullus

213 1507 300 1539 dicto
316 1506 385 1537 loco
401 1507 454 1537 93.
470 1506 510 1537 de
527 1505 575 1537 his
595 1505 708 1546 epulis,
726 1510 745 1523 ‘¹
761 1516 891 1537 corona-

215 1562 266 1589 tus
285 1556 382 1588 stabit
403 1563 434 1588 et
457 1563 530 1587 ante
550 1556 668 1587 calix.''
716 1556 795 1596 Supa
815 1556 893 1598 quid

214 1606 321 1643 suerit,
338 1605 432 1637 docet
448 1605 582 1641 Plinius,
599 1604 662 1635 xiv.
685 1606 718 1635 ll
735 1618 741 1635 2
768 1611 787 1622 ‘⁸
801 1606 892 1637 Sirae-

213 1667 279 1693 um,
297 1655 379 1697 quod
406 1655 460 1686 alii
484 1654 645 1697 hepsema,
665 1656 760 1685 nostri
782 1666 892 1697 sapam

215 1705 389 1748 appellant,
415 1705 547 1746 ingenii,
573 1716 634 1736 non
666 1710 786 1735 naturae
815 1715 894 1747 opus

215 1760 274 1791 est,
299 1760 404 1785 musto
430 1765 531 1795 usque
555 1754 594 1785 ad
620 1754 745 1785 tertiam
771 1761 894 1796 partem

213 1815 369 1836 mensurae
381 1803 515 1835 decocto
528 1816 533 1834 ε
553 1804 638 1845 quod
652 1804 706 1835 ubi
719 1804 838 1835 factum
853 1804 893 1835 ad

214 1854 381 1886 dimidiam
418 1861 476 1890 est,
507 1853 667 1885 defrutum
706 1855 892 1886 vocamus-’¹

217 1904 318 1936 Varro
345 1914 419 1935 vero
449 1910 481 1935 et
507 1904 655 1935 Nonnius
687 1910 826 1935 mustum
854 1904 894 1935 ad

215 1953 354 1984 mediam
379 1958 501 1995 partem
526 1953 696 1984 decoctum
719 1964 821 1993 sapum
842 1964 894 1984 vo-

215 2008 303 2034 cant.
349 2002 515 2033 Potionem
531 2013 548 2033 e
565 2012 643 2043 sapa
659 2008 690 2033 et
705 2002 790 2033 lacte
807 2013 894 2034 com-

215 2051 349 2095 positam
381 2052 540 2083 veteribus
569 2051 689 2082 dictam
720 2063 791 2083 esse
821 2054 892 2083 bur·

215 2104 388 2137 rhanicam,
418 2101 573 2143 Neapolis
603 2101 708 2132 docet.
762 2102 893 2140 Festus;

215 2150 452 2182 “Burrhanica
481 2150 579 2192 potio,
611 2150 661 2181 lac
692 2151 892 2182 commistum

215 2211 306 2243 sapa,
329 2211 348 2231 a
373 2200 440 2231 rufo
468 2201 584 2236 colore,
614 2210 709 2241 quem
738 2201 893 2231 burrhum

215 2250 368 2283 vocant.”
405 2250 454 2281 De
471 2249 553 2281 saltu
570 2261 625 2292 per
642 2250 788 2281 flammas
807 2251 891 2281 cons.

217 2300 259 2331 ad
275 2311 339 2332 ver.
353 2299 415 2330 727
431 2311 439 2338 ;
463 2299 684 2330 transiliebant
703 2300 784 2330 bene
806 2299 872 2341 poti
886 2312 893 2339 ;

215 2350 373 2384 Tibullus,
393 2349 478 2380 dieto
504 2349 573 2380 loco
597 2350 657 2380 89:
693 2354 712 2366 “
732 2349 792 2380 Ille
816 2349 894 2381 levis

216 2399 343 2441 stipulae
374 2398 520 2429 solennes
547 2405 640 2440 potus
670 2409 800 2429 acervos
827 2399 893 2430 Ac-

217 2448 344 2485 cendet,
359 2447 503 2479 flammas
519 2447 739 2489 transilietque
755 2448 894 2479 sacras.’'

263 2498 338 2529 783.
354 2496 454 2528 Moris
469 2496 569 2538 origo.
610 2496 672 2527 Hic
691 2499 793 2533 turba,
812 2498 892 2528 mul-

216 2547 321 2579 titudo
345 2555 512 2578 causarum
537 2556 609 2576 eum
634 2545 810 2577 reddebant
833 2546 891 2578 du-

215 2598 317 2634 bium,
333 2602 365 2628 et
378 2607 505 2628 cursum
524 2595 675 2627 orationis
693 2596 891 2635 retinebant;

217 2661 249 2681 v.
265 2649 296 2679 6.
316 2648 402 2688 eopia
425 2649 489 2687 ipsa
512 2653 609 2677 nocet.
656 2646 763 2677 Multa
786 2646 837 2677 hic
862 2653 894 2678 et

217 2698 297 2730 mira
311 2696 466 2729 cumulat.
494 2697 583 2739 Ignis
596 2703 723 2739 propter
738 2696 801 2727 vim
815 2708 891 2736 pur-

216 2749 315 2790 gandi
329 2747 396 2790 jam
419 2745 505 2789 apud
525 2745 764 2788 antiquissimos
780 2745 812 2777 in
829 2746 892 2778 lus-

960 1156 1150 1188 trationibus
1177 1156 1284 1187 locum
1311 1154 1474 1192 habebat3
1509 1153 1637 1186 Plutar-

960 1208 1050 1244 chus,
1067 1210 1190 1246 Quaest.
1207 1207 1303 1238 Rom.
1323 1207 1332 1236 l
1349 1218 1355 1236 :
1380 1206 1418 1238 τὸ
1434 1206 1503 1247 πῦρ
1521 1203 1636 1236 καθάι-

959 1269 1017 1298 ρει,
1043 1258 1081 1289 τὸ
1114 1255 1199 1297 ὕδωρ
1229 1255 1370 1298 ἁγνίζει.
1421 1254 1578 1296 Εῑοοᾳυίτ,
1604 1260 1640 1286 ut

960 1307 1050 1349 Virg.
1077 1307 1198 1348 Georg.
1223 1305 1244 1336 i.
1270 1307 1329 1337 89:
1360 1304 1444 1346 agris
1467 1314 1560 1335 omne
1586 1314 1642 1346 per

959 1356 1063 1397 ignem
1095 1355 1292 1398 Excoquitur
1319 1354 1465 1385 vitium.''
1521 1353 1640 1384 Ducem

960 1409 1062 1448 gregis
1077 1405 1160 1448 apud
1174 1411 1284 1448 poetas
1297 1404 1428 1445 ubique,
1440 1403 1536 1434 etiam
1553 1402 1639 1446 apud

962 1456 1114 1487 Ovidium
1131 1466 1199 1487 esse
1214 1455 1264 1486 vel
1281 1454 1423 1490 arietem,
1435 1453 1486 1484 vel
1502 1453 1638 1489 hircum,

962 1506 1012 1537 vel
1032 1512 1170 1541 taurum,
1190 1515 1252 1535 non
1274 1510 1380 1535 autem
1402 1508 1572 1546 pastorem,
1593 1509 1641 1534 at-

963 1566 1025 1597 que
1049 1555 1146 1586 etiam
1171 1555 1230 1585 hoc
1255 1554 1317 1585 loc.
1339 1553 1469 1584 arietem
1493 1551 1642 1593 intelligi,

963 1605 1109 1635 observat
1130 1603 1276 1645 Heynius
1297 1602 1338 1633 ad
1355 1601 1474 1633 Tibull.
1490 1602 1518 1632 Ι.
1533 1612 1567 1632 x.
1588 1602 1637 1636 10,

964 1654 1076 1684 Pastor
1099 1653 1204 1696 potius
1226 1654 1364 1693 sequitur
1388 1662 1483 1690 oves;
1510 1650 1555 1682 vi.
1581 1652 1642 1690 14;

963 1705 1018 1735 sed
1034 1704 1110 1746 quia
1126 1703 1283 1734 Palilibus
1299 1713 1362 1733 non
1377 1712 1454 1744 grex
1470 1701 1574 1739 modo,
1585 1701 1641 1733 sed

964 1760 1071 1796 pastor
1089 1764 1216 1795 quoque
1238 1753 1445 1795 purgabatur,
1461 1761 1547 1782 nunc
1570 1751 1642 1794 qui-

964 1803 1036 1835 dem
1053 1803 1137 1834 hunc
1153 1802 1331 1843 intelligere
1347 1801 1466 1843 possis;
1483 1800 1642 1837 Tibullus,

963 1853 993 1884 I.
1024 1853 1045 1884 i.
1075 1854 1136 1884 35:
1178 1858 1200 1870 “
1220 1852 1283 1883 Hic
1322 1862 1380 1893 ego
1417 1856 1641 1894 pastoremque

963 1914 1070 1934 meum
1083 1903 1218 1934 lustrare
1234 1901 1416 1944 quotannis,
1428 1901 1470 1932 Et
1481 1899 1642 1944 placidam

963 1953 1048 1984 soleo
1064 1962 1211 1994 spargere
1227 1951 1311 1982 lacte
1328 1950 1474 1982 Palem-'⁹

1009 2002 1084 2033 787.
1100 2002 1223 2032 Semina
1233 2011 1350 2035 rerum,
1362 2000 1533 2034 elementa,
1544 1997 1642 2029 etiam

963 2052 1100 2082 Metam.
1116 2052 1137 2082 i.
1152 2052 1185 2082 9.
1231 2049 1306 2081 Vim
1326 2051 1554 2081 contrariorum
1569 2047 1642 2079 illo-

963 2113 1032 2133 rum
1055 2102 1201 2132 seminum
1220 2099 1362 2131 declarat
1381 2098 1460 2130 ibid.
1475 2109 1539 2130 ver.
1555 2099 1640 2130 432:

965 2156 987 2168 “
1004 2152 1178 2193 Quumque
1203 2149 1244 2181 sit
1267 2149 1350 2191 ignis
1374 2159 1467 2190 aquae
1490 2158 1643 2191 pugnax3

965 2211 1061 2242 vapor
1086 2198 1234 2231 humidus
1260 2209 1371 2229 omnes
1393 2197 1460 2228 Res
1485 2205 1585 2233 creat,
1611 2203 1644 2232 et

964 2251 1084 2281 discors
1113 2248 1282 2280 concordia
1309 2248 1427 2279 fetibus
1457 2253 1534 2290 apta
1557 2247 1643 2284 est,⁷’

964 2300 1019 2331 ubi
1036 2299 1107 2330 vide
1122 2306 1242 2330 notam.
1269 2299 1432 2330 Discordes
1444 2297 1596 2329 Heinsius
1608 2297 1642 2329 in

964 2352 1102 2380 dissertes
1122 2348 1236 2380 mutari
1253 2348 1392 2379 volebat.
1438 2347 1513 2378 Non
1535 2357 1643 2379 assen-

964 2399 1040 2437 tior;
1074 2404 1196 2430 veteres
1226 2397 1311 2429 enim
1341 2397 1382 2428 de
1409 2398 1543 2428 discordi
1571 2408 1643 2428 cou-

964 2450 1070 2480 cordia
1085 2459 1188 2479 rerum
1203 2447 1422 2490 disputabant.
1447 2447 1500 2478 De
1516 2453 1644 2489 tangere

962 2499 1034 2529 vide
1065 2498 1105 2529 ad
1134 2508 1200 2529 ver.
1233 2498 1311 2528 740.
1373 2497 1423 2527 An
1453 2497 1543 2537 quod,
1575 2503 1641 2529 etc.

962 2548 1076 2579 Festus
1099 2547 1196 2578 tradit
1219 2557 1337 2588 aquam
1360 2552 1393 2578 et
1415 2546 1522 2587 ignem
1546 2545 1642 2577 inter-

962 2597 1026 2629 dici
1055 2597 1154 2628 solere
1189 2595 1363 2632 damnatis,
1395 2594 1536 2638 permitti
1566 2605 1640 2627 vero

963 2648 1091 2690 nuptis;
1116 2651 1138 2664 “
1153 2646 1304 2677 videlicet
1322 2645 1400 2688 quia
1423 2645 1472 2676 hae
1494 2644 1567 2676 duae
1591 2655 1641 2676 res

962 2696 1135 2728 humanam
1151 2696 1249 2726 vitam
1272 2695 1410 2726 maxime
1432 2694 1596 2726 continent
1605 2693 1639 2731 ;''

961 2746 1089 2778 Servius
1105 2745 1146 2777 ad
1164 2744 1292 2777 AEneid.
1308 2745 1350 2776 vii
1365 2757 1372 2775 ε
1390 2749 1411 2763 “
1423 2743 1477 2775 Ad
1492 2744 1640 2776 facienda
