1830 3220
586 192 935 236 FASTORUM
971 195 1092 237 LIB.
1120 197 1202 238 VI.

1523 203 1610 245 305

185 305 336 354 Nunc
353 323 558 371 quoque
575 326 674 356 non
692 310 856 358 luctor
871 311 934 359 de
952 313 1153 361 nomine
1165 321 1266 361 tem
1275 315 1408 379 poris
1425 317 1598 380 hujus:

249 385 509 443 Blandior,
539 394 590 434 et
608 395 778 451 partes
804 405 950 452 paene
975 392 1199 453 rogantis
1226 409 1351 456 ago3
1533 400 1597 444 70

182 462 417 527 Remque
444 465 541 512 mei
568 466 697 528 juris
725 467 895 514 malim
923 469 1151 517 tenuisse
1176 472 1461 534 precando:

249 540 316 588 Et
339 541 508 590 faveas
536 560 702 591 causae
727 544 936 592 forsitan
962 546 1073 610 ipse
1101 563 1242 596 meae.

176 618 347 667 Aurea
372 621 600 684 possedit
626 622 763 670 socio
792 622 1048 687 Capitolia
1074 626 1268 689 templo

245 697 444 754 Mater;
488 706 555 755 et,
583 707 639 747 ut
663 700 834 755 debet,
862 717 979 748 cum
1005 700 1132 751 Jove
1154 719 1353 750 summa
1379 711 1537 752 tenet.

172 773 243 822 At
267 775 423 824 decus
450 793 599 825 omne
625 777 746 824 mihi
772 779 1022 842 contingit
1046 780 1238 843 origine
1266 782 1484 839 mensis3
1528 787 1591 832 75

245 854 440 902 Unicus
467 863 562 911 est,
590 857 653 904 de
679 873 780 920 quo
807 858 1152 915 sollicitamur,
1183 860 1356 908 honor.

175 931 310 987 Quid
332 949 497 996 grave,
527 934 567 981 si
595 935 799 982 titulum
827 935 1033 993 mensiS,
1064 936 1312 996 Romane,
1342 938 1559 987 dedistis

244 1010 481 1059 Herculis
507 1014 671 1069 uxori,
700 1014 1080 1078 posteritasque
1108 1016 1336 1063 memor?

175 1087 300 1136 Haec
320 1106 525 1154 quoque
542 1099 676 1138 terra
687 1091 879 1155 aliquid
895 1092 1051 1140 debet
1069 1093 1189 1139 mihi
1208 1093 1411 1141 nomine
1428 1094 1596 1157 magni

242 1167 516 1232 Conjugis3
554 1169 652 1217 huc
679 1177 856 1233 captas
879 1171 1077 1234 adpulit
1102 1171 1187 1219 ille
1214 1171 1387 1219 boves.
1532 1175 1595 1219 80

173 1244 271 1293 Hic
299 1247 429 1294 male
455 1247 696 1295 defensus
724 1249 942 1296 flammis
968 1257 1019 1297 et
1043 1250 1164 1297 dote
1193 1257 1407 1314 paterna

241 1324 410 1372 Cacus
438 1325 743 1374 Aventinam
771 1327 1017 1389 sanguine
1043 1327 1197 1374 tinxit
1224 1328 1433 1374 humum
1455 1345 1464 1375 :

168 1402 249 1449 Ad
276 1403 513 1467 propiora
534 1421 710 1462 vocor;
754 1405 1001 1469 populum
1027 1405 1243 1469 digessit
1264 1406 1327 1453 ab
1356 1406 1501 1453 annis

240 1479 507 1538 Romulus,
536 1483 586 1529 in
612 1489 783 1547 partes
810 1483 1173 1547 distribuitque
1199 1484 1355 1540 duas;

169 1546 294 1596 Haec
321 1549 440 1597 dare
467 1550 752 1608 consilium,
776 1568 1004 1615 pugnare
1031 1551 1250 1616 paratior
1275 1551 1361 1599 illa
1386 1559 1492 1600 est:
1530 1556 1592 1600 85

238 1625 364 1674 Haec
393 1634 517 1676 aetas
543 1629 733 1676 bellum
762 1629 961 1686 suadet,
991 1637 1042 1676 at
1068 1629 1153 1676 illa
1173 1630 1318 1692 gerit.

168 1704 255 1752 Sic
281 1707 473 1761 statuit,
503 1723 807 1770 mensesque
834 1715 954 1754 nota
979 1707 1196 1755 secrevit
1221 1707 1432 1765 eadem3

234 1782 418 1831 Junius
445 1791 523 1831 est
542 1786 803 1848 juvenum,
833 1784 920 1849 qui
946 1784 1042 1831 fuit
1068 1792 1201 1842 ante,
1231 1801 1428 1834 senum.

209 1883 350 1913 73—76.
382 1882 618 1924 Argumentum
648 1885 689 1914 ab
719 1895 812 1925 aequo
831 1897 837 1915 :

165 1932 258 1964 matri
283 1934 359 1964 satis
383 1933 550 1975 dignitatis
573 1940 642 1973 est3
661 1946 723 1965 non
743 1935 840 1966 debet

163 1982 237 2014 filiae
263 1982 408 2020 unicum,
433 1994 528 2025 quem
555 1984 665 2021 habet,
688 1985 839 2017 honorem

162 2033 294 2075 eripere.
342 2034 500 2065 Possidere
525 2040 572 2065 est
595 2045 763 2077 occupare,
781 2036 839 2066 sibi

161 2081 336 2114 vindicare.
386 2083 549 2123 Capitolia,
577 2084 686 2115 sedem
715 2084 839 2127 imperii

161 2132 312 2169 Romani,
328 2139 426 2176 caput
449 2134 533 2165 orbis
553 2139 718 2171 terrarum,
736 2145 838 2176 eaque

162 2194 268 2220 aurea,
281 2188 370 2214 tanto
386 2191 497 2215 ornatu
515 2184 684 2225 fulgentia.
719 2186 838 2216 Soc-ium

160 2234 305 2273 templum
335 2244 398 2264 non
428 2240 476 2265 est
513 2235 669 2276 templum
702 2235 838 2266 junonis

161 2283 315 2319 Monetae,
331 2283 387 2314 sed
404 2283 519 2314 laevum
537 2284 703 2316 delubrum
721 2285 751 2315 in
769 2285 836 2327 ipso

161 2332 340 2375 Capitoli03
367 2333 449 2365 illud
466 2334 551 2365 enim
566 2336 680 2365 socium
696 2335 760 2366 dici
775 2346 836 2366 non

160 2388 296 2425 poterat.
337 2384 466 2426 Origine
484 2387 603 2422 mensis,
619 2386 705 2427 quod
722 2396 835 2416 nomen

162 2432 279 2464 mensis
300 2444 319 2464 a
345 2433 515 2475 juvenibus
539 2435 691 2476 originem
718 2435 834 2466 habet:

160 2483 214 2525 qui
231 2482 328 2514 honor
344 2483 425 2514 adeo
440 2494 491 2514 me
507 2495 646 2526 quoque,
657 2484 836 2526 juventutis

158 2533 265 2569 deam,
281 2533 394 2575 tangit.
433 2534 569 2565 Lenzius
591 2536 717 2565 unicum
734 2534 836 2577 expli-

159 2588 224 2618 cat,
243 2582 299 2624 qui
322 2583 416 2614 unice
442 2583 482 2614 ad
508 2594 558 2614 me
585 2583 740 2626 pertinet3
768 2595 836 2615 ma-

159 2631 227 2668 lim,
244 2643 307 2663 non
323 2633 383 2663 nisi
396 2644 476 2664 unus
491 2633 592 2664 honor
600 2633 677 2664 mihi
691 2633 835 2675 contigit,

159 2687 192 2713 et
208 2682 259 2713 hic
278 2694 358 2714 unus
370 2682 447 2713 mihi
463 2682 607 2725 eripitur.

204 2732 345 2763 77—82.
370 2732 519 2764 Herculis
540 2732 580 2764 de
600 2733 692 2763 Latio
712 2732 836 2765 merita.

161 2781 264 2812 Grave
290 2781 341 2812 vel
367 2792 531 2824 magnum,
556 2782 606 2813 vel
631 2782 833 2814 invidiosum.

205 2831 306 2861 VOL.
325 2832 368 2862 V.

914 1883 1054 1914 Titulum
1071 1887 1181 1915 mensis
1197 1884 1295 1915 alicui
1312 1886 1397 1921 dure,
1415 1885 1454 1916 ab
1473 1885 1591 1928 aliquo,

911 1940 967 1964 aut
990 1932 1022 1963 in
1045 1933 1193 1964 honorem
1217 1933 1354 1975 alicujus
1373 1945 1514 1966 mensem
1535 1946 1591 1967 no—

911 1982 1031 2013 minare
1048 1995 1055 2021 ;
1080 1982 1125 2013 sic
1142 1982 1186 2013 iv.
1209 1984 1279 2014 115.
1296 1985 1388 2014 titulo
1403 1987 1511 2016 mensis
1525 1996 1589 2024 spo-

910 2034 999 2064 liare.
1047 2033 1098 2063 De
1120 2033 1270 2064 Herculis
1287 2033 1426 2064 adventu
1444 2035 1477 2065 in
1493 2035 1590 2066 Italia

910 2088 942 2112 et
956 2093 1066 2124 pugna
1081 2092 1152 2113 cum
1173 2083 1252 2113 Caco
1263 2082 1284 2113 i.
1296 2084 1360 2113 543
1374 2095 1382 2121 3
1396 2089 1427 2114 et
1439 2083 1479 2114 de
1496 2083 1590 2126 hujus

910 2134 978 2163 dote
992 2138 1124 2172 paterna
1141 2142 1205 2163 ver.
1222 2132 1298 2163 571.

954 2183 1009 2212 83.
1037 2183 1188 2222 Propiora
1202 2193 1279 2213 sane
1295 2182 1363 2213 haec
1382 2189 1475 2222 sunt;
1493 2194 1587 2225 supe-

910 2231 991 2263 riora
1021 2233 1172 2274 figmento
1206 2231 1253 2262 illi
1281 2232 1367 2268 data,
1398 2243 1461 2273 quo
1492 2233 1587 2265 Hebe

909 2291 1041 2312 causam
1067 2292 1165 2323 agens
1194 2281 1366 2312 inducitur.
1413 2283 1460 2312 Ab
1484 2285 1586 2319 atmiis,

909 2330 966 2368 ita,
977 2338 1013 2362 ut
1029 2342 1140 2367 annos,
1154 2336 1282 2362 aetatem
1298 2331 1488 2374 respiceret3
1512 2342 1588 2364 con—

909 2381 954 2412 fer
970 2392 1042 2413 eum
1059 2382 1109 2412 his
1125 2393 1158 2412 v.
1175 2382 1217 2413 59
1234 2392 1304 2423 sqq.
1353 2382 1448 2418 Nota,
1465 2393 1586 2419 norma,

906 2442 1020 2474 nempe
1033 2438 1126 2463 aetas.
1174 2431 1234 2462 His
1249 2431 1346 2462 dictis
1359 2432 1515 2463 ambabus
1531 2443 1585 2464 ex-

906 2481 981 2513 arsit
1002 2481 1143 2512 studium
1165 2480 1322 2512 certandi.
1371 2481 1586 2519 Dissimulare,

905 2532 1080 2567 occultare,
1098 2537 1134 2562 ut
1155 2542 1218 2561 non
1239 2541 1308 2561 esse
1325 2530 1482 2562 videatur.
1520 2531 1584 2562 Ita-

906 2591 969 2622 que
986 2581 1045 2612 hoc
1061 2581 1131 2612 loco
1144 2581 1246 2623 pietas
1264 2580 1373 2611 matris
1388 2579 1421 2611 in
1437 2580 1536 2611 filiam
1553 2589 1585 2610 et

905 2630 978 2661 filiae
991 2630 1023 2661 in
1036 2636 1168 2661 matrem
1185 2630 1270 2661 victa
1289 2635 1373 2660 esset
1389 2629 1430 2660 ad
1448 2636 1584 2671 tempus,

906 2680 937 2711 ni
951 2680 1133 2712 Concordia
1147 2679 1380 2712 intervenisset.
1412 2678 1582 2720 Ingeniose

906 2729 957 2760 hic
974 2730 1131 2760 adventus
1147 2729 1250 2760 fictus.

1039 2835 1064 2864 l‘.
1089 2846 1100 2865 ιΔ
