1809 3220
218 188 301 230 178

619 187 668 227 Ρ.
704 184 920 227 OVIDII
958 184 1244 227 NASONIS

224 304 332 352 Nec
358 302 447 350 tibi
476 303 540 349 sit
564 301 745 348 mirum
774 301 928 348 Graio
955 317 1058 348 rem
1086 301 1286 348 nomine
1312 300 1411 347 dici
1435 317 1445 347 :

290 381 419 428 Itala
444 395 560 427 nam
585 379 736 427 tellus
765 379 966 426 Graecia
990 381 1148 443 major
1173 386 1297 427 erat.

222 459 443 507 Venerat
470 457 704 504 Evander
730 457 879 521 plena
905 473 1020 504 cum
1048 458 1211 504 classe
1240 472 1442 504 suorum
1466 473 1476 511 ;

1574 457 1637 502 65

291 536 514 584 Venerat
539 534 746 582 Alcides
769 554 778 591 ;
822 534 1007 582 Graius
1034 542 1247 598 uterque
1273 551 1450 597 genus,

226 614 428 678 Hospes
456 613 720 660 Aventinis
747 621 1029 660 armentum
1056 613 1195 676 pavit
1221 613 1271 659 in
1296 612 1464 660 herbis

294 691 555 754 Claviger3
598 699 648 737 et
672 698 812 739 tanto
838 698 917 738 est
943 690 1131 738 Albula
1156 699 1277 755 pota
1304 690 1432 738 Deo.

227 770 347 817 Dux
364 785 570 833 quoque
589 768 838 816 Neritius:
862 776 1022 816 testes
1042 768 1394 833 Laestrygones
1405 773 1638 824 exstant3

294 848 376 903 Et,
400 848 535 910 quod
562 847 727 894 adhuc
757 847 933 894 Circes
959 847 1164 894 nomina
1188 847 1307 893 litus
1333 846 1503 894 habet.

1577 847 1641 891 70

229 924 295 972 Et
313 926 419 989 jam
446 924 708 988 Telegoni,
730 927 836 988 jam
863 925 1047 972 moenia
1071 923 1272 971 Tiburis
1297 924 1383 971 udi

296 1002 527 1057 Stabant,
557 1002 806 1065 Argolicae
833 1002 968 1065 quod
996 1018 1210 1066 posuere
1236 1018 1433 1048 manus.

226 1230 305 1261 tant,
322 1235 393 1255 cum
411 1223 637 1266 adspiratione,
653 1224 743 1265 quasi
758 1224 902 1266 Aprilem

230 1284 247 1304 a
264 1284 387 1315 spuma,
405 1284 500 1315 quam
521 1273 627 1304 Graeci
646 1279 759 1304 vocant
784 1273 902 1316 ἀφρόν,

228 1323 310 1354 unde
333 1329 402 1354 orta
430 1324 537 1354 Venus
561 1323 710 1353 creditur.
756 1325 798 1354 Et
821 1324 903 1354 lianc

232 1372 360 1403 Romuli
386 1379 530 1403 asserunt
556 1372 651 1403 fuisse
678 1373 844 1408 rationem,
869 1379 903 1403 ut

228 1422 363 1465 primuni
387 1423 516 1464 quidem
539 1433 678 1453 mensem
699 1433 717 1453 a
738 1429 827 1465 patre
848 1434 904 1455 suo

228 1472 346 1508 Marte,
377 1472 551 1502 secundum
586 1473 626 1503 ab
658 1473 769 1503 AEneae
806 1480 903 1504 matre

229 1521 354 1552 Venere
381 1521 568 1557 nominaret,
594 1528 626 1552 et
652 1522 682 1551 lii
707 1522 903 1563 potissimum

229 1571 304 1602 anni
343 1570 497 1613 principia
536 1577 708 1607 servarent,
737 1582 754 1602 a
791 1572 906 1613 quibus

232 1627 316 1651 esset
331 1620 466 1651 nominis
478 1621 617 1651 Romani
633 1620 756 1661 origo.''

276 1670 329 1700 64.
354 1670 427 1700 Non
451 1672 551 1700 omnis
571 1670 677 1706 Italia,
694 1670 748 1701 sed
769 1670 838 1712 ejus
853 1681 907 1702 ora

234 1719 354 1750 Groecia
371 1722 479 1759 major,
495 1719 564 1750 scil.
580 1731 692 1761 magna
708 1718 806 1756 (licta,
823 1731 905 1761 quae,

230 1779 248 1799 a
272 1769 392 1800 colonis
415 1768 540 1800 Graecis
564 1775 730 1812 occupata,
757 1770 906 1812 amplitu-

229 1819 303 1850 dine
327 1818 477 1855 Hellada,
501 1819 571 1849 scil.
598 1819 757 1850 Graeciam
781 1820 905 1862 proprie

229 1869 274 1899 sic
301 1869 433 1906 dictam,
463 1870 647 1911 superabat.
694 1870 745 1901 De
776 1869 906 1901 coloniis

231 1919 354 1950 Graecis
370 1919 403 1948 in
420 1929 491 1950 earn
509 1919 610 1950 Italiae
627 1925 749 1961 partem
761 1919 907 1950 deductis

231 1968 303 1999 vide
319 1969 438 2010 Heynii
462 1969 664 1999 Prolusiones
680 1980 733 1999 xv.
752 1969 782 1999 iu
800 1970 905 2010 Opus-

231 2016 312 2048 culis
324 2017 427 2047 Acad.
440 2017 505 2047 vol.
519 2017 552 2047 ii.
598 2017 660 2048 Sed
677 2018 812 2048 Ovidius
825 2018 906 2048 viros

231 2071 357 2097 tantum
395 2065 548 2107 quosdam
579 2066 730 2107 insignes,
763 2077 782 2096 a
806 2067 907 2108 poetis

232 2114 422 2151 celebratos,
439 2122 603 2145 memorat.
651 2116 702 2146 De
720 2116 860 2146 Evandri
875 2122 907 2146 et

234 2164 380 2195 Herculis
402 2163 541 2195 adventu
565 2164 636 2195 vide
658 2164 681 2194 i.
698 2165 762 2195 470
781 2176 861 2206 sqq;
885 2164 906 2196 i.

232 2215 318 2252 543;
342 2225 373 2244 v.
389 2214 465 2244 643.
507 2214 652 2244 Evander
667 2214 834 2255 sexaginta
851 2225 906 2245 an-

232 2274 289 2294 nos
309 2270 382 2294 ante
405 2264 526 2294 bellum
551 2263 721 2305 Trojanum
742 2264 906 2295 Arcadum

233 2312 389 2343 coloniam
416 2312 449 2343 in
479 2313 605 2344 Latium
642 2313 787 2350 deduxit,
817 2313 905 2355 oppi-

234 2362 374 2403 dumque
397 2362 430 2392 in
455 2362 604 2393 Palatino
625 2369 729 2393 monte
749 2362 907 2401 condidit3

233 2411 408 2453 Dionysius
424 2412 531 2443 Halic.
546 2412 570 2442 i.
588 2413 607 2442 3
618 2413 642 2443 Ι.
681 2412 832 2443 Hercules
847 2423 908 2443 non

235 2460 280 2492 ibi
304 2460 458 2496 consedit,
482 2466 604 2491 tantum
630 2461 726 2492 boves
753 2462 909 2503 Geryonis

235 2520 291 2552 per
316 2509 374 2540 illa
403 2510 473 2540 loca
501 2509 576 2551 egit.
623 2511 778 2545 Albulam,
808 2510 909 2541 scilic.

235 2560 375 2591 Tiberim
398 2561 480 2601 (ver.
502 2561 573 2597 48.)
594 2567 764 2590 armentum
789 2571 852 2602 prae
875 2571 908 2591 se

238 2619 336 2651 agens
350 2609 456 2640 nando
472 2609 605 2650 trajecit,
618 2609 751 2650 locoque
767 2609 909 2646 herbido,

237 2664 272 2690 ut
300 2659 398 2690 boves
422 2660 535 2699 pabulo
559 2658 632 2689 laeto
657 2659 810 2695 reficeret,
837 2670 908 2701 pro-

238 2709 366 2747 cubuit3
391 2707 510 2744 Livius,
527 2709 550 2738 i.
568 2709 596 2740 7.

282 2759 334 2789 69.
368 2758 520 2795 Neritius,
554 2757 700 2798 Ulysses,
732 2769 751 2788 a
789 2757 908 2793 Nerito,

973 1229 1079 1253 monte
1107 1223 1238 1258 hhacae,
1267 1233 1284 1253 a
1311 1233 1373 1264 quo
1394 1229 1426 1253 et
1452 1227 1517 1253 tota
1542 1222 1645 1253 insula

972 1274 1079 1311 dicta3
1104 1274 1273 1307 Homerus,
1302 1273 1364 1303 Od.
1391 1273 1432 1303 ix.
1456 1273 1509 1303 22.
1555 1272 1587 1303 Is
1613 1278 1645 1302 et

973 1323 1012 1353 ad
1035 1323 1258 1363 Laestwygonus,
1284 1322 1441 1363 Gigantes
1464 1329 1497 1353 et
1519 1321 1645 1353 Andro-

972 1372 1251 1414 pliagos,Formias
1261 1371 1446 1413 Campaniae
1458 1371 1646 1407 incolentes,

972 1422 1129 1463 pervenit,
1158 1427 1253 1463 atque
1280 1431 1317 1452 ex
1348 1420 1441 1452 sociis
1470 1421 1538 1462 cjus
1566 1431 1655 1455 unus,

973 1471 1142 1502 devoratus
1180 1476 1227 1501 est
1265 1471 1304 1501 ab
1338 1469 1514 1512 Antiphate
1552 1480 1647 1511 rege;

973 1522 1141 1557 Homerus,
1177 1520 1243 1551 Od.
1274 1532 1307 1551 x.
1351 1520 1412 1550 120
1440 1530 1524 1561 sqq3
1564 1519 1648 1550 conf.

974 1571 1058 1601 Met.
1075 1570 1140 1601 xiv.
1158 1571 1222 1601 233
1240 1581 1310 1612 sqq.
1336 1571 1458 1606 Circen,
1474 1570 1579 1600 AEetae
1597 1579 1647 1600 so-

974 1630 1098 1656 rorem;
1122 1620 1291 1655 Homerus,
1319 1618 1383 1649 Od.
1404 1629 1436 1648 x.
1463 1619 1535 1649 135.
1554 1618 1648 1660 juxta

976 1670 1050 1701 litus
1071 1671 1175 1701 Italiae
1199 1670 1347 1705 collocat,
1370 1670 1423 1701 ubi
1444 1675 1556 1711 postea
1577 1669 1648 1700 Cir·

975 1731 1066 1751 caeum
1089 1720 1348 1763 promontorium.
1395 1719 1444 1750 Ea
1466 1729 1504 1750 ex
1525 1718 1649 1760 Ulyssis

976 1771 1068 1800 sociis
1079 1769 1233 1812 quosdam
1250 1770 1283 1801 in
1299 1780 1371 1801 sues
1386 1768 1532 1800 mutavit.
1556 1767 1651 1799 Conf.

976 1819 1112 1850 Metam.
1128 1819 1194 1850 xiv.
1212 1820 1290 1849 244.

1021 1869 1073 1901 71.
1097 1869 1249 1900 Omnium
1279 1879 1376 1911 prope
1405 1868 1529 1900 urbium
1557 1867 1648 1899 Itali-

976 1930 1083 1950 carum
1104 1919 1241 1960 origines
1265 1919 1403 1950 Romani
1424 1919 1610 1961 repetebant
1630 1929 1647 1950 a

977 1968 1108 2000 Graecis.
1155 1968 1206 1999 Ad
1248 1968 1442 2009 Telegonum,
1472 1968 1598 2009 Ulyssis
1633 1978 1651 1999 a

976 2018 1070 2049 Circe
1085 2017 1198 2053 filium,
1213 2017 1343 2048 Tusculi
1356 2016 1447 2048 initia
1462 2017 1651 2049 referebant.

975 2069 1008 2098 Is
1027 2067 1175 2098 Ithacam
1197 2067 1299 2110 petiit,
1320 2067 1388 2103 sed,
1409 2077 1507 2109 quum
1531 2067 1652 2098 inscius

975 2123 1096 2159 patrem
1123 2117 1304 2153 occidisset,
1331 2116 1430 2148 redux
1459 2116 1493 2147 in
1522 2116 1649 2148 Italiam

976 2167 1084 2198 urbem
1101 2166 1191 2197 illam
1213 2166 1375 2205 condiilit;
1403 2166 1563 2208 Hyginus,
1583 2166 1649 2198 fab.

979 2216 1050 2246 127.
1076 2216 1154 2246 Inde
1168 2216 1331 2252 Horatius,
1351 2216 1415 2246 III.
1425 2215 1489 2246 Od.
1506 2215 1595 2247 xxix.
1607 2216 1626 2246 8
1641 2228 1647 2246 :

979 2271 1000 2283 “
1014 2266 1166 2307 Telegoni
1177 2265 1341 2308 parricidae
1352 2265 1466 2307 juga‚''
1475 2265 1649 2299 Tusculum

975 2316 1008 2346 in
1023 2315 1104 2346 colle
1121 2315 1228 2346 situm.
1250 2314 1347 2356 Apud
1359 2313 1506 2345 eumdem
1522 2314 1586 2346 Od.
1601 2315 1651 2345 ΙΙ.

976 2365 1018 2395 vi.
1030 2367 1050 2396 5
1065 2377 1072 2395 ι
1098 2369 1118 2382 ‘¹
1131 2364 1231 2395 Tibur
1241 2364 1347 2405 Argeo
1358 2363 1496 2406 positum
1506 2363 1651 2395 colono.’'

977 2415 1102 2456 Nempe
1131 2413 1301 2450 Tiburnus,
1328 2413 1466 2446 Catillus
1494 2419 1528 2444 et
1552 2413 1651 2445 Coras

978 2464 1088 2495 fratres
1110 2474 1146 2494 eo
1161 2463 1366 2494 deduxerunt
1383 2463 1538 2494 coloniam
1554 2463 1651 2505 Argi-

978 2524 1110 2552 vorum;
1147 2512 1282 2549 Plinius,
1312 2512 1376 2545 xvi.
1407 2514 1470 2552 44;
1507 2512 1651 2555 Heynius

977 2566 1056 2595 Exc.
1087 2565 1117 2595 8.
1147 2563 1188 2594 ad
1218 2563 1295 2594 AEn.
1323 2563 1377 2593 vii.
1427 2562 1529 2593 Utinm
1556 2563 1652 2594 Tibur

977 2614 1072 2645 etiam
1104 2613 1266 2649 Horatius,
1296 2613 1363 2644 Od.
1402 2612 1467 2643 ΙΙΙ.
1505 2611 1592 2643 xxix.
1615 2613 1648 2644 6.

976 2669 1104 2706 propter
1119 2663 1289 2699 Anienem,
1307 2663 1389 2694 rivos
1406 2668 1438 2693 et
1459 2662 1582 2701 fontes3
1605 2661 1650 2693 ibi

976 2713 1071 2754 igitur
1103 2717 1136 2743 et
1170 2712 1268 2743 “uda
1303 2711 1474 2743 mobilibus
1511 2711 1652 2753 pomaria

977 2762 1085 2792 rivis.'’
1110 2761 1174 2792 Od.
1190 2761 1219 2791 Ι.
1237 2760 1291 2792 vii.
1311 2762 1361 2792 13.
