<?xml version="1.0" encoding="UTF-8"?>
<!DOCTYPE html PUBLIC "-//W3C//DTD XHTML 1.0 Transitional//EN"
    "http://www.w3.org/TR/xhtml1/DTD/xhtml1-transitional.dtd">
<html xmlns="http://www.w3.org/1999/xhtml" xml:lang="en" lang="en">
 <head>
  <title>
</title>
<meta http-equiv="Content-Type" content="text/html;charset=utf-8" />
  <meta name='ocr-system' content='tesseract 3.04.00' />
  <meta name='ocr-capabilities' content='ocr_page ocr_carea ocr_par ocr_line ocrx_word'/>
</head>
<body>
  <div class='ocr_page' id='page_1' title='image "./povidiinasonisop05oviduoft_0221.png"; bbox 0 0 1830 3220; ppageno 0'>
   <div class='ocr_carea' id='block_1_1' title="bbox 525 173 1137 216">
    <p class='ocr_par' dir='ltr' id='par_1_1' title="bbox 525 173 1137 216">
     <span class='ocr_line' id='line_1_1' title="bbox 525 173 1137 216; baseline 0 -2"><span class='ocrx_word' id='word_1_1' title='bbox 525 173 869 215; x_wconf 82' lang='lat' dir='ltr'><strong>FASTORUM</strong></span> <span class='ocrx_word' id='word_1_2' title='bbox 903 174 1022 216; x_wconf 79' lang='lat' dir='ltr'>LIB.</span> <span class='ocrx_word' id='word_1_3' title='bbox 1058 174 1137 216; x_wconf 91' lang='lat' dir='ltr'>IV.</span> 
     </span>
    </p>
   </div>
   <div class='ocr_carea' id='block_1_2' title="bbox 1467 176 1551 217">
    <p class='ocr_par' dir='ltr' id='par_1_2' title="bbox 1467 176 1551 217">
     <span class='ocr_line' id='line_1_2' title="bbox 1467 176 1551 217; baseline 0.012 -1"><span class='ocrx_word' id='word_1_4' title='bbox 1467 176 1551 217; x_wconf 78' lang='lat'>193</span> 
     </span>
    </p>
   </div>
   <div class='ocr_carea' id='block_1_3' title="bbox 147 287 1547 1201">
    <p class='ocr_par' dir='ltr' id='par_1_3' title="bbox 148 287 1543 429">
     <span class='ocr_line' id='line_1_3' title="bbox 148 287 1543 351; baseline 0.003 -17"><span class='ocrx_word' id='word_1_5' title='bbox 148 287 282 335; x_wconf 83' lang='lat' dir='ltr'>Mira</span> <span class='ocrx_word' id='word_1_6' title='bbox 306 304 511 336; x_wconf 85' lang='lat' dir='ltr'>canam:</span> <span class='ocrx_word' id='word_1_7' title='bbox 550 289 698 351; x_wconf 86' lang='lat' dir='ltr'>longo</span> <span class='ocrx_word' id='word_1_8' title='bbox 724 290 926 337; x_wconf 85' lang='lat' dir='ltr'>tremuit</span> <span class='ocrx_word' id='word_1_9' title='bbox 950 306 1064 337; x_wconf 87' lang='lat' dir='ltr'>cum</span> <span class='ocrx_word' id='word_1_10' title='bbox 1090 306 1342 338; x_wconf 85' lang='lat' dir='ltr'>murmure</span> <span class='ocrx_word' id='word_1_11' title='bbox 1367 291 1543 348; x_wconf 81' lang='lat' dir='ltr'>tellus3</span> 
     </span>
     <span class='ocr_line' id='line_1_4' title="bbox 216 364 1175 429; baseline 0.003 -17"><span class='ocrx_word' id='word_1_12' title='bbox 216 364 282 412; x_wconf 89' lang='lat' dir='ltr'>Et</span> <span class='ocrx_word' id='word_1_13' title='bbox 306 366 377 413; x_wconf 87' lang='lat' dir='ltr'>sic</span> <span class='ocrx_word' id='word_1_14' title='bbox 403 373 481 413; x_wconf 87' lang='lat' dir='ltr'>est</span> <span class='ocrx_word' id='word_1_15' title='bbox 504 365 671 429; x_wconf 82' lang='lat' dir='ltr'>adytis</span> <span class='ocrx_word' id='word_1_16' title='bbox 700 365 829 413; x_wconf 83' lang='lat' dir='ltr'>Diva</span> <span class='ocrx_word' id='word_1_17' title='bbox 852 367 1020 414; x_wconf 80' lang='lat' dir='ltr'>locuta</span> <span class='ocrx_word' id='word_1_18' title='bbox 1045 367 1175 414; x_wconf 91' lang='lat' dir='ltr'>suis:</span> 
     </span>
    </p>

    <p class='ocr_par' dir='ltr' id='par_1_4' title="bbox 147 442 1546 583">
     <span class='ocr_line' id='line_1_5' title="bbox 147 442 1446 506; baseline 0.003 -18"><span class='ocrx_word' id='word_1_19' title='bbox 147 442 267 505; x_wconf 85' lang='lat' dir='ltr'>Ipsa</span> <span class='ocrx_word' id='word_1_20' title='bbox 293 442 395 506; x_wconf 87' lang='lat' dir='ltr'>peti</span> <span class='ocrx_word' id='word_1_21' title='bbox 419 442 578 490; x_wconf 89' lang='lat' dir='ltr'>volui:</span> <span class='ocrx_word' id='word_1_22' title='bbox 618 459 680 490; x_wconf 89' lang='lat' dir='ltr'>ne</span> <span class='ocrx_word' id='word_1_23' title='bbox 708 443 771 490; x_wconf 89' lang='lat' dir='ltr'>sit</span> <span class='ocrx_word' id='word_1_24' title='bbox 796 460 960 497; x_wconf 82' lang='lat' dir='ltr'>mora;</span> <span class='ocrx_word' id='word_1_25' title='bbox 1002 444 1142 491; x_wconf 84' lang='lat' dir='ltr'>mitte</span> <span class='ocrx_word' id='word_1_26' title='bbox 1166 445 1446 492; x_wconf 86' lang='lat' dir='ltr'>volentem:</span> 
     </span>
     <span class='ocr_line' id='line_1_6' title="bbox 215 519 1546 583; baseline 0.002 -18"><span class='ocrx_word' id='word_1_27' title='bbox 215 519 410 582; x_wconf 85' lang='lat' dir='ltr'>Dignus</span> <span class='ocrx_word' id='word_1_28' title='bbox 437 519 600 566; x_wconf 84' lang='lat' dir='ltr'>Roma</span> <span class='ocrx_word' id='word_1_29' title='bbox 625 519 781 574; x_wconf 85' lang='lat' dir='ltr'>loeus,</span> <span class='ocrx_word' id='word_1_30' title='bbox 809 536 910 583; x_wconf 88' lang='lat' dir='ltr'>quo</span> <span class='ocrx_word' id='word_1_31' title='bbox 939 520 1077 567; x_wconf 90' lang='lat' dir='ltr'>Deus</span> <span class='ocrx_word' id='word_1_32' title='bbox 1104 521 1264 567; x_wconf 89' lang='lat' dir='ltr'>omnis</span> <span class='ocrx_word' id='word_1_33' title='bbox 1290 529 1387 569; x_wconf 86' lang='lat' dir='ltr'>eat.</span> <span class='ocrx_word' id='word_1_34' title='bbox 1449 524 1546 569; x_wconf 85' lang='lat'>270</span> 
     </span>
    </p>

    <p class='ocr_par' dir='ltr' id='par_1_5' title="bbox 147 595 1498 737">
     <span class='ocr_line' id='line_1_7' title="bbox 147 595 1368 659; baseline 0.002 -17"><span class='ocrx_word' id='word_1_35' title='bbox 147 595 239 643; x_wconf 92' lang='lat' dir='ltr'>Ille</span> <span class='ocrx_word' id='word_1_36' title='bbox 266 597 372 643; x_wconf 91' lang='lat' dir='ltr'>soni</span> <span class='ocrx_word' id='word_1_37' title='bbox 397 602 582 643; x_wconf 85' lang='lat' dir='ltr'>terrore</span> <span class='ocrx_word' id='word_1_38' title='bbox 608 612 812 659; x_wconf 80' lang='lat' dir='ltr'>pavenS,</span> <span class='ocrx_word' id='word_1_39' title='bbox 841 597 1183 654; x_wconf 80' lang='lat' dir='ltr'>Proficiscere,</span> <span class='ocrx_word' id='word_1_40' title='bbox 1212 599 1368 656; x_wconf 83' lang='lat' dir='ltr'>dixit3</span> 
     </span>
     <span class='ocr_line' id='line_1_8' title="bbox 213 673 1498 737; baseline 0.002 -18"><span class='ocrx_word' id='word_1_41' title='bbox 213 673 400 721; x_wconf 83' lang='lat' dir='ltr'>Nostra</span> <span class='ocrx_word' id='word_1_42' title='bbox 424 673 548 720; x_wconf 85' lang='lat' dir='ltr'>eris:</span> <span class='ocrx_word' id='word_1_43' title='bbox 589 673 638 719; x_wconf 91' lang='lat' dir='ltr'>in</span> <span class='ocrx_word' id='word_1_44' title='bbox 665 673 913 737; x_wconf 83' lang='lat' dir='ltr'>Phrygios</span> <span class='ocrx_word' id='word_1_45' title='bbox 942 675 1105 722; x_wconf 83' lang='lat' dir='ltr'>Roma</span> <span class='ocrx_word' id='word_1_46' title='bbox 1130 675 1338 722; x_wconf 82' lang='lat' dir='ltr'>refertur</span> <span class='ocrx_word' id='word_1_47' title='bbox 1364 692 1498 723; x_wconf 87' lang='lat' dir='ltr'>avos.</span> 
     </span>
    </p>

    <p class='ocr_par' dir='ltr' id='par_1_6' title="bbox 148 750 1398 893">
     <span class='ocr_line' id='line_1_9' title="bbox 148 750 1329 816; baseline 0.001 -19"><span class='ocrx_word' id='word_1_48' title='bbox 148 750 382 798; x_wconf 84' lang='lat' dir='ltr'>Protinus</span> <span class='ocrx_word' id='word_1_49' title='bbox 409 750 679 798; x_wconf 79' lang='lat' dir='ltr'>innumerae</span> <span class='ocrx_word' id='word_1_50' title='bbox 705 752 906 799; x_wconf 84' lang='lat' dir='ltr'>caedunt</span> <span class='ocrx_word' id='word_1_51' title='bbox 930 752 1104 816; x_wconf 85' lang='lat' dir='ltr'>pineta</span> <span class='ocrx_word' id='word_1_52' title='bbox 1128 768 1329 800; x_wconf 82' lang='lat' dir='ltr'>secures</span> 
     </span>
     <span class='ocr_line' id='line_1_10' title="bbox 215 828 1398 893; baseline 0.001 -18"><span class='ocrx_word' id='word_1_53' title='bbox 215 828 326 885; x_wconf 85' lang='lat' dir='ltr'>Illa,</span> <span class='ocrx_word' id='word_1_54' title='bbox 354 828 537 891; x_wconf 89' lang='lat' dir='ltr'>quibus</span> <span class='ocrx_word' id='word_1_55' title='bbox 563 828 760 891; x_wconf 79' lang='lat' dir='ltr'><strong>fugiens</strong></span> <span class='ocrx_word' id='word_1_56' title='bbox 789 829 965 893; x_wconf 83' lang='lat' dir='ltr'>Phryx</span> <span class='ocrx_word' id='word_1_57' title='bbox 992 830 1102 893; x_wconf 89' lang='lat' dir='ltr'>pius</span> <span class='ocrx_word' id='word_1_58' title='bbox 1131 846 1249 877; x_wconf 88' lang='lat' dir='ltr'>usus</span> <span class='ocrx_word' id='word_1_59' title='bbox 1276 836 1398 876; x_wconf 79' lang='lat' dir='ltr'>erat.</span> 
     </span>
    </p>

    <p class='ocr_par' dir='ltr' id='par_1_7' title="bbox 149 905 1547 1048">
     <span class='ocr_line' id='line_1_11' title="bbox 149 905 1547 970; baseline 0 -17"><span class='ocrx_word' id='word_1_60' title='bbox 149 905 291 953; x_wconf 91' lang='lat' dir='ltr'>Mille</span> <span class='ocrx_word' id='word_1_61' title='bbox 316 921 492 953; x_wconf 82' lang='lat' dir='ltr'>manus</span> <span class='ocrx_word' id='word_1_62' title='bbox 517 914 729 954; x_wconf 84' lang='lat' dir='ltr'>coeunt:</span> <span class='ocrx_word' id='word_1_63' title='bbox 773 913 823 954; x_wconf 82' lang='lat' dir='ltr'>et</span> <span class='ocrx_word' id='word_1_64' title='bbox 849 906 986 970; x_wconf 86' lang='lat' dir='ltr'>picta</span> <span class='ocrx_word' id='word_1_65' title='bbox 1009 906 1259 954; x_wconf 84' lang='lat' dir='ltr'>coloribus</span> <span class='ocrx_word' id='word_1_66' title='bbox 1284 906 1410 953; x_wconf 88' lang='lat' dir='ltr'>ustis</span> <span class='ocrx_word' id='word_1_67' title='bbox 1450 908 1547 953; x_wconf 84' lang='lat'>275</span> 
     </span>
     <span class='ocr_line' id='line_1_12' title="bbox 217 983 1377 1048; baseline 0.001 -18"><span class='ocrx_word' id='word_1_68' title='bbox 217 983 493 1030; x_wconf 88' lang='lat' dir='ltr'>Coelestum</span> <span class='ocrx_word' id='word_1_69' title='bbox 520 990 727 1031; x_wconf 86' lang='lat' dir='ltr'>matrem</span> <span class='ocrx_word' id='word_1_70' title='bbox 755 1000 975 1032; x_wconf 83' lang='lat' dir='ltr'>concava</span> <span class='ocrx_word' id='word_1_71' title='bbox 1000 984 1183 1048; x_wconf 85' lang='lat' dir='ltr'>puppis</span> <span class='ocrx_word' id='word_1_72' title='bbox 1210 984 1377 1031; x_wconf 85' lang='lat' dir='ltr'>habet.</span> 
     </span>
    </p>

    <p class='ocr_par' dir='ltr' id='par_1_8' title="bbox 151 1059 1329 1201">
     <span class='ocr_line' id='line_1_13' title="bbox 151 1059 1256 1124; baseline 0 -18"><span class='ocrx_word' id='word_1_73' title='bbox 151 1059 246 1107; x_wconf 83' lang='lat' dir='ltr'>Illa</span> <span class='ocrx_word' id='word_1_74' title='bbox 270 1060 346 1107; x_wconf 90' lang='lat' dir='ltr'>sui</span> <span class='ocrx_word' id='word_1_75' title='bbox 373 1076 461 1124; x_wconf 88' lang='lat' dir='ltr'>per</span> <span class='ocrx_word' id='word_1_76' title='bbox 477 1059 644 1123; x_wconf 78' lang='lat' dir='ltr'>‘aquas</span> <span class='ocrx_word' id='word_1_77' title='bbox 669 1059 825 1108; x_wconf 85' lang='lat' dir='ltr'>fertur</span> <span class='ocrx_word' id='word_1_78' title='bbox 850 1061 1101 1108; x_wconf 85' lang='lat' dir='ltr'>tutissima</span> <span class='ocrx_word' id='word_1_79' title='bbox 1124 1061 1256 1118; x_wconf 85' lang='lat' dir='ltr'>nati;</span> 
     </span>
     <span class='ocr_line' id='line_1_14' title="bbox 218 1137 1329 1201; baseline 0 -17"><span class='ocrx_word' id='word_1_80' title='bbox 218 1137 492 1201; x_wconf 82' lang='lat' dir='ltr'>Longaque</span> <span class='ocrx_word' id='word_1_81' title='bbox 519 1137 769 1200; x_wconf 84' lang='lat' dir='ltr'>Phryxeae</span> <span class='ocrx_word' id='word_1_82' title='bbox 796 1145 974 1200; x_wconf 81' lang='lat' dir='ltr'>stagna</span> <span class='ocrx_word' id='word_1_83' title='bbox 1000 1138 1180 1185; x_wconf 82' lang='lat' dir='ltr'>sororis</span> <span class='ocrx_word' id='word_1_84' title='bbox 1206 1138 1329 1194; x_wconf 85' lang='lat' dir='ltr'>adit;</span> 
     </span>
    </p>
   </div>
   <div class='ocr_carea' id='block_1_4' title="bbox 145 1295 822 2716">
    <p class='ocr_par' dir='ltr' id='par_1_9' title="bbox 145 1295 820 2028">
     <span class='ocr_line' id='line_1_15' title="bbox 146 1295 815 1332; baseline 0 -5"><span class='ocrx_word' id='word_1_85' title='bbox 146 1295 294 1327; x_wconf 86' lang='lat' dir='ltr'>Laevinus</span> <span class='ocrx_word' id='word_1_86' title='bbox 315 1295 499 1332; x_wconf 89' lang='lat' dir='ltr'>consularis,</span> <span class='ocrx_word' id='word_1_87' title='bbox 516 1297 564 1327; x_wconf 88' lang='lat' dir='ltr'>M.</span> <span class='ocrx_word' id='word_1_88' title='bbox 581 1295 729 1327; x_wconf 84' lang='lat' dir='ltr'>Caecilius</span> <span class='ocrx_word' id='word_1_89' title='bbox 744 1297 815 1327; x_wconf 87' lang='lat' dir='ltr'>Me-</span> 
     </span>
     <span class='ocr_line' id='line_1_16' title="bbox 145 1344 815 1387; baseline 0 -12"><span class='ocrx_word' id='word_1_90' title='bbox 145 1345 240 1375; x_wconf 84' lang='lat' dir='ltr'>tellus</span> <span class='ocrx_word' id='word_1_91' title='bbox 256 1345 428 1387; x_wconf 86' lang='lat' dir='ltr'>praetorius,</span> <span class='ocrx_word' id='word_1_92' title='bbox 445 1344 603 1387; x_wconf 87' lang='lat' dir='ltr'>Sulpicius</span> <span class='ocrx_word' id='word_1_93' title='bbox 619 1345 726 1376; x_wconf 81' lang='lat' dir='ltr'>Galba</span> <span class='ocrx_word' id='word_1_94' title='bbox 741 1345 815 1376; x_wconf 88' lang='lat' dir='ltr'>aedi-</span> 
     </span>
     <span class='ocr_line' id='line_1_17' title="bbox 146 1394 812 1436; baseline 0.002 -12"><span class='ocrx_word' id='word_1_95' title='bbox 146 1394 244 1430; x_wconf 89' lang='lat' dir='ltr'>litius,</span> <span class='ocrx_word' id='word_1_96' title='bbox 284 1400 316 1426; x_wconf 90' lang='lat' dir='ltr'>et</span> <span class='ocrx_word' id='word_1_97' title='bbox 353 1394 415 1426; x_wconf 92' lang='lat' dir='ltr'>duo</span> <span class='ocrx_word' id='word_1_98' title='bbox 454 1394 625 1436; x_wconf 89' lang='lat' dir='ltr'>quaestorii.</span> <span class='ocrx_word' id='word_1_99' title='bbox 675 1396 812 1431; x_wconf 72' lang='lat' dir='ltr'>Attalus,</span> 
     </span>
     <span class='ocr_line' id='line_1_18' title="bbox 146 1443 815 1486; baseline 0.003 -13"><span class='ocrx_word' id='word_1_100' title='bbox 146 1443 292 1484; x_wconf 84' lang='lat' dir='ltr'>Pergami</span> <span class='ocrx_word' id='word_1_101' title='bbox 322 1455 386 1479; x_wconf 90' lang='lat' dir='ltr'>rex,</span> <span class='ocrx_word' id='word_1_102' title='bbox 412 1454 547 1486; x_wconf 90' lang='lat' dir='ltr'>quocum</span> <span class='ocrx_word' id='word_1_103' title='bbox 577 1449 701 1486; x_wconf 91' lang='lat' dir='ltr'>propter</span> <span class='ocrx_word' id='word_1_104' title='bbox 730 1454 815 1475; x_wconf 90' lang='lat' dir='ltr'>com-</span> 
     </span>
     <span class='ocr_line' id='line_1_19' title="bbox 148 1493 814 1535; baseline 0 -11"><span class='ocrx_word' id='word_1_105' title='bbox 148 1503 242 1524; x_wconf 86' lang='lat' dir='ltr'>mune</span> <span class='ocrx_word' id='word_1_106' title='bbox 280 1493 430 1524; x_wconf 84' lang='lat' dir='ltr'>adversus</span> <span class='ocrx_word' id='word_1_107' title='bbox 468 1493 651 1535; x_wconf 85' lang='lat' dir='ltr'>Philippum</span> <span class='ocrx_word' id='word_1_108' title='bbox 695 1494 814 1525; x_wconf 89' lang='lat' dir='ltr'>bellum</span> 
     </span>
     <span class='ocr_line' id='line_1_20' title="bbox 148 1543 812 1585; baseline -0.002 -11"><span class='ocrx_word' id='word_1_109' title='bbox 148 1548 255 1585; x_wconf 81' lang='lat' dir='ltr'>coepta</span> <span class='ocrx_word' id='word_1_110' title='bbox 283 1543 350 1585; x_wconf 89' lang='lat' dir='ltr'>jam</span> <span class='ocrx_word' id='word_1_111' title='bbox 379 1543 533 1574; x_wconf 85' lang='lat' dir='ltr'>Romanis</span> <span class='ocrx_word' id='word_1_112' title='bbox 562 1548 629 1574; x_wconf 85' lang='lat' dir='ltr'>erat</span> <span class='ocrx_word' id='word_1_113' title='bbox 661 1543 812 1579; x_wconf 86' lang='lat' dir='ltr'>amicitia,</span> 
     </span>
     <span class='ocr_line' id='line_1_21' title="bbox 148 1591 816 1634; baseline 0.001 -12"><span class='ocrx_word' id='word_1_114' title='bbox 148 1591 268 1633; x_wconf 80' lang='lat' dir='ltr'>legatos</span> <span class='ocrx_word' id='word_1_115' title='bbox 283 1591 412 1623; x_wconf 86' lang='lat' dir='ltr'>comiter</span> <span class='ocrx_word' id='word_1_116' title='bbox 431 1597 578 1634; x_wconf 84' lang='lat' dir='ltr'>acceptos</span> <span class='ocrx_word' id='word_1_117' title='bbox 594 1592 816 1623; x_wconf 69' lang='lat' dir='ltr'>Pessinuntem</span> 
     </span>
     <span class='ocr_line' id='line_1_22' title="bbox 148 1640 818 1683; baseline 0.001 -12"><span class='ocrx_word' id='word_1_118' title='bbox 148 1640 182 1671; x_wconf 87' lang='lat' dir='ltr'>in</span> <span class='ocrx_word' id='word_1_119' title='bbox 201 1641 371 1683; x_wconf 79' lang='lat' dir='ltr'>Phrygiam</span> <span class='ocrx_word' id='word_1_120' title='bbox 397 1640 541 1677; x_wconf 81' lang='lat' dir='ltr'>deduxit,</span> <span class='ocrx_word' id='word_1_121' title='bbox 568 1651 755 1683; x_wconf 89' lang='lat' dir='ltr'>sacrumque</span> <span class='ocrx_word' id='word_1_122' title='bbox 780 1640 818 1672; x_wconf 91' lang='lat' dir='ltr'>iis</span> 
     </span>
     <span class='ocr_line' id='line_1_23' title="bbox 149 1689 816 1732; baseline 0 -11"><span class='ocrx_word' id='word_1_123' title='bbox 149 1690 297 1732; x_wconf 82' lang='lat' dir='ltr'>lapidem,</span> <span class='ocrx_word' id='word_1_124' title='bbox 314 1701 408 1732; x_wconf 90' lang='lat' dir='ltr'>quem</span> <span class='ocrx_word' id='word_1_125' title='bbox 425 1691 562 1721; x_wconf 85' lang='lat' dir='ltr'>Matrem</span> <span class='ocrx_word' id='word_1_126' title='bbox 579 1689 685 1721; x_wconf 74' lang='lat' dir='ltr'>Defim</span> <span class='ocrx_word' id='word_1_127' title='bbox 706 1691 816 1722; x_wconf 83' lang='lat' dir='ltr'>incolae</span> 
     </span>
     <span class='ocr_line' id='line_1_24' title="bbox 149 1739 816 1782; baseline -0.001 -11"><span class='ocrx_word' id='word_1_128' title='bbox 149 1751 215 1772; x_wconf 88' lang='lat' dir='ltr'>esse</span> <span class='ocrx_word' id='word_1_129' title='bbox 231 1740 390 1777; x_wconf 85' lang='lat' dir='ltr'>dicebant,</span> <span class='ocrx_word' id='word_1_130' title='bbox 402 1740 549 1778; x_wconf 87' lang='lat' dir='ltr'>tradidit;</span> <span class='ocrx_word' id='word_1_131' title='bbox 566 1739 683 1771; x_wconf 88' lang='lat' dir='ltr'>Livius.</span> <span class='ocrx_word' id='word_1_132' title='bbox 716 1741 816 1782; x_wconf 80' lang='lat' dir='ltr'>Phry-</span> 
     </span>
     <span class='ocr_line' id='line_1_25' title="bbox 146 1789 817 1832; baseline -0.001 -12"><span class='ocrx_word' id='word_1_133' title='bbox 146 1792 231 1832; x_wconf 72' lang='lat' dir='ltr'>giam</span> <span class='ocrx_word' id='word_1_134' title='bbox 246 1789 362 1821; x_wconf 86' lang='lat' dir='ltr'>Noster</span> <span class='ocrx_word' id='word_1_135' title='bbox 383 1790 492 1821; x_wconf 86' lang='lat' dir='ltr'>latiore</span> <span class='ocrx_word' id='word_1_136' title='bbox 516 1800 608 1820; x_wconf 89' lang='lat' dir='ltr'>sensu</span> <span class='ocrx_word' id='word_1_137' title='bbox 629 1799 742 1831; x_wconf 90' lang='lat' dir='ltr'>ponere</span> <span class='ocrx_word' id='word_1_138' title='bbox 763 1800 817 1831; x_wconf 87' lang='lat' dir='ltr'>po·</span> 
     </span>
     <span class='ocr_line' id='line_1_26' title="bbox 149 1838 818 1880; baseline 0.001 -11"><span class='ocrx_word' id='word_1_139' title='bbox 149 1838 220 1875; x_wconf 84' lang='lat' dir='ltr'>tuit,</span> <span class='ocrx_word' id='word_1_140' title='bbox 237 1838 304 1874; x_wconf 90' lang='lat' dir='ltr'>sed,</span> <span class='ocrx_word' id='word_1_141' title='bbox 320 1849 416 1880; x_wconf 89' lang='lat' dir='ltr'>quum</span> <span class='ocrx_word' id='word_1_142' title='bbox 434 1838 578 1869; x_wconf 87' lang='lat' dir='ltr'>Attalum</span> <span class='ocrx_word' id='word_1_143' title='bbox 602 1849 666 1869; x_wconf 87' lang='lat' dir='ltr'>rem</span> <span class='ocrx_word' id='word_1_144' title='bbox 687 1849 818 1879; x_wconf 81' lang='lat' dir='ltr'>negasse</span> 
     </span>
     <span class='ocr_line' id='line_1_27' title="bbox 151 1887 820 1924; baseline 0 -6"><span class='ocrx_word' id='word_1_145' title='bbox 151 1887 305 1919; x_wconf 82' lang='lat' dir='ltr'>Romanis</span> <span class='ocrx_word' id='word_1_146' title='bbox 334 1888 388 1924; x_wconf 85' lang='lat' dir='ltr'>ait,</span> <span class='ocrx_word' id='word_1_147' title='bbox 413 1887 490 1918; x_wconf 85' lang='lat' dir='ltr'>alios</span> <span class='ocrx_word' id='word_1_148' title='bbox 519 1893 662 1918; x_wconf 87' lang='lat' dir='ltr'>auctores</span> <span class='ocrx_word' id='word_1_149' title='bbox 693 1893 820 1918; x_wconf 86' lang='lat' dir='ltr'>secutus</span> 
     </span>
     <span class='ocr_line' id='line_1_28' title="bbox 149 1936 819 1973; baseline -0.001 -5"><span class='ocrx_word' id='word_1_150' title='bbox 149 1944 207 1969; x_wconf 87' lang='lat' dir='ltr'>est.</span> <span class='ocrx_word' id='word_1_151' title='bbox 256 1937 326 1968; x_wconf 93' lang='lat' dir='ltr'>Nec</span> <span class='ocrx_word' id='word_1_152' title='bbox 348 1937 451 1973; x_wconf 88' lang='lat' dir='ltr'>miror,</span> <span class='ocrx_word' id='word_1_153' title='bbox 467 1936 652 1967; x_wconf 87' lang='lat' dir='ltr'>miraculum</span> <span class='ocrx_word' id='word_1_154' title='bbox 676 1937 714 1967; x_wconf 83' lang='lat' dir='ltr'>ab</span> <span class='ocrx_word' id='word_1_155' title='bbox 736 1947 771 1968; x_wconf 91' lang='lat' dir='ltr'>eo</span> <span class='ocrx_word' id='word_1_156' title='bbox 788 1937 819 1967; x_wconf 90' lang='lat' dir='ltr'>in</span> 
     </span>
     <span class='ocr_line' id='line_1_29' title="bbox 151 1986 592 2028; baseline 0 -12"><span class='ocrx_word' id='word_1_157' title='bbox 151 1987 210 2018; x_wconf 89' lang='lat' dir='ltr'>hac</span> <span class='ocrx_word' id='word_1_158' title='bbox 227 1986 402 2017; x_wconf 84' lang='lat' dir='ltr'>narratione</span> <span class='ocrx_word' id='word_1_159' title='bbox 417 1986 592 2028; x_wconf 75' lang='lat' dir='ltr'>praelatum.</span> 
     </span>
    </p>

    <p class='ocr_par' dir='ltr' id='par_1_10' title="bbox 150 2034 822 2716">
     <span class='ocr_line' id='line_1_30' title="bbox 194 2034 819 2077; baseline -0.002 -10"><span class='ocrx_word' id='word_1_160' title='bbox 194 2036 269 2067; x_wconf 83' lang='lat'>272.</span> <span class='ocrx_word' id='word_1_161' title='bbox 287 2036 401 2067; x_wconf 83' lang='lat' dir='ltr'>Nostra</span> <span class='ocrx_word' id='word_1_162' title='bbox 413 2037 482 2072; x_wconf 79' lang='lat' dir='ltr'>eris,</span> <span class='ocrx_word' id='word_1_163' title='bbox 493 2034 614 2066; x_wconf 88' lang='lat' dir='ltr'>scilicet</span> <span class='ocrx_word' id='word_1_164' title='bbox 625 2034 669 2066; x_wconf 90' lang='lat' dir='ltr'>sic</span> <span class='ocrx_word' id='word_1_165' title='bbox 682 2046 819 2077; x_wconf 81' lang='lat' dir='ltr'>quoque.</span> 
     </span>
     <span class='ocr_line' id='line_1_31' title="bbox 152 2084 821 2127; baseline 0 -11"><span class='ocrx_word' id='word_1_166' title='bbox 152 2085 247 2123; x_wconf 85' lang='lat' dir='ltr'>Quod</span> <span class='ocrx_word' id='word_1_167' title='bbox 271 2095 364 2127; x_wconf 85' lang='lat' dir='ltr'>supra</span> <span class='ocrx_word' id='word_1_168' title='bbox 394 2096 457 2116; x_wconf 90' lang='lat' dir='ltr'>ver.</span> <span class='ocrx_word' id='word_1_169' title='bbox 479 2086 520 2116; x_wconf 82' lang='lat'>32</span> <span class='ocrx_word' id='word_1_170' title='bbox 551 2095 622 2126; x_wconf 84' lang='lat' dir='ltr'>sqq.</span> <span class='ocrx_word' id='word_1_171' title='bbox 652 2084 772 2121; x_wconf 85' lang='lat' dir='ltr'>docuit,</span> <span class='ocrx_word' id='word_1_172' title='bbox 803 2096 821 2116; x_wconf 83' lang='lat' dir='ltr'>a</span> 
     </span>
     <span class='ocr_line' id='line_1_32' title="bbox 150 2135 821 2178; baseline 0 -12"><span class='ocrx_word' id='word_1_173' title='bbox 150 2135 328 2178; x_wconf 83' lang='lat' dir='ltr'>Phrygibus</span> <span class='ocrx_word' id='word_1_174' title='bbox 365 2135 517 2176; x_wconf 82' lang='lat' dir='ltr'>originem</span> <span class='ocrx_word' id='word_1_175' title='bbox 555 2145 644 2165; x_wconf 86' lang='lat' dir='ltr'>suam</span> <span class='ocrx_word' id='word_1_176' title='bbox 681 2141 821 2175; x_wconf 88' lang='lat' dir='ltr'>repetere</span> 
     </span>
     <span class='ocr_line' id='line_1_33' title="bbox 152 2183 819 2225; baseline -0.001 -9"><span class='ocrx_word' id='word_1_177' title='bbox 152 2185 300 2219; x_wconf 79' lang='lat' dir='ltr'>Romam,</span> <span class='ocrx_word' id='word_1_178' title='bbox 316 2184 348 2215; x_wconf 91' lang='lat' dir='ltr'>id</span> <span class='ocrx_word' id='word_1_179' title='bbox 364 2184 416 2215; x_wconf 87' lang='lat' dir='ltr'>hic</span> <span class='ocrx_word' id='word_1_180' title='bbox 433 2183 560 2225; x_wconf 88' lang='lat' dir='ltr'>repetit.</span> <span class='ocrx_word' id='word_1_181' title='bbox 600 2183 702 2214; x_wconf 86' lang='lat' dir='ltr'>Etiam</span> <span class='ocrx_word' id='word_1_182' title='bbox 720 2184 819 2215; x_wconf 82' lang='lat' dir='ltr'>Hero-</span> 
     </span>
     <span class='ocr_line' id='line_1_34' title="bbox 151 2233 821 2274; baseline -0.003 -9"><span class='ocrx_word' id='word_1_183' title='bbox 151 2233 275 2270; x_wconf 88' lang='lat' dir='ltr'>dianus,</span> <span class='ocrx_word' id='word_1_184' title='bbox 300 2233 320 2264; x_wconf 91' lang='lat' dir='ltr'>i.</span> <span class='ocrx_word' id='word_1_185' title='bbox 347 2234 398 2264; x_wconf 87' lang='lat'>11.</span> <span class='ocrx_word' id='word_1_186' title='bbox 425 2233 479 2269; x_wconf 87' lang='lat' dir='ltr'>ait,</span> <span class='ocrx_word' id='word_1_187' title='bbox 505 2233 675 2268; x_wconf 84' lang='lat' dir='ltr'>Romanos,</span> <span class='ocrx_word' id='word_1_188' title='bbox 697 2239 821 2274; x_wconf 82' lang='lat' dir='ltr'>propter</span> 
     </span>
     <span class='ocr_line' id='line_1_35' title="bbox 152 2282 821 2326; baseline -0.006 -11"><span class='ocrx_word' id='word_1_189' title='bbox 152 2284 215 2322; x_wconf 82' lang='grc' dir='ltr'>τὴν</span> <span class='ocrx_word' id='word_1_190' title='bbox 238 2283 435 2326; x_wconf 76' lang='grc' dir='ltr'>συγγενείαν</span> <span class='ocrx_word' id='word_1_191' title='bbox 454 2284 508 2314; x_wconf 85' lang='grc' dir='ltr'>καὶ</span> <span class='ocrx_word' id='word_1_192' title='bbox 528 2283 592 2321; x_wconf 85' lang='grc' dir='ltr'>τὴν</span> <span class='ocrx_word' id='word_1_193' title='bbox 610 2282 668 2313; x_wconf 78' lang='grc' dir='ltr'>ἀπ’</span> <span class='ocrx_word' id='word_1_194' title='bbox 689 2282 821 2314; x_wconf 76' lang='grc' dir='ltr'>Αἰνείου</span> 
     </span>
     <span class='ocr_line' id='line_1_36' title="bbox 151 2329 819 2374; baseline -0.003 -10"><span class='ocrx_word' id='word_1_195' title='bbox 151 2334 208 2364; x_wconf 68' lang='grc' dir='ltr'>τοῦ</span> <span class='ocrx_word' id='word_1_196' title='bbox 241 2333 372 2374; x_wconf 85' lang='grc' dir='ltr'>Φρυγὸς</span> <span class='ocrx_word' id='word_1_197' title='bbox 408 2331 454 2368; x_wconf 80' lang='grc' dir='ltr'>εἰς</span> <span class='ocrx_word' id='word_1_198' title='bbox 491 2331 612 2368; x_wconf 78' lang='grc' dir='ltr'><em>αὐτοὺς</em></span> <span class='ocrx_word' id='word_1_199' title='bbox 648 2329 819 2372; x_wconf 75' lang='grc' dir='ltr'>διαδοχὴν,</span> 
     </span>
     <span class='ocr_line' id='line_1_37' title="bbox 153 2379 820 2423; baseline -0.001 -12"><span class='ocrx_word' id='word_1_200' title='bbox 153 2379 246 2412; x_wconf 83' lang='lat' dir='ltr'>facile</span> <span class='ocrx_word' id='word_1_201' title='bbox 262 2381 444 2423; x_wconf 80' lang='lat' dir='ltr'>impetrasse</span> <span class='ocrx_word' id='word_1_202' title='bbox 459 2380 596 2421; x_wconf 84' lang='lat' dir='ltr'>Cybeles</span> <span class='ocrx_word' id='word_1_203' title='bbox 607 2379 820 2410; x_wconf 82' lang='lat' dir='ltr'>simulacrum.</span> 
     </span>
     <span class='ocr_line' id='line_1_38' title="bbox 151 2428 821 2460; baseline -0.003 0"><span class='ocrx_word' id='word_1_204' title='bbox 151 2429 331 2460; x_wconf 89' lang='lat' dir='ltr'>Secundum</span> <span class='ocrx_word' id='word_1_205' title='bbox 372 2428 494 2459; x_wconf 87' lang='lat' dir='ltr'>Livium</span> <span class='ocrx_word' id='word_1_206' title='bbox 534 2428 686 2459; x_wconf 74' lang='lat' dir='ltr'>Romame</span> <span class='ocrx_word' id='word_1_207' title='bbox 726 2438 821 2459; x_wconf 86' lang='lat' dir='ltr'>naves</span> 
     </span>
     <span class='ocr_line' id='line_1_39' title="bbox 155 2477 821 2516; baseline -0.002 -7"><span class='ocrx_word' id='word_1_208' title='bbox 155 2479 291 2509; x_wconf 77' lang='lat' dir='ltr'>Matrem</span> <span class='ocrx_word' id='word_1_209' title='bbox 332 2478 552 2516; x_wconf 79' lang='lat' dir='ltr'>deduxerunt3</span> <span class='ocrx_word' id='word_1_210' title='bbox 595 2477 649 2508; x_wconf 87' lang='lat' dir='ltr'>sed</span> <span class='ocrx_word' id='word_1_211' title='bbox 689 2477 821 2508; x_wconf 87' lang='lat' dir='ltr'>Ovidius</span> 
     </span>
     <span class='ocr_line' id='line_1_40' title="bbox 153 2527 821 2559; baseline -0.001 -1"><span class='ocrx_word' id='word_1_212' title='bbox 153 2539 223 2559; x_wconf 88' lang='lat' dir='ltr'>eam</span> <span class='ocrx_word' id='word_1_213' title='bbox 236 2527 347 2558; x_wconf 82' lang='lat' dir='ltr'>maluit</span> <span class='ocrx_word' id='word_1_214' title='bbox 362 2538 425 2558; x_wconf 85' lang='lat' dir='ltr'>suae</span> <span class='ocrx_word' id='word_1_215' title='bbox 443 2527 559 2558; x_wconf 87' lang='lat' dir='ltr'>arboris</span> <span class='ocrx_word' id='word_1_216' title='bbox 573 2537 650 2557; x_wconf 88' lang='lat' dir='ltr'>nave</span> <span class='ocrx_word' id='word_1_217' title='bbox 667 2533 821 2558; x_wconf 86' lang='lat' dir='ltr'>avectam.</span> 
     </span>
     <span class='ocr_line' id='line_1_41' title="bbox 156 2576 821 2618; baseline 0 -11"><span class='ocrx_word' id='word_1_218' title='bbox 156 2576 311 2618; x_wconf 82' lang='lat' dir='ltr'>Respexit</span> <span class='ocrx_word' id='word_1_219' title='bbox 331 2582 435 2607; x_wconf 85' lang='lat' dir='ltr'>autem</span> <span class='ocrx_word' id='word_1_220' title='bbox 460 2577 535 2606; x_wconf 63' lang='lat' dir='ltr'>Ain.</span> <span class='ocrx_word' id='word_1_221' title='bbox 551 2576 596 2606; x_wconf 86' lang='lat' dir='ltr'>ix.</span> <span class='ocrx_word' id='word_1_222' title='bbox 616 2577 657 2606; x_wconf 78' lang='lat'>80</span> <span class='ocrx_word' id='word_1_223' title='bbox 677 2587 746 2617; x_wconf 84' lang='lat' dir='ltr'>sqq.</span> <span class='ocrx_word' id='word_1_224' title='bbox 768 2576 821 2607; x_wconf 89' lang='lat' dir='ltr'>ubi</span> 
     </span>
     <span class='ocr_line' id='line_1_42' title="bbox 157 2624 822 2667; baseline -0.002 -10"><span class='ocrx_word' id='word_1_225' title='bbox 157 2627 229 2657; x_wconf 90' lang='lat' dir='ltr'>Dea</span> <span class='ocrx_word' id='word_1_226' title='bbox 250 2627 372 2662; x_wconf 82' lang='lat' dir='ltr'>AEneae,</span> <span class='ocrx_word' id='word_1_227' title='bbox 392 2626 511 2667; x_wconf 76' lang='lat' dir='ltr'>Phrygi</span> <span class='ocrx_word' id='word_1_228' title='bbox 526 2627 586 2665; x_wconf 83' lang='lat' dir='ltr'>pio,</span> <span class='ocrx_word' id='word_1_229' title='bbox 605 2636 701 2667; x_wconf 85' lang='lat' dir='ltr'>quum</span> <span class='ocrx_word' id='word_1_230' title='bbox 722 2624 822 2656; x_wconf 85' lang='lat' dir='ltr'>classe</span> 
     </span>
     <span class='ocr_line' id='line_1_43' title="bbox 159 2673 822 2716; baseline 0 -12"><span class='ocrx_word' id='word_1_231' title='bbox 159 2673 327 2716; x_wconf 84' lang='lat' dir='ltr'>indigeret,</span> <span class='ocrx_word' id='word_1_232' title='bbox 347 2674 471 2716; x_wconf 86' lang='lat' dir='ltr'>pineam</span> <span class='ocrx_word' id='word_1_233' title='bbox 493 2673 603 2705; x_wconf 86' lang='lat' dir='ltr'>silvam</span> <span class='ocrx_word' id='word_1_234' title='bbox 624 2674 681 2705; x_wconf 89' lang='lat' dir='ltr'>sibi</span> <span class='ocrx_word' id='word_1_235' title='bbox 702 2684 822 2705; x_wconf 84' lang='lat' dir='ltr'>sacram</span> 
     </span>
    </p>
   </div>
   <div class='ocr_carea' id='block_1_5' title="bbox 156 2723 825 2804">
    <p class='ocr_par' dir='ltr' id='par_1_11' title="bbox 156 2723 825 2804">
     <span class='ocr_line' id='line_1_44' title="bbox 156 2723 825 2765; baseline 0 -11"><span class='ocrx_word' id='word_1_236' title='bbox 156 2723 259 2759; x_wconf 85' lang='lat' dir='ltr'>dedit,</span> <span class='ocrx_word' id='word_1_237' title='bbox 289 2724 400 2754; x_wconf 80' lang='lat' dir='ltr'>Jovem</span> <span class='ocrx_word' id='word_1_238' title='bbox 431 2729 572 2765; x_wconf 83' lang='lat' dir='ltr'>precata,</span> <span class='ocrx_word' id='word_1_239' title='bbox 603 2729 638 2754; x_wconf 80' lang='lat' dir='ltr'>ut</span> <span class='ocrx_word' id='word_1_240' title='bbox 665 2734 703 2754; x_wconf 91' lang='lat' dir='ltr'>ne</span> <span class='ocrx_word' id='word_1_241' title='bbox 732 2733 825 2754; x_wconf 88' lang='lat' dir='ltr'>naves</span> 
     </span>
     <span class='ocr_line' id='line_1_45' title="bbox 206 2773 366 2804; baseline -0.013 0"><span class='ocrx_word' id='word_1_242' title='bbox 206 2773 307 2804; x_wconf 87' lang='lat' dir='ltr'>VOL.</span> <span class='ocrx_word' id='word_1_243' title='bbox 327 2773 366 2803; x_wconf 80' lang='lat' dir='ltr'>V.</span> 
     </span>
    </p>
   </div>
   <div class='ocr_carea' id='block_1_6' title="bbox 884 1295 1557 2717">
    <p class='ocr_par' dir='ltr' id='par_1_12' title="bbox 884 1295 1557 2323">
     <span class='ocr_line' id='line_1_46' title="bbox 885 1295 1551 1334; baseline -0.002 -7"><span class='ocrx_word' id='word_1_244' title='bbox 885 1297 958 1329; x_wconf 89' lang='lat' dir='ltr'>inde</span> <span class='ocrx_word' id='word_1_245' title='bbox 994 1297 1086 1328; x_wconf 86' lang='lat' dir='ltr'>factae</span> <span class='ocrx_word' id='word_1_246' title='bbox 1115 1303 1207 1328; x_wconf 90' lang='lat' dir='ltr'>vento</span> <span class='ocrx_word' id='word_1_247' title='bbox 1236 1296 1302 1328; x_wconf 83' lang='lat' dir='ltr'>ullo</span> <span class='ocrx_word' id='word_1_248' title='bbox 1331 1295 1551 1334; x_wconf 68' lang='lat' dir='ltr'>vincerentur,</span> 
     </span>
     <span class='ocr_line' id='line_1_47' title="bbox 884 1346 1549 1388; baseline -0.003 -10"><span class='ocrx_word' id='word_1_249' title='bbox 884 1347 969 1378; x_wconf 85' lang='lat' dir='ltr'>conf.</span> <span class='ocrx_word' id='word_1_250' title='bbox 988 1348 1122 1378; x_wconf 88' lang='lat' dir='ltr'>Metam.</span> <span class='ocrx_word' id='word_1_251' title='bbox 1138 1347 1206 1377; x_wconf 83' lang='lat' dir='ltr'>xiii.</span> <span class='ocrx_word' id='word_1_252' title='bbox 1223 1348 1300 1378; x_wconf 87' lang='lat'>535.</span> <span class='ocrx_word' id='word_1_253' title='bbox 1333 1347 1374 1376; x_wconf 89' lang='lat' dir='ltr'>Et</span> <span class='ocrx_word' id='word_1_254' title='bbox 1389 1346 1449 1377; x_wconf 88' lang='lat' dir='ltr'>Ida</span> <span class='ocrx_word' id='word_1_255' title='bbox 1463 1357 1549 1388; x_wconf 88' lang='lat' dir='ltr'>mag-</span> 
     </span>
     <span class='ocr_line' id='line_1_48' title="bbox 884 1395 1553 1437; baseline -0.001 -11"><span class='ocrx_word' id='word_1_256' title='bbox 884 1407 959 1427; x_wconf 88' lang='lat' dir='ltr'>num</span> <span class='ocrx_word' id='word_1_257' title='bbox 997 1395 1133 1427; x_wconf 86' lang='lat' dir='ltr'>habebat</span> <span class='ocrx_word' id='word_1_258' title='bbox 1174 1395 1313 1427; x_wconf 85' lang='lat' dir='ltr'>materiae</span> <span class='ocrx_word' id='word_1_259' title='bbox 1355 1400 1553 1437; x_wconf 86' lang='lat' dir='ltr'>proventum.</span> 
     </span>
     <span class='ocr_line' id='line_1_49' title="bbox 885 1444 1552 1476; baseline -0.001 0"><span class='ocrx_word' id='word_1_260' title='bbox 885 1445 973 1476; x_wconf 75' lang='lat' dir='ltr'>Idaeis</span> <span class='ocrx_word' id='word_1_261' title='bbox 1012 1446 1138 1476; x_wconf 78' lang='lat' dir='ltr'>navibus</span> <span class='ocrx_word' id='word_1_262' title='bbox 1168 1445 1262 1476; x_wconf 83' lang='lat' dir='ltr'>etiarn</span> <span class='ocrx_word' id='word_1_263' title='bbox 1301 1445 1390 1476; x_wconf 83' lang='lat' dir='ltr'>Paris</span> <span class='ocrx_word' id='word_1_264' title='bbox 1426 1444 1552 1475; x_wconf 88' lang='lat' dir='ltr'>vehitur</span> 
     </span>
     <span class='ocr_line' id='line_1_50' title="bbox 884 1487 1551 1537; baseline -0.003 -11"><span class='ocrx_word' id='word_1_265' title='bbox 884 1494 968 1537; x_wconf 81' lang='lat' dir='ltr'>apud</span> <span class='ocrx_word' id='word_1_266' title='bbox 988 1494 1153 1525; x_wconf 82' lang='lat' dir='ltr'>Horatium</span> <span class='ocrx_word' id='word_1_267' title='bbox 1172 1487 1205 1525; x_wconf 71' lang='lat' dir='ltr'>‘L</span> <span class='ocrx_word' id='word_1_268' title='bbox 1223 1494 1286 1526; x_wconf 89' lang='lat' dir='ltr'>Od.</span> <span class='ocrx_word' id='word_1_269' title='bbox 1307 1505 1361 1524; x_wconf 91' lang='lat' dir='ltr'>xv.</span> <span class='ocrx_word' id='word_1_270' title='bbox 1383 1495 1414 1524; x_wconf 86' lang='lat'>2.</span> <span class='ocrx_word' id='word_1_271' title='bbox 1460 1494 1551 1535; x_wconf 85' lang='lat' dir='ltr'>Saepe</span> 
     </span>
     <span class='ocr_line' id='line_1_51' title="bbox 884 1543 1554 1583; baseline -0.001 -9"><span class='ocrx_word' id='word_1_272' title='bbox 884 1546 967 1583; x_wconf 78' lang='lat' dir='ltr'>picta</span> <span class='ocrx_word' id='word_1_273' title='bbox 1002 1544 1089 1574; x_wconf 88' lang='lat' dir='ltr'>navis</span> <span class='ocrx_word' id='word_1_274' title='bbox 1116 1543 1272 1582; x_wconf 82' lang='lat' dir='ltr'>occurrit3</span> <span class='ocrx_word' id='word_1_275' title='bbox 1311 1543 1370 1575; x_wconf 89' lang='lat' dir='ltr'>hoc</span> <span class='ocrx_word' id='word_1_276' title='bbox 1401 1543 1470 1573; x_wconf 92' lang='lat' dir='ltr'>loco</span> <span class='ocrx_word' id='word_1_277' title='bbox 1499 1553 1554 1573; x_wconf 84' lang='lat' dir='ltr'>ex-</span> 
     </span>
     <span class='ocr_line' id='line_1_52' title="bbox 889 1591 1554 1634; baseline -0.002 -11"><span class='ocrx_word' id='word_1_278' title='bbox 889 1593 1032 1634; x_wconf 80' lang='lat' dir='ltr'>plicatur,</span> <span class='ocrx_word' id='word_1_279' title='bbox 1065 1592 1167 1633; x_wconf 85' lang='lat' dir='ltr'>qualis</span> <span class='ocrx_word' id='word_1_280' title='bbox 1205 1591 1328 1634; x_wconf 85' lang='lat' dir='ltr'>pictura</span> <span class='ocrx_word' id='word_1_281' title='bbox 1365 1591 1422 1623; x_wconf 86' lang='lat' dir='ltr'>illa</span> <span class='ocrx_word' id='word_1_282' title='bbox 1450 1591 1554 1622; x_wconf 86' lang='lat' dir='ltr'>fuerit.</span> 
     </span>
     <span class='ocr_line' id='line_1_53' title="bbox 886 1641 1553 1684; baseline 0 -12"><span class='ocrx_word' id='word_1_283' title='bbox 886 1642 1011 1684; x_wconf 87' lang='lat' dir='ltr'>Nempe</span> <span class='ocrx_word' id='word_1_284' title='bbox 1049 1653 1128 1673; x_wconf 86' lang='lat' dir='ltr'>cerae</span> <span class='ocrx_word' id='word_1_285' title='bbox 1166 1642 1347 1683; x_wconf 79' lang='lat' dir='ltr'>liquefactae</span> <span class='ocrx_word' id='word_1_286' title='bbox 1386 1647 1417 1672; x_wconf 93' lang='lat' dir='ltr'>et</span> <span class='ocrx_word' id='word_1_287' title='bbox 1450 1641 1553 1672; x_wconf 90' lang='lat' dir='ltr'>colore</span> 
     </span>
     <span class='ocr_line' id='line_1_54' title="bbox 886 1690 1553 1732; baseline 0 -11"><span class='ocrx_word' id='word_1_288' title='bbox 886 1691 991 1721; x_wconf 87' lang='lat' dir='ltr'>tinctae</span> <span class='ocrx_word' id='word_1_289' title='bbox 1013 1691 1160 1732; x_wconf 88' lang='lat' dir='ltr'>penicillo</span> <span class='ocrx_word' id='word_1_290' title='bbox 1179 1690 1383 1721; x_wconf 85' lang='lat' dir='ltr'>illinebantur</span> <span class='ocrx_word' id='word_1_291' title='bbox 1398 1690 1553 1729; x_wconf 85' lang='lat' dir='ltr'>navibus;</span> 
     </span>
     <span class='ocr_line' id='line_1_55' title="bbox 890 1739 1554 1776; baseline 0.002 -7"><span class='ocrx_word' id='word_1_292' title='bbox 890 1739 975 1770; x_wconf 88' lang='lat' dir='ltr'>Plin.</span> <span class='ocrx_word' id='word_1_293' title='bbox 1001 1751 1093 1770; x_wconf 87' lang='lat' dir='ltr'>xxxv.</span> <span class='ocrx_word' id='word_1_294' title='bbox 1116 1741 1178 1770; x_wconf 86' lang='lat'>41:</span> <span class='ocrx_word' id='word_1_295' title='bbox 1214 1740 1388 1771; x_wconf 87' lang='lat' dir='ltr'>“Tertium</span> <span class='ocrx_word' id='word_1_296' title='bbox 1412 1739 1554 1776; x_wconf 85' lang='lat' dir='ltr'>accessit,</span> 
     </span>
     <span class='ocr_line' id='line_1_56' title="bbox 886 1788 1554 1831; baseline 0 -12"><span class='ocrx_word' id='word_1_297' title='bbox 886 1789 1030 1820; x_wconf 82' lang='lat' dir='ltr'>resolutis</span> <span class='ocrx_word' id='word_1_298' title='bbox 1060 1789 1124 1831; x_wconf 84' lang='lat' dir='ltr'>igni</span> <span class='ocrx_word' id='word_1_299' title='bbox 1149 1789 1228 1820; x_wconf 89' lang='lat' dir='ltr'>ceris</span> <span class='ocrx_word' id='word_1_300' title='bbox 1256 1788 1405 1831; x_wconf 86' lang='lat' dir='ltr'>penicillo</span> <span class='ocrx_word' id='word_1_301' title='bbox 1433 1788 1554 1826; x_wconf 88' lang='lat' dir='ltr'>utendi,</span> 
     </span>
     <span class='ocr_line' id='line_1_57' title="bbox 888 1837 1553 1880; baseline 0 -11"><span class='ocrx_word' id='word_1_302' title='bbox 888 1849 958 1880; x_wconf 84' lang='lat' dir='ltr'>quae</span> <span class='ocrx_word' id='word_1_303' title='bbox 976 1839 1097 1880; x_wconf 84' lang='lat' dir='ltr'>pictura</span> <span class='ocrx_word' id='word_1_304' title='bbox 1118 1838 1150 1869; x_wconf 91' lang='lat' dir='ltr'>in</span> <span class='ocrx_word' id='word_1_305' title='bbox 1176 1838 1307 1869; x_wconf 87' lang='lat' dir='ltr'>navibus</span> <span class='ocrx_word' id='word_1_306' title='bbox 1324 1849 1381 1869; x_wconf 90' lang='lat' dir='ltr'>nee</span> <span class='ocrx_word' id='word_1_307' title='bbox 1402 1837 1478 1875; x_wconf 87' lang='lat' dir='ltr'>sole,</span> <span class='ocrx_word' id='word_1_308' title='bbox 1495 1848 1553 1869; x_wconf 91' lang='lat' dir='ltr'>nec</span> 
     </span>
     <span class='ocr_line' id='line_1_58' title="bbox 887 1887 1554 1929; baseline 0.001 -11"><span class='ocrx_word' id='word_1_309' title='bbox 887 1888 963 1924; x_wconf 82' lang='lat' dir='ltr'>sale,</span> <span class='ocrx_word' id='word_1_310' title='bbox 993 1888 1159 1929; x_wconf 81' lang='lat' dir='ltr'>ventisque</span> <span class='ocrx_word' id='word_1_311' title='bbox 1183 1887 1422 1929; x_wconf 86' lang='lat' dir='ltr'>corrumpitur.”</span> <span class='ocrx_word' id='word_1_312' title='bbox 1468 1888 1554 1925; x_wconf 88' lang='lat' dir='ltr'>Quid</span> 
     </span>
     <span class='ocr_line' id='line_1_59' title="bbox 889 1937 1553 1973; baseline 0.002 -6"><span class='ocrx_word' id='word_1_313' title='bbox 889 1943 994 1968; x_wconf 86' lang='lat' dir='ltr'>autern</span> <span class='ocrx_word' id='word_1_314' title='bbox 1010 1937 1138 1968; x_wconf 79' lang='lat' dir='ltr'>Attalus</span> <span class='ocrx_word' id='word_1_315' title='bbox 1157 1937 1275 1968; x_wconf 86' lang='lat' dir='ltr'>miserit</span> <span class='ocrx_word' id='word_1_316' title='bbox 1296 1937 1464 1973; x_wconf 78' lang='lat' dir='ltr'>Romanis,</span> <span class='ocrx_word' id='word_1_317' title='bbox 1482 1948 1553 1968; x_wconf 91' lang='lat' dir='ltr'>nar-</span> 
     </span>
     <span class='ocr_line' id='line_1_60' title="bbox 888 1985 1556 2028; baseline 0.001 -12"><span class='ocrx_word' id='word_1_318' title='bbox 888 1992 935 2017; x_wconf 88' lang='lat' dir='ltr'>rat</span> <span class='ocrx_word' id='word_1_319' title='bbox 950 1985 1118 2020; x_wconf 90' lang='lat' dir='ltr'>Arnobius.</span> <span class='ocrx_word' id='word_1_320' title='bbox 1141 1998 1172 2028; x_wconf 79' lang='lat' dir='ltr'>p.</span> <span class='ocrx_word' id='word_1_321' title='bbox 1192 1988 1276 2017; x_wconf 83' lang='lat'>253:</span> <span class='ocrx_word' id='word_1_322' title='bbox 1309 1987 1390 2017; x_wconf 88' lang='lat' dir='ltr'>“Ex</span> <span class='ocrx_word' id='word_1_323' title='bbox 1416 1987 1556 2028; x_wconf 85' lang='lat' dir='ltr'>Phrygia</span> 
     </span>
     <span class='ocr_line' id='line_1_61' title="bbox 889 2034 1555 2076; baseline -0.002 -10"><span class='ocrx_word' id='word_1_324' title='bbox 889 2034 966 2066; x_wconf 81' lang='lat' dir='ltr'>nihil</span> <span class='ocrx_word' id='word_1_325' title='bbox 991 2035 1117 2076; x_wconf 86' lang='lat' dir='ltr'>quidem</span> <span class='ocrx_word' id='word_1_326' title='bbox 1147 2035 1234 2066; x_wconf 86' lang='lat' dir='ltr'>aliud</span> <span class='ocrx_word' id='word_1_327' title='bbox 1255 2034 1400 2066; x_wconf 82' lang='lat' dir='ltr'>scribitur</span> <span class='ocrx_word' id='word_1_328' title='bbox 1427 2036 1555 2066; x_wconf 87' lang='lat' dir='ltr'>missum</span> 
     </span>
     <span class='ocr_line' id='line_1_62' title="bbox 889 2085 1556 2127; baseline 0.001 -12"><span class='ocrx_word' id='word_1_329' title='bbox 889 2095 960 2126; x_wconf 84' lang='lat' dir='ltr'>rege</span> <span class='ocrx_word' id='word_1_330' title='bbox 977 2086 1016 2116; x_wconf 88' lang='lat' dir='ltr'>ab</span> <span class='ocrx_word' id='word_1_331' title='bbox 1034 2085 1151 2122; x_wconf 86' lang='lat' dir='ltr'>Attalo,</span> <span class='ocrx_word' id='word_1_332' title='bbox 1169 2086 1228 2116; x_wconf 87' lang='lat' dir='ltr'>nisi</span> <span class='ocrx_word' id='word_1_333' title='bbox 1250 2085 1330 2127; x_wconf 77' lang='lat' dir='ltr'>lapis</span> <span class='ocrx_word' id='word_1_334' title='bbox 1351 2085 1478 2127; x_wconf 89' lang='lat' dir='ltr'>quidem</span> <span class='ocrx_word' id='word_1_335' title='bbox 1494 2096 1556 2116; x_wconf 88' lang='lat' dir='ltr'>non</span> 
     </span>
     <span class='ocr_line' id='line_1_63' title="bbox 890 2134 1557 2176; baseline 0 -11"><span class='ocrx_word' id='word_1_336' title='bbox 890 2145 1033 2176; x_wconf 84' lang='lat' dir='ltr'>magnus,</span> <span class='ocrx_word' id='word_1_337' title='bbox 1053 2135 1123 2166; x_wconf 87' lang='lat' dir='ltr'>ferri</span> <span class='ocrx_word' id='word_1_338' title='bbox 1143 2145 1239 2166; x_wconf 89' lang='lat' dir='ltr'>manu</span> <span class='ocrx_word' id='word_1_339' title='bbox 1256 2134 1389 2166; x_wconf 85' lang='lat' dir='ltr'>hominis</span> <span class='ocrx_word' id='word_1_340' title='bbox 1407 2135 1474 2166; x_wconf 85' lang='lat' dir='ltr'>sine</span> <span class='ocrx_word' id='word_1_341' title='bbox 1490 2135 1557 2166; x_wconf 87' lang='lat' dir='ltr'>ulla</span> 
     </span>
     <span class='ocr_line' id='line_1_64' title="bbox 889 2183 1555 2226; baseline 0 -12"><span class='ocrx_word' id='word_1_342' title='bbox 889 2183 1091 2225; x_wconf 89' lang='lat' dir='ltr'>impressione</span> <span class='ocrx_word' id='word_1_343' title='bbox 1119 2185 1172 2225; x_wconf 88' lang='lat' dir='ltr'>qui</span> <span class='ocrx_word' id='word_1_344' title='bbox 1197 2189 1300 2226; x_wconf 82' lang='lat' dir='ltr'>posset</span> <span class='ocrx_word' id='word_1_345' title='bbox 1327 2183 1438 2214; x_wconf 87' lang='lat' dir='ltr'>coloris</span> <span class='ocrx_word' id='word_1_346' title='bbox 1463 2183 1555 2219; x_wconf 83' lang='lat' dir='ltr'>furvi,</span> 
     </span>
     <span class='ocr_line' id='line_1_65' title="bbox 889 2233 1555 2275; baseline 0.002 -12"><span class='ocrx_word' id='word_1_347' title='bbox 889 2238 984 2274; x_wconf 86' lang='lat' dir='ltr'>atque</span> <span class='ocrx_word' id='word_1_348' title='bbox 1022 2233 1091 2269; x_wconf 85' lang='lat' dir='ltr'>atri,</span> <span class='ocrx_word' id='word_1_349' title='bbox 1135 2233 1268 2275; x_wconf 85' lang='lat' dir='ltr'>angellis</span> <span class='ocrx_word' id='word_1_350' title='bbox 1305 2233 1555 2274; x_wconf 84' lang='lat' dir='ltr'>prominentibus</span> 
     </span>
     <span class='ocr_line' id='line_1_66' title="bbox 889 2281 1091 2323; baseline -0.005 -11"><span class='ocrx_word' id='word_1_351' title='bbox 889 2281 1091 2323; x_wconf 84' lang='lat' dir='ltr'>inaequalis.’&#39;</span> 
     </span>
    </p>

    <p class='ocr_par' dir='ltr' id='par_1_13' title="bbox 887 2330 1556 2717">
     <span class='ocr_line' id='line_1_67' title="bbox 932 2330 1555 2373; baseline 0.003 -13"><span class='ocrx_word' id='word_1_352' title='bbox 932 2331 1006 2361; x_wconf 82' lang='lat'>277.</span> <span class='ocrx_word' id='word_1_353' title='bbox 1034 2331 1097 2362; x_wconf 86' lang='lat' dir='ltr'>Iter</span> <span class='ocrx_word' id='word_1_354' title='bbox 1125 2330 1321 2362; x_wconf 83' lang='lat' dir='ltr'>describitur.</span> <span class='ocrx_word' id='word_1_355' title='bbox 1382 2331 1555 2373; x_wconf 81' lang='lat' dir='ltr'>Longaque,</span> 
     </span>
     <span class='ocr_line' id='line_1_68' title="bbox 887 2380 1554 2422; baseline 0.003 -12"><span class='ocrx_word' id='word_1_356' title='bbox 887 2386 949 2411; x_wconf 87' lang='lat' dir='ltr'>etc.</span> <span class='ocrx_word' id='word_1_357' title='bbox 975 2380 1208 2422; x_wconf 84' lang='lat' dir='ltr'>Hellespontus,</span> <span class='ocrx_word' id='word_1_358' title='bbox 1222 2380 1266 2411; x_wconf 91' lang='lat' dir='ltr'>sic</span> <span class='ocrx_word' id='word_1_359' title='bbox 1281 2380 1384 2411; x_wconf 85' lang='lat' dir='ltr'>dictus</span> <span class='ocrx_word' id='word_1_360' title='bbox 1396 2381 1435 2411; x_wconf 81' lang='lat' dir='ltr'>ab</span> <span class='ocrx_word' id='word_1_361' title='bbox 1449 2381 1554 2416; x_wconf 87' lang='lat' dir='ltr'>Helle.</span> 
     </span>
     <span class='ocr_line' id='line_1_69' title="bbox 892 2428 1556 2471; baseline 0.003 -13"><span class='ocrx_word' id='word_1_362' title='bbox 892 2429 1008 2469; x_wconf 66' lang='lat' dir='ltr'>Phryai</span> <span class='ocrx_word' id='word_1_363' title='bbox 1035 2441 1153 2460; x_wconf 74' lang='lat' dir='ltr'>surore:</span> <span class='ocrx_word' id='word_1_364' title='bbox 1184 2428 1226 2459; x_wconf 89' lang='lat' dir='ltr'>iii.</span> <span class='ocrx_word' id='word_1_365' title='bbox 1253 2430 1327 2460; x_wconf 89' lang='lat'>870.</span> <span class='ocrx_word' id='word_1_366' title='bbox 1373 2429 1450 2471; x_wconf 88' lang='lat' dir='ltr'>Ejus</span> <span class='ocrx_word' id='word_1_367' title='bbox 1470 2428 1556 2460; x_wconf 89' lang='lat' dir='ltr'>sinus</span> 
     </span>
     <span class='ocr_line' id='line_1_70' title="bbox 889 2477 1555 2520; baseline 0 -11"><span class='ocrx_word' id='word_1_368' title='bbox 889 2478 1017 2520; x_wconf 89' lang='lat' dir='ltr'>quidam</span> <span class='ocrx_word' id='word_1_369' title='bbox 1037 2489 1096 2509; x_wconf 88' lang='lat' dir='ltr'>non</span> <span class='ocrx_word' id='word_1_370' title='bbox 1115 2478 1207 2520; x_wconf 78' lang='lat' dir='ltr'>longe</span> <span class='ocrx_word' id='word_1_371' title='bbox 1224 2479 1262 2509; x_wconf 84' lang='lat' dir='ltr'>ab</span> <span class='ocrx_word' id='word_1_372' title='bbox 1283 2477 1342 2509; x_wconf 91' lang='lat' dir='ltr'>llio</span> <span class='ocrx_word' id='word_1_373' title='bbox 1363 2478 1437 2509; x_wconf 87' lang='lat' dir='ltr'>litus</span> <span class='ocrx_word' id='word_1_374' title='bbox 1453 2478 1555 2509; x_wconf 87' lang='lat' dir='ltr'>incur-</span> 
     </span>
     <span class='ocr_line' id='line_1_71' title="bbox 890 2526 1556 2569; baseline 0.002 -12"><span class='ocrx_word' id='word_1_375' title='bbox 890 2528 994 2558; x_wconf 78' lang='lat' dir='ltr'>vabat.</span> <span class='ocrx_word' id='word_1_376' title='bbox 1040 2527 1088 2557; x_wconf 84' lang='lat' dir='ltr'>Ibi</span> <span class='ocrx_word' id='word_1_377' title='bbox 1114 2528 1268 2558; x_wconf 77' lang='lat' dir='ltr'>eraeteum</span> <span class='ocrx_word' id='word_1_378' title='bbox 1290 2536 1321 2558; x_wconf 86' lang='lat' dir='ltr'>et</span> <span class='ocrx_word' id='word_1_379' title='bbox 1339 2528 1472 2569; x_wconf 78' lang='lat' dir='ltr'>Sigeum,</span> <span class='ocrx_word' id='word_1_380' title='bbox 1494 2526 1556 2558; x_wconf 91' lang='lat' dir='ltr'>duo</span> 
     </span>
     <span class='ocr_line' id='line_1_72' title="bbox 890 2575 1554 2619; baseline -0.003 -12"><span class='ocrx_word' id='word_1_381' title='bbox 890 2577 1098 2618; x_wconf 84' lang='lat' dir='ltr'>promontoria</span> <span class='ocrx_word' id='word_1_382' title='bbox 1122 2587 1193 2607; x_wconf 89' lang='lat' dir='ltr'>cum</span> <span class='ocrx_word' id='word_1_383' title='bbox 1219 2577 1340 2619; x_wconf 79' lang='lat' dir='ltr'>oppidis</span> <span class='ocrx_word' id='word_1_384' title='bbox 1363 2575 1554 2617; x_wconf 87' lang='lat' dir='ltr'>cognomini-</span> 
     </span>
     <span class='ocr_line' id='line_1_73' title="bbox 890 2624 1556 2665; baseline -0.003 -9"><span class='ocrx_word' id='word_1_385' title='bbox 890 2626 968 2664; x_wconf 89' lang='lat' dir='ltr'>bus;</span> <span class='ocrx_word' id='word_1_386' title='bbox 993 2625 1099 2655; x_wconf 87' lang='lat' dir='ltr'>confer</span> <span class='ocrx_word' id='word_1_387' title='bbox 1118 2626 1254 2657; x_wconf 84' lang='lat' dir='ltr'>Metam.</span> <span class='ocrx_word' id='word_1_388' title='bbox 1279 2625 1322 2656; x_wconf 86' lang='lat' dir='ltr'>xi.</span> <span class='ocrx_word' id='word_1_389' title='bbox 1349 2626 1419 2656; x_wconf 75' lang='lat'>197.</span> <span class='ocrx_word' id='word_1_390' title='bbox 1464 2624 1556 2665; x_wconf 89' lang='lat' dir='ltr'>Sigeo</span> 
     </span>
     <span class='ocr_line' id='line_1_74' title="bbox 892 2673 1556 2717; baseline -0.003 -12"><span class='ocrx_word' id='word_1_391' title='bbox 892 2674 1023 2706; x_wconf 81' lang='lat' dir='ltr'>adversa</span> <span class='ocrx_word' id='word_1_392' title='bbox 1052 2675 1249 2717; x_wconf 83' lang='lat' dir='ltr'>protenditur</span> <span class='ocrx_word' id='word_1_393' title='bbox 1278 2675 1407 2705; x_wconf 80' lang='lat' dir='ltr'>Tenedos</span> <span class='ocrx_word' id='word_1_394' title='bbox 1443 2673 1556 2708; x_wconf 82' lang='lat' dir='ltr'>insula.</span> 
     </span>
    </p>
   </div>
   <div class='ocr_carea' id='block_1_7' title="bbox 894 2723 1557 2804">
    <p class='ocr_par' dir='ltr' id='par_1_14' title="bbox 894 2723 1557 2804">
     <span class='ocr_line' id='line_1_75' title="bbox 894 2723 1557 2761; baseline -0.003 -6"><span class='ocrx_word' id='word_1_395' title='bbox 894 2725 935 2755; x_wconf 88' lang='lat' dir='ltr'>xl.</span> <span class='ocrx_word' id='word_1_396' title='bbox 951 2723 1060 2755; x_wconf 81' lang='lat' dir='ltr'>stadiis</span> <span class='ocrx_word' id='word_1_397' title='bbox 1075 2735 1093 2755; x_wconf 90' lang='lat' dir='ltr'>a</span> <span class='ocrx_word' id='word_1_398' title='bbox 1107 2724 1287 2756; x_wconf 83' lang='lat' dir='ltr'>continente</span> <span class='ocrx_word' id='word_1_399' title='bbox 1304 2724 1424 2754; x_wconf 85' lang='lat' dir='ltr'>distans</span> <span class='ocrx_word' id='word_1_400' title='bbox 1440 2735 1448 2761; x_wconf 77' lang='lat'>3</span> <span class='ocrx_word' id='word_1_401' title='bbox 1473 2723 1557 2753; x_wconf 83' lang='lat' dir='ltr'>Stra-</span> 
     </span>
     <span class='ocr_line' id='line_1_76' title="bbox 1025 2773 1082 2804; baseline -0.018 0"><span class='ocrx_word' id='word_1_402' title='bbox 1025 2773 1050 2804; x_wconf 91' lang='lat' dir='ltr'>C</span> <span class='ocrx_word' id='word_1_403' title='bbox 1067 2783 1082 2803; x_wconf 95' lang='lat' dir='ltr'>c</span> 
     </span>
    </p>
   </div>
  </div>
 </body>
</html>
