1809 3220
219 192 307 234 344

627 190 676 232 Ρ.
712 189 929 232 OVIDII
964 189 1249 233 NASONIS

221 309 479 358 Cantabat
503 307 650 368 sanIS,
678 309 917 357 cantabat
941 308 1064 357 tibia
1088 309 1248 356 ludis:

289 389 548 436 Cantabat
572 388 766 436 moestis
793 388 919 436 tibia
943 387 1222 435 funeribus.

219 467 399 515 Dulcis
425 473 535 515 erat
559 466 795 515 mercede
821 467 990 526 labor;

1542 389 1643 435 660

1033 473 1338 531 tempusque
1369 470 1616 523 secutum,

287 546 436 602 Quod
462 546 629 595 subito
656 546 822 595 Graiae
847 545 1099 610 frangeret
1123 545 1243 594 artis
1269 562 1416 610 opus.

216 626 365 675 Adde
391 626 528 692 quod
555 625 732 684 aedilis,
761 641 1002 691 pompam
1028 624 1116 690 qui
1141 624 1331 673 funeris
1358 624 1503 682 irent,

284 705 521 754 Artifices
548 705 682 753 solos
701 706 924 770 jusserat
949 720 1063 753 esse
1087 704 1286 752 decem.

216 783 414 832 Exsilio
438 790 640 832 mutant
663 783 858 841 urbem,
887 782 1150 848 Tiburque
1176 780 1450 832 recedunt:

1541 785 1639 831 665

283 861 535 911 Exsilium
563 862 786 928 quodam
811 869 1040 927 tempore
1066 861 1224 910 Tibur
1249 869 1385 910 erat:

215 941 474 998 Quaeritur
493 942 543 989 in
570 957 726 990 scena
749 957 874 990 cava
898 940 1051 999 tibia3
1095 940 1336 1005 quaeritur
1361 939 1488 998 aris;

285 1020 440 1068 Ducit
465 1037 728 1085 supremos
754 1020 919 1069 naenia
942 1021 1081 1068 nulla
1104 1028 1257 1069 toros.

215 1100 472 1149 Servierat
497 1100 723 1165 quidam,
751 1100 1072 1165 quantolibet
1097 1099 1271 1148 ordine
1299 1098 1502 1163 dignus,

281 1178 469 1227 Tibure
487 1198 497 1237 ;

211 1317 281 1346 pam
304 1315 358 1348 pro
378 1317 483 1345 pompa
500 1304 590 1336 dedit
605 1304 757 1336 Heinsius
773 1315 811 1336 ex
830 1305 891 1336 Ur-

212 1355 275 1386 sini
297 1361 329 1386 et
349 1356 482 1386 Strozzae
505 1355 599 1386 codd.
614 1360 649 1386 ut
670 1354 772 1386 simile
789 1355 828 1386 sit
844 1355 891 1386 illi

211 1407 363 1447 exsequias
385 1407 440 1436 ire.
487 1404 560 1447 Ipse
583 1410 615 1435 et
635 1404 748 1436 suadet
768 1416 891 1446 pompae,

211 1461 247 1487 ut
262 1455 321 1498 ipsi
339 1454 486 1486 tibicines
502 1454 732 1497 intelligantur.

256 1507 334 1537 665.
373 1506 401 1536 Ε
436 1505 580 1536 discessu
616 1515 723 1536 eorum
755 1504 891 1535 Ovidius

208 1558 348 1588 exsilium
373 1555 469 1594 fecit;
502 1561 535 1586 et
561 1566 660 1597 quum
688 1555 785 1586 Tibur
806 1554 891 1586 Latii

209 1606 364 1650 oppidum
379 1612 463 1638 esset
478 1605 626 1648 idemque
639 1616 802 1637 amoeuum
819 1615 891 1636 cum

210 1657 280 1688 miti
297 1657 374 1694 solo,
386 1656 440 1688 ubi
458 1655 609 1687 Horatius
625 1655 689 1697 (ΙΙ.
702 1655 766 1686 od.
780 1655 824 1686 vi.
842 1655 890 1693 6.)

208 1709 316 1741 sedem
332 1713 469 1739 senectae
485 1718 550 1738 sua:
567 1717 635 1738 esse
648 1706 786 1742 volebat,
800 1716 891 1749 prop-

210 1765 296 1791 terea
318 1757 539 1793 mirabundus,
557 1757 660 1789 forsan
680 1763 711 1789 et
733 1767 824 1788 suum
842 1757 889 1788 in-

210 1817 258 1842 ter
281 1811 382 1841 Getas
404 1808 552 1840 exsilium
574 1808 758 1851 respicienS,
778 1808 888 1839 excla-

210 1867 277 1893 mat
302 1861 464 1896 Exsilium,
485 1865 548 1891 etc.
594 1860 646 1890 De
673 1859 743 1890 loco
771 1864 890 1896 autem,

209 1921 275 1953 quo
294 1916 502 1946 recesserunt,
517 1909 719 1941 consentiunt
735 1907 844 1940 Livius
859 1914 891 1940 et

215 1961 418 1994 Plutarchus.
465 1960 504 1991 Ιη
530 1971 638 1992 scena.-
664 1959 828 1991 Demster.
850 1958 890 1990 ad

210 2012 326 2043 Rosin.
343 2010 456 2053 Antiq.
473 2010 517 2042 iii.
533 2011 588 2042 31.
604 2009 768 2041 contendit
783 2009 891 2050 legen-

210 2063 288 2095 dum
305 2065 337 2094 in
357 2073 453 2098 carna,
469 2060 555 2103 quod
579 2066 611 2091 et
626 2060 755 2091 Marsus
774 2059 807 2089 in
823 2059 891 2090 An-

211 2118 326 2144 notatt.
347 2111 463 2150 habet;
495 2111 591 2141 immo
615 2109 731 2152 repetit
754 2108 891 2140 Ovidius

210 2162 368 2206 triplicem
383 2161 475 2192 illum
492 2160 576 2192 tibiae
594 2170 697 2196 usum,
715 2170 809 2201 quem
821 2159 890 2202 jam

209 2224 276 2245 ver.
309 2212 373 2243 659
411 2221 484 2254 sqq.
519 2207 790 2241 commemoravit.
838 2209 890 2240 De

209 2263 305 2306 liujus
334 2273 394 2293 usu
422 2261 455 2292 in
485 2271 582 2292 scena
611 2260 730 2296 Livius,
763 2258 814 2290 vii.
844 2261 886 2290 2:

210 2318 232 2332 “
251 2312 410 2345 Ludiones
426 2323 464 2342 ex
478 2311 606 2342 Etruria
620 2310 712 2342 acciti
729 2309 769 2341 ad
785 2309 888 2341 tibici-

212 2365 261 2395 nis
276 2362 386 2394 modos
401 2361 590 2393 saltantes.”
638 2362 842 2402 Quamquam
859 2366 891 2391 et

209 2416 243 2447 iu
259 2412 442 2457 epulisjam
457 2411 568 2454 priscis
589 2410 783 2453 temporibus
798 2409 890 2441 adhi-

207 2465 365 2502 bebatur3
389 2461 513 2496 Cicero,
528 2460 626 2491 Tusc.
646 2459 668 2490 i.
690 2460 722 2490 2.
770 2459 889 2494 Quaeri-

211 2523 285 2552 tur„
302 2511 510 2547 desideratur,
540 2511 650 2541 abesse
680 2519 754 2541 cum
783 2509 890 2541 dolore

209 2565 363 2598 sentitur:
389 2561 461 2594 vide
477 2560 518 2592 ad
534 2560 686 2597 Plinium,
702 2560 763 2591 VI.
779 2560 839 2603 Ep.
854 2559 889 2591 ii.

216 2618 244 2649 l.
292 2615 415 2650 Naenia,
436 2618 564 2644 auctore
591 2612 695 2648 Festo,
713 2615 733 2628 “
751 2621 891 2647 carmen,

211 2665 298 2710 quod
315 2665 349 2697 in
364 2663 473 2696 funere
488 2661 642 2694 laudandi
656 2660 760 2703 gratia
778 2666 887 2692 canta·

210 2725 262 2750 tur
283 2716 326 2748 ad
346 2713 496 2747 tibiam.’'
545 2713 635 2750 Tori;
660 2712 746 2749 lecti,
762 2711 795 2743 in
816 2711 886 2754 qui-

209 2770 270 2801 bus
300 2764 416 2798 mortui
442 2764 674 2796 efferebantur:
708 2768 740 2794 et
766 2763 800 2794 in
824 2773 886 2794 uno

212 2817 323 2849 sunere
336 2825 420 2858 saepe
431 2815 537 2857 plures
551 2813 625 2846 lecti
641 2812 885 2850 adhibebantur,

540 1179 631 1228 sed
658 1180 808 1243 longo
834 1187 1063 1245 tempore
1087 1179 1214 1227 liber
1240 1185 1364 1226 erat.

1540 1178 1640 1225 670

962 1314 1156 1347 quamquam
1181 1303 1212 1335 id
1239 1304 1271 1335 in
1299 1304 1354 1336 xii.
1376 1302 1481 1335 Tabb.
1501 1300 1641 1345 prohibi-

963 1361 1047 1386 tum:
1074 1360 1095 1372 ‘¹
1113 1355 1204 1386 neive
1219 1354 1339 1398 plureis
1359 1354 1459 1386 lectos
1479 1352 1562 1384 endo
1583 1351 1643 1384 fer-

962 1406 1031 1437 to.'’
1077 1405 1117 1436 In
1155 1404 1265 1436 funere
1297 1403 1445 1436 Marcelli
1474 1403 1641 1446 Augustus

960 1463 1127 1488 sexcentos
1141 1455 1280 1499 praeferri
1291 1455 1397 1498 jussit.
1443 1453 1542 1485 Multi
1554 1458 1640 1485 vete-

961 1518 1031 1539 rum
1066 1509 1187 1538 choros:
1226 1506 1311 1549 quod
1339 1506 1460 1549 respuit
1488 1505 1642 1536 Burman.

961 1558 1037 1600 quia
1052 1558 1186 1601 praeficae
1203 1568 1267 1589 non
1280 1557 1391 1589 choros
1403 1555 1545 1599 egerint3
1560 1566 1640 1598 prae-

959 1608 1019 1639 sert
1033 1609 1157 1641 Taubn.
1167 1607 1243 1651 quia
1259 1615 1335 1639 toros
1347 1607 1465 1639 ducere
1481 1606 1561 1638 nihil
1576 1606 1640 1649 sig-

959 1658 1080 1695 nificet,
1111 1669 1214 1702 neque
1239 1660 1347 1690 chorus
1372 1667 1496 1701 semper
1521 1656 1641 1689 saltan-

959 1710 1038 1740 tium
1058 1715 1178 1741 coetum
1200 1715 1299 1741 notet.
1347 1709 1391 1740 At
1413 1710 1525 1740 ducere
1541 1707 1640 1740 etiarn

960 1759 1121 1797 dicuutur,
1133 1759 1188 1803 qui
1202 1759 1388 1803 praecedunt
1400 1765 1456 1791 aut
1470 1758 1642 1803 praeferun-

961 1814 1029 1840 tur:
1059 1810 1173 1841 Horat.
1202 1809 1305 1853 Epod.
1330 1809 1396 1841 viii.
1420 1810 1476 1840 ll:
1507 1812 1528 1827 “
1545 1809 1640 1841 sunus

960 1866 1059 1902 atque
1090 1859 1245 1902 imagines
1275 1860 1407 1891 Ducant
1433 1858 1642 1902 triumphales

960 1916 1072 1949 tuum,
1064 1910 1094 1928 ·'’
1119 1910 1173 1941 ubi
1191 1909 1262 1941 vide
1280 1908 1513 1941 Mitscherlich.
1541 1908 1639 1947 Quod

960 1959 986 1990 si
1011 1960 1082 2002 quis
1105 1961 1206 1991 choros
1228 1959 1355 1991 retineri
1379 1959 1467 1996 velit,
1483 1958 1583 2002 possit
1606 1957 1639 1991 id

960 2010 1133 2042 defendere
1149 2010 1301 2065 Dionysii
1314 2010 1386 2053 (vii.
1402 2011 1455 2042 72.
1469 2021 1504 2053 p.
1522 2009 1636 2051 1492.)

961 2062 1169 2092 auctoritate.
1202 2060 1228 2092 is
1251 2060 1337 2092 enim
1360 2060 1469 2098 tradit,
1491 2060 1525 2091 in
1547 2059 1637 2092 illus-

961 2112 1056 2143 trium
1072 2111 1207 2144 virorum
1224 2111 1389 2143 funeribus
1400 2109 1517 2143 vidisse
1532 2121 1566 2142 se
1582 2111 1639 2142 Sa-

960 2165 1072 2204 tyricos
1087 2163 1189 2194 choros
1207 2162 1262 2205 qui
1283 2168 1386 2194 torum
1407 2161 1636 2205 praecederent,

959 2219 1056 2255 atque
1071 2212 1226 2245 sicinnem
1246 2212 1449 2244 saltationem
1465 2205 1636 2244 saltarent:

960 2262 1234 2306 προηγουμένους
1255 2265 1316 2301 τῆς
1336 2262 1454 2302 κλίνης
1477 2263 1556 2301 τοὺς
1578 2274 1637 2294 σα-

957 2314 1112 2356 τυριστὰς
1134 2314 1254 2357 χοροὺς
1274 2312 1485 2356 κινουμένους
1506 2314 1571 2353 τὴν
1591 2325 1638 2345 σι·

957 2363 1079 2404 κίννην
1102 2365 1254 2407 ὄρχησιν·
1278 2375 1417 2406 moxque
1441 2363 1544 2401 addit,
1567 2370 1640 2407 post
1679 2399 1684 2404 ,

958 2414 1034 2446 istos
1050 2414 1161 2446 choros
1176 2414 1292 2446 multos
1308 2413 1490 2446 citharistas
1508 2419 1541 2446 et
1556 2414 1638 2446 mul-

960 2470 1007 2496 tos
1029 2464 1176 2497 tibicines
1196 2464 1301 2496 ivisse.
1350 2463 1441 2495 Toros
1459 2468 1569 2496 tamen
1583 2472 1645 2496 ve-'

960 2516 1024 2546 rius
1060 2520 1150 2558 puto,
1180 2520 1212 2547 et
1251 2521 1353 2547 tueor.
1400 2514 1493 2546 Unus
1524 2514 1635 2547 Vatic.

962 2566 1060 2597 Ducit
1065 2565 1214 2607 funereos
1221 2577 1233 2604 ,·
1258 2576 1322 2597 non
1335 2565 1437 2610 bqie:
1461 2576 1636 2606 supremum

961 2622 1016 2648 aut
1046 2623 1222 2652 eitremum,
1249 2614 1405 2658 quidquid
1431 2614 1472 2646 ad
1496 2620 1636 2646 mortuos

956 2666 1113 2708 pertinet3
1152 2666 1391 2698 Brouckhusius
1424 2664 1464 2696 ad
1499 2665 1635 2710 Proper·

955 2716 1047 2754 tium,
1061 2717 1089 2747 Ι.
1106 2715 1181 2748 xvii.
1196 2717 1251 2747 23.

1000 2767 1076 2799 669.
1099 2766 1162 2798 Hic
1187 2765 1342 2798 nonnulla
1361 2764 1542 2809 supplenda
1559 2770 1635 2797 sunt

955 2828 994 2849 ex
1017 2817 1128 2848 Livio:
1156 2821 1177 2835 “
1196 2817 1240 2848 Ut
1261 2826 1354 2848 nemo
1375 2816 1409 2846 in
1431 2816 1509 2847 urbe
1537 2821 1634 2852 esset,
