1830 3220
653 189 1082 233 CONSOLATIO.

1497 192 1583 233 419

152 305 245 354 llle
273 324 434 370 genus
459 307 653 356 Suevos
681 324 813 364 acre,
842 308 1223 371 indomitosque
1252 308 1566 373 Sygambros

220 385 486 444 Contudit,
515 386 670 450 inque
697 386 869 450 fugam
895 387 1110 435 barbara
1135 393 1279 450 terga
1304 386 1474 444 dedit3

150 462 493 529 Ignotumque
519 465 610 512 tibi
636 464 837 521 meruit,
866 465 1117 521 Romane,
1145 465 1490 530 triumphum;

217 542 438 591 Protulit
463 544 512 591 in
538 551 698 593 terras
725 543 1100 609 imperiumque
1127 560 1299 592 novas.
1510 547 1576 590 20

150 622 359 671 Solvere
383 631 500 671 vota
524 623 555 670 J
560 624 655 680 ovi,
683 623 900 672 fatorum
927 623 1103 687 ignara
1129 629 1347 679 tuorum,

218 701 403 759 Mater,
432 711 483 750 et
508 703 754 752 armiferae
778 703 971 751 solvere
996 709 1114 750 vota
1142 702 1283 758 Deae,

150 780 535 846 Gradivumque
561 790 759 847 patrem
785 783 933 831 donis
961 782 1172 847 implere
1198 781 1441 846 parabas;

217 858 285 906 Et
311 876 667 925 quoscumque
692 862 789 910 coli
806 864 996 926 jusque
1023 861 1268 926 piumque
1298 859 1454 908 Deos.

149 936 489 1003 'Maternaque
516 957 687 989 sacros
714 942 943 1005 agitabas
972 948 1141 989 mente
1168 939 1483 1004 triumphos:
1513 942 1577 985 25

217 1016 448 1066 Forsitan
476 1028 527 1067 et
553 1037 686 1068 curae
706 1023 814 1085 jam
842 1021 933 1069 tibi
962 1036 1137 1068 currus
1164 1025 1288 1067 erat.

196 1193 245 1223 17.
271 1194 330 1224 Ille
357 1205 455 1235 genus
489 1195 598 1225 Suetus
634 1206 716 1231 acre,
746 1196 826 1237 etc-J

148 1249 169 1260 ‘⁴
188 1243 296 1285 Ipsum
321 1244 497 1275 Suevorum
522 1255 635 1276 nomen
660 1245 743 1276 unde
767 1246 827 1277 ori-

146 1293 253 1335 ginem
286 1293 419 1336 ceperit,
451 1294 546 1336 plane
577 1295 732 1326 incertum
769 1302 827 1328 est.

144 1344 202 1375 Est
216 1343 367 1386 equidem
390 1345 581 1376 immensum
606 1345 826 1389 montiumju-

145 1404 221 1436 gum
264 1394 296 1425 in
344 1395 588 1436 Septemtrione,
632 1396 827 1438 Norvagiam

146 1443 241 1476 hodie
263 1455 281 1476 a
300 1445 419 1476 Suedia
440 1445 636 1488 dispescens,
659 1446 734 1477 olim
755 1448 828 1478 Seno

146 1495 301 1526 Romanis
323 1495 506 1527 auctoribus
525 1496 669 1535 dictum;
693 1497 745 1528 cui
760 1497 826 1539 jam

147 1545 221 1577 inde
249 1547 289 1576 ab
314 1546 544 1588 antiquissimis
568 1547 695 1578 saeculis
722 1547 829 1578 adfixa

148 1595 206 1627 fuit
237 1595 397 1632 Suionum,
424 1595 490 1626 sive
518 1597 678 1627 Sueonum
710 1607 828 1638 magna

145 1656 245 1688 gens;
270 1651 319 1677 est
342 1651 498 1688 praeterea
525 1647 628 1678 amnis
651 1647 828 1679 Ptolemaeo

146 1694 308 1737 Σούηβος,
354 1697 482 1733 Suet-us,
521 1698 553 1727 in
599 1697 826 1729 Germanicum

143 1756 242 1782 mare,
261 1746 328 1778 sive
353 1747 456 1778 sinum
481 1747 549 1790 ejus
566 1747 735 1779 Codanum
760 1759 827 1779 sese

144 1790 337 1830 effundens3
374 1802 509 1833 quorum
538 1792 665 1833 singula
695 1802 732 1823 ex
766 1803 828 1823 uno

145 1839 323 1883 eodemque
340 1840 438 1878 fonte,
455 1851 527 1872 cum
544 1841 700 1873 universis
715 1841 828 1873 saevis

146 1890 256 1922 sortita
274 1890 369 1922 fuisse
387 1891 618 1933 adpellationes
633 1903 717 1928 suas,
735 1902 828 1923 nenio

146 1946 264 1972 temere
289 1941 462 1983 negaverit.
510 1942 581 1973 Nec
604 1947 710 1973 tamen
735 1942 829 1973 facile

146 1990 318 2033 quisquam
348 1991 476 2024 dixerit.
509 1992 600 2034 cujus
638 1993 828 2024 vocabulum

145 2042 283 2084 primum
298 2043 439 2074 omnium
458 2043 625 2080 exstiterit,
642 2044 755 2081 amnis,
773 2055 829 2075 nri-

146 2091 241 2124 tionis
270 2093 468 2130 Suenonum,
501 2104 542 2124 an
572 2104 645 2124 vero
675 2094 829 2126 universae

147 2143 251 2185 gentis
275 2144 485 2176 Suevorum.'‘’
535 2144 659 2176 elaver.
679 2145 830 2177 German.

146 2193 260 2236 Antiq.
282 2194 329 2226 iii.
356 2195 680 2237 24.—-111domitosque
701 2196 830 2237 Sygam-

147 2246 223 2277 bros.
259 2246 382 2277 Horum
417 2245 618 2288 populorum,
654 2245 708 2288 qui
745 2246 830 2277 varie

148 2296 234 2338 apud
249 2295 417 2339 scriptores
434 2302 606 2327 occurrunt
622 2295 829 2332 denominati,

148 2347 310 2384 Sicambri,
334 2346 498 2388 Sygambri
522 2352 553 2377 et
577 2346 672 2378 etiam
699 2348 830 2389 Sugam-

148 2398 206 2434 bri,
223 2407 286 2428 non
310 2396 439 2429 dubitat
459 2397 505 2428 vir
523 2397 608 2429 idem
627 2396 831 2428 doctissimus

150 2447 277 2479 Cluver.
291 2447 371 2479 ibidv.
389 2458 417 2480 c.
433 2449 466 2479 9.
482 2448 560 2490 quin
583 2459 698 2479 nomen
715 2447 831 2490 quaesi-

147 2504 216 2530 tum
229 2497 270 2530 sit
283 2508 302 2530 a
315 2498 447 2530 flumine
462 2499 543 2541 Sige‚
557 2498 643 2541 quod
655 2498 830 2530 accoluisse

147 2559 213 2585 eos,
243 2555 417 2592 antequam
455 2550 494 2580 ab
526 2549 619 2580 Ubiis
655 2549 752 2592 pulsi,
790 2549 831 2580 ad

147 2599 258 2631 Rheni
288 2599 459 2632 divortium
487 2600 735 2637 descenderunt,
763 2611 830 2631 cre-

146 2650 246 2682 dibile
270 2656 328 2682 est.
376 2651 460 2682 Hinc
485 2650 580 2682 etiam
607 2650 760 2693 oppidum
784 2657 831 2682 est

145 2701 179 2732 in
200 2700 437 2743 Sigambrorum
461 2700 587 2737 finibus,
605 2701 755 2743 Sigebuig
772 2712 829 2732 no-

149 2751 246 2788 mine,
262 2749 378 2782 veteris
399 2750 482 2781 sedis
505 2751 544 2782 ad
569 2751 680 2792 Sigum
705 2761 830 2782 amnem

148 2801 329 2834 memoriam
352 2811 493 2832 servans.
541 2801 742 2843 Quapropter
763 2811 830 2831 oni-

900 1195 988 1226 nium
1015 1193 1189 1225 rectissime
1214 1202 1327 1223 nomeu
1354 1202 1460 1223 eorum
1487 1190 1581 1222 scribi

900 1245 1012 1276 Latine
1032 1249 1123 1287 putat
1139 1244 1306 1285 Sigumbri.

943 1297 998 1326 20.
1028 1294 1167 1324 Protulit
1188 1295 1220 1324 in
1245 1300 1342 1324 terras
1363 1294 1582 1333 imperiumque

899 1344 1022 1385 novus]
1050 1343 1115 1375 Sed
1137 1343 1205 1374 haec
1225 1342 1265 1374 ad
1283 1349 1420 1384 tempus.
1470 1346 1494 1359 “
1509 1341 1581 1372 Dif-

900 1394 1015 1426 ficilius
1039 1399 1088 1425 est
1112 1393 1209 1430 enim,
1235 1392 1339 1435 inquit
1363 1391 1486 1429 Florus,
1511 1402 1582 1434 pro-

900 1443 1022 1475 vincias
1035 1443 1192 1478 obtinere,
1207 1453 1302 1485 quam
1318 1440 1456 1473 faeere.”
1496 1441 1583 1473 Victi

899 1496 1019 1538 quippe
1036 1493 1138 1535 magis
1155 1492 1322 1528 Germani,
1343 1502 1439 1534 quarn
1457 1491 1583 1529 domiti,

900 1545 1063 1576 Romanos
1088 1554 1191 1575 mores
1216 1542 1330 1585 magis,
1355 1553 1452 1585 quam
1478 1552 1580 1578 arma,

898 1596 956 1627 sub
989 1594 1179 1637 imperatore
1211 1593 1318 1624 Druso
1355 1598 1583 1635 susceperant;

899 1646 951 1677 cui
979 1655 1079 1687 quum
1107 1644 1139 1675 in
1165 1643 1298 1686 imperio
1323 1643 1429 1674 Varus
1455 1653 1579 1674 succes-

898 1697 1001 1732 sisset,
1026 1694 1177 1737 superbia
1202 1705 1276 1725 mox
1304 1699 1336 1725 et
1359 1693 1583 1736 intempestiva

899 1746 1089 1777 crudelitate
1116 1745 1238 1775 irritare
1263 1744 1419 1775 victorum
1447 1743 1581 1780 animos,

899 1797 966 1839 qui,
993 1795 1144 1838 correptis
1172 1795 1289 1831 subito,
1318 1793 1462 1826 Arminio
1487 1793 1582 1830 duce,

899 1847 1007 1883 armis,
1023 1846 1183 1878 Varianas
1200 1844 1354 1887 legiones,
1372 1851 1435 1875 tres
1451 1843 1582 1886 quidem

900 1908 1042 1933 numero,
1079 1896 1297 1939 profligarunt.
1346 1897 1426 1932 Qum
1463 1893 1583 1931 clades,

901 1948 969 1989 ἱρὴ]
1005 1946 1169 1978 Cannensi
1206 1945 1293 1977 exitu
1332 1944 1458 1981 foedior,
1494 1950 1583 1976 tanto

903 1999 1085 2039 Augustum
1101 1996 1207 2028 dolore
1223 1996 1372 2031 confecit,
1386 2001 1421 2026 ut
1436 2005 1492 2037 per
1508 2005 1582 2026 con-

901 2047 1006 2079 tinuos
1022 2057 1158 2083 menses,
1173 2047 1285 2083 barba,
1302 2045 1483 2088 capilloque
1498 2057 1583 2077 sum-

902 2098 1008 2134 misso,
1022 2103 1120 2140 caput
1134 2096 1295 2128 interdum
1306 2095 1424 2127 foribus
1435 2095 1583 2132 illideret,

902 2148 1098 2179 vociferans:
1140 2147 1296 2183 Quinc-tili
1331 2146 1418 2182 Vare,
1454 2147 1583 2189 legiones

900 2201 1002 2230 redde.
1048 2199 1136 2230 Suet.
1162 2198 1301 2239 August.
1326 2197 1504 2228 23.—-Non
1530 2197 1582 2228 hic

902 2249 1019 2285 Varus,
1045 2249 1137 2290 cujus
1160 2247 1200 2279 de
1224 2253 1323 2278 morte
1348 2246 1463 2288 virgil.
1479 2247 1581 2279 Hora-

901 2299 963 2329 tius
987 2298 1179 2334 consolatur,
1197 2296 1261 2328 Od.
1279 2296 1306 2327 Ι.
1322 2297 1377 2333 24,
1397 2298 1410 2327 1
1427 2309 1435 2335 ;
1460 2296 1515 2327 sed
1540 2297 1579 2327 ad

901 2348 985 2379 hunc
1002 2346 1203 2379 referendum
1219 2346 1306 2389 quod
1321 2346 1389 2389 ipse
1405 2346 1496 2388 Virg.
1510 2346 1580 2378 Ecl.

900 2399 942 2429 vi.
962 2399 1022 2430 12:
1048 2402 1070 2416 “
1095 2421 1103 2429 .
1118 2421 1125 2428 .
1142 2421 1148 2428 .
1165 2397 1236 2429 Nec
1248 2396 1372 2429 Phoebo
1385 2396 1502 2438 gratior
1514 2397 1582 2428 ulla

900 2454 959 2485 est,
983 2451 1088 2487 Quam
1111 2447 1171 2479 sibi
1196 2458 1268 2489 quae
1287 2446 1367 2479 Vari
1391 2446 1582 2489 praescripsit

901 2499 1021 2542 pagina
1037 2498 1189 2529 nomen.''

945 2550 998 2580 24.
1025 2549 1065 2580 Et
1083 2559 1282 2590 quoscumque
1295 2548 1365 2584 coli,
1380 2547 1460 2588 etc.]
1493 2547 1581 2578 Deos

901 2599 1053 2641 iutelligit
1068 2604 1211 2636 caeteros,
1229 2609 1308 2640 quos
1328 2597 1430 2629 colere
1452 2608 1580 2639 aequum

903 2656 934 2681 et
950 2650 1037 2692 pium
1054 2655 1112 2681 est.

946 2701 998 2732 26.
1030 2700 1171 2731 Forsitan
1204 2707 1231 2730 et
1260 2710 1352 2736 cum,
1380 2698 1460 2738 eto]
1501 2697 1580 2728 Cur-

901 2762 970 2782 rum
995 2751 1063 2793 jam
1091 2749 1317 2793 triumphalem
1352 2755 1456 2780 mente
1491 2758 1581 2779 exor-

903 2802 1014 2832 nabas.
