1830 3220
229 215 287 256 36
633 213 682 252 P.
718 210 934 252 OVJDII
968 208 1253 250 NASONIS

236 329 334 376 Hic
360 329 454 375 fuit
471 327 702 375 Evander
722 345 732 383 ;
764 326 866 389 qui,
885 340 1194 389 quamquam
1214 324 1376 370 clarus
1402 328 1634 383 utroque,

303 406 531 453 Nobilior
551 419 710 455 ⁴sacrae
737 404 979 465 sanguine
1004 401 1177 449 matris
1203 407 1325 448 erat.

234 483 360 538 Quae
387 482 533 529 simul
560 481 790 529 aetherios
812 480 978 526 animo
1004 484 1307 541 conceperat
1331 476 1487 539 ignes,

301 560 402 607 Ore
427 560 581 606 dabat
599 574 714 605 vero
741 556 963 604 carmina
987 556 1138 620 plena
1160 555 1274 601 Dei.

232 638 445 685 Dixerat
467 637 590 691 haec,
618 642 735 682 nato
761 641 927 681 motus
953 634 1139 680 instare
1166 632 1380 695 sibique,

1537 632 1634 676 475

300 714 568 777 Multaque
593 720 851 777 praeterea,
879 720 1105 775 tempore
1131 717 1279 757 nacta
1302 709 1472 757 fidem.

234 791 366 839 Nam
387 791 602 854 juvenis,
630 806 746 837 vera
769 789 979 836 nimium
1006 805 1121 835 cum
1141 794 1299 834 matre
1323 786 1541 849 fugatus,

301 868 504 916 Deserit
529 867 813 922 Arcadiam,
844 866 1270 928 Parrhasiumque
1296 866 1467 913 larem.

235 946 332 992 Cui
353 946 567 1008 genitrix
592 945 748 1000 flenti,
778 944 999 991 Fortuna
1021 944 1240 997 viriliter,
1264 943 1443 1006 inquit,

303 1023 452 1078 Siste,
480 1039 621 1087 puer,
650 1023 915 1086 lacrymas,
943 1021 1038 1068 ista
1062 1021 1267 1068 ferenda
1290 1021 1380 1067 tibi
1407 1026 1499 1069 est.
1535 1021 1634 1066 480

235 1100 318 1148 Sic
339 1107 445 1148 erat
470 1101 519 1146 in
544 1099 658 1147 fatis
679 1117 688 1147 :
730 1115 822 1146 nec
850 1106 899 1146 te
928 1106 1014 1145 tua
1038 1099 1188 1162 culpa
1211 1097 1416 1160 fugavit,

301 1178 403 1225 Sed
432 1177 570 1225 Deus
593 1196 603 1235 ;
646 1176 837 1223 offenso
865 1177 1038 1240 pulsus
1064 1192 1118 1223 es
1144 1177 1267 1223 urbe
1295 1175 1422 1223 Deo.

232 1255 347 1303 Non
374 1255 534 1302 meriti
562 1270 759 1318 poenam
786 1253 989 1318 pateris,
1018 1253 1106 1301 sed
1127 1253 1343 1300 numinis
1369 1253 1520 1302 iram:

300 1333 393 1381 Est
419 1333 608 1397 aliquid
635 1333 830 1395 magnis
857 1332 1045 1379 crimen
1072 1332 1250 1379 abesse
1275 1331 1436 1379 malis.

1533 1333 1631 1378 484

235 1412 454 1459 Conscia
477 1428 618 1458 mens
640 1418 694 1458 ut
718 1411 902 1474 cuique
929 1426 1019 1458 sua
1043 1417 1136 1466 est,
1164 1410 1233 1457 ita
1258 1408 1479 1472 concipit
1504 1409 1633 1456 intra

298 1489 512 1537 Pectora
537 1505 625 1554 pro
651 1488 781 1536 facto
807 1504 1054 1552 spemque
1079 1495 1373 1551 metumque
1399 1503 1505 1534 suo.

232 1641 365 1683 Dionys,
384 1641 546 1672 Halicarn.
563 1640 583 1671 i.
601 1641 654 1671 31.
698 1641 835 1671 Nobilior
849 1652 893 1671 sa-

229 1701 286 1721 croe
298 1693 415 1726 matris,
427 1690 501 1732 quia
513 1701 620 1721 omnes
634 1696 764 1720 matrem
778 1701 895 1721 memo-

229 1741 351 1776 rabant,
373 1751 436 1770 non
457 1739 566 1770 itidem
593 1745 726 1781 patrem.
773 1738 893 1774 Livius,

230 1789 251 1819 i.
277 1789 318 1819 7:
347 1794 366 1806 ‘⁴
386 1788 606 1819 Venerabilior
633 1788 801 1819 divinitate
830 1799 894 1819 cre-

229 1837 296 1869 dita
313 1839 491 1869 Carmentae
508 1838 658 1869 matris.''
692 1838 824 1868 Lenzius
838 1849 895 1879 pu-

228 1894 276 1918 tat
287 1888 450 1923 Ovidium,
462 1898 533 1918 cum
543 1887 650 1918 Servio
664 1887 703 1918 ad
715 1887 895 1929 Virgilium,

228 1937 377 1968 Evandro
400 1937 545 1967 tribuisse
570 1944 688 1978 patrem
706 1937 894 1968 Echemum.

231 1987 349 2017 Verum
366 1985 411 2016 ita
424 1985 477 2016 ille
489 1985 540 2015 vix
556 1987 659 2016 clarus
671 1985 732 2016 dici
746 1986 897 2027 potuisset

229 2034 324 2065 etiam
364 2040 494 2076 paterno
531 2035 694 2076 sanguine.
750 2035 896 2066 Evandro

230 2083 436 2115 describendo
454 2094 514 2114 non
529 2083 721 2120 immoratur,
739 2083 793 2114 sed
811 2084 892 2115 festi·

231 2139 285 2164 nat
301 2133 339 2163 ad
357 2139 488 2163 matrem
505 2132 679 2164 fatidicam.
714 2134 818 2165 Sacra.
844 2134 895 2165 Sic

229 2194 312 2214 sacer
330 2183 476 2222 Orpheus.
500 2184 609 2214 Horat.
625 2183 695 2214 Art.
712 2184 800 2214 Poet.
817 2185 892 2215 391.

231 2232 499 2274 AEtheriifnrores
519 2233 558 2264 de
578 2232 779 2274 inspiratione
799 2234 892 2265 etiam

230 2294 259 2313 v.
284 2283 357 2313 446.
394 2284 551 2318 Carmina,
578 2283 728 2314 vaticinia
755 2284 895 2315 versibus

229 2333 414 2373 composita.
484 2333 683 2374 Loquebatur
720 2331 755 2363 δι’
791 2332 891 2374 ιμ’ὃῆς.

231 2381 364 2422 Dionys.
382 2381 542 2412 Halicarn.
559 2381 643 2412 dicto
660 2382 747 2412 loco:
775 2383 846 2421 Τήν
861 2382 892 2413 δὲ

230 2431 372 2471 γυναῖκα
389 2430 515 2469 ταύτην
528 2430 720 2473 ὁμολογοῦσι
736 2430 892 2474 δαιμονίῳ

229 2479 391 2520 πνεύματι
416 2479 624 2521 κατάσχετον
652 2480 830 2522 γινομένην
854 2482 893 2513 τὰ

230 2528 394 2571 μέλλοντα
423 2529 618 2571 συμβαίνειν
645 2531 691 2571 τῷ
714 2529 834 2568 πλήθει
857 2530 893 2562 δι’

229 2577 318 2620 (ῥδῆς
332 2578 518 2620 προλέγειν.
564 2579 593 2608 Α
610 2579 780 2610 Plutarcho
796 2580 890 2612 Rom.

231 2629 283 2658 21.
298 2633 437 2665 vocatur,
452 2630 594 2669 μαντικὴ
621 2629 672 2659 καὶ
696 2629 891 2670 φοιβαστική

228 2675 395 2720 ἐμμέτρων
417 2680 586 2719 χρησμῶν.
635 2678 731 2707 Plena
756 2678 813 2707 Dei
836 2690 888 2720 po-

229 2732 291 2758 test
304 2732 335 2758 et
350 2726 389 2758 ad
404 2726 554 2763 carmina,
567 2734 598 2757 et
614 2727 650 2757 ad
662 2732 762 2758 vatem
777 2727 890 2760 ἔνθεον

231 2775 346 2807 referri.

1009 1640 1085 1670 475.
1110 1640 1224 1675 Motus,
1251 1639 1349 1669 turbae
1375 1638 1495 1670 civiles.
1542 1639 1632 1671 Sedi-

965 1689 1049 1719 tione
1064 1689 1354 1730 coorta‚expulsum
1371 1699 1438 1719 esse
1450 1689 1631 1721 Evandrum

965 1743 1069 1768 narrat
1094 1738 1225 1779 Dionys.
1263 1737 1326 1768 Sed
1348 1737 1475 1768 Servius
1494 1738 1534 1769 ad
1556 1740 1630 1770 AEn.

964 1787 1029 1818 viii.
1060 1789 1112 1819 51.
1143 1787 1235 1818 aliam
1266 1788 1347 1829 fugae
1372 1798 1500 1819 causam
1528 1788 1630 1820 affert.

967 1837 1082 1873 Multa,
1107 1837 1201 1879 quale.
1229 1837 1347 1873 Livius,
1369 1838 1390 1867 i.
1411 1838 1440 1868 7.
1465 1845 1629 1876 memorat,

965 1893 996 1917 et
1015 1888 1131 1917 Noster
1151 1887 1181 1917 in
1203 1898 1272 1929 sqq.
1312 1887 1461 1927 Tempore,
1483 1888 1631 1930 temporis

963 1935 1108 1966 decursu.
1149 1937 1380 1977 Nacta-fidem.-
1405 1936 1476 1968 vide
1499 1937 1540 1967 ad
1561 1948 1629 1968 ver-

963 1996 1030 2016 sum
1047 1987 1122 2016 359.
1152 1986 1239 2022 Vera,
1252 1997 1356 2017 verax.
1382 1987 1535 2028 Fugatus.
1549 1987 1629 2019 Inde

963 2034 1081 2071 Livius,
1107 2035 1191 2066 dicto
1214 2035 1295 2071 loco,
1312 2035 1461 2077 profugus
1484 2047 1518 2067 eae
1540 2037 1628 2068 Pelo-

961 2095 1087 2123 ponneso
1102 2090 1242 2116 vocatur.
1266 2085 1557 2117 NosterArcadiam
1572 2098 1630 2119 no-

963 2133 1072 2169 minat,
1087 2139 1118 2164 et
1139 2134 1269 2165 licentia
1286 2134 1409 2176 poetica
1425 2135 1513 2167 addit
1533 2137 1628 2167 Parr-

963 2183 1135 2224 hasiumque
1147 2185 1252 2219 larem,
1265 2195 1458 2226 quamquam
1473 2186 1629 2225 Evander,

966 2239 998 2263 ut
1015 2233 1081 2274 jam
1102 2239 1173 2264 ante
1190 2233 1354 2269 monitum,
1371 2234 1517 2267 Palantio
1532 2237 1629 2268 venit.

962 2282 1023 2312 Sed
1038 2289 1069 2313 et
1085 2282 1115 2312 in
1131 2293 1200 2323 sqq.
1218 2282 1387 2314 Carmenta
1402 2294 1474 2315 mox
1495 2285 1625 2328 Tegeaea,

963 2342 1032 2361 mox
1047 2332 1188 2362 Mffnalis
1199 2338 1340 2363 vocatur.
1379 2333 1429 2364 De
1444 2334 1627 2374 Parrhasiis,

962 2381 1122 2412 Arcadum
1143 2388 1241 2424 parte,
1257 2382 1329 2413 vide
1351 2383 1489 2415 Pausan.
1507 2385 1627 2418 Arcad.

962 2442 993 2472 p.
1011 2432 1083 2462 657.

1006 2481 1081 2511 480.
1096 2482 1181 2518 Siste,
1192 2483 1302 2523 picen]
1326 2483 1420 2517 Puer,
1433 2483 1490 2514 fili.
1511 2484 1624 2516 Non—

961 2532 1050 2561 iram.
1076 2531 1153 2562 Haec
1170 2532 1379 2574 ταυτολόγως
1393 2533 1538 2575 repetita.
1565 2535 1625 2566 Pro

958 2592 1093 2622 spemque
1117 2588 1283 2623 metumque
1308 2576 1510 2615 Burmannus
1535 2585 1626 2616 malit

958 2641 1072 2670 spemve
1094 2637 1248 2662 metumve.
1286 2632 1374 2663 Idem
1400 2640 1500 2674 putat,
1527 2634 1623 2666 Ovid.

959 2680 1060 2710 verbis
1082 2680 1201 2722 offenso,
1218 2688 1280 2713 etc.
1301 2681 1441 2714 allusisse
1465 2683 1505 2714 ad
1530 2695 1620 2715 suum

959 2728 1112 2760 exsilium.
