1830 3220
693 151 1167 195 HALIEUTICON.

1557 156 1641 196 451

203 265 320 315 Vim
348 268 510 332 spinae
537 269 780 333 novitque
807 285 942 327 suae;
985 287 1236 336 versoque
1263 271 1478 337 supinus

202 344 448 411 Corpore,
477 348 581 396 lina
607 356 764 404 secat,
792 349 1060 414 fixumque
1088 350 1346 415 intercipit
1372 351 1597 399 hamum.

269 503 458 553 Cetera
484 521 599 569 quae
625 506 811 554 densas
838 506 1072 554 habitant
1098 509 1336 556 animalia
1361 509 1529 564 silvas,

199 580 307 630 Aut
332 584 445 630 vani
473 584 711 647 quatiunt
738 601 941 649 semper
967 585 1235 650 lymphata
1262 586 1487 644 timores,

196 659 304 708 Aut
330 661 485 710 trahit
511 662 560 710 in
589 679 819 728 praeceps
847 680 945 711 non
972 680 1098 712 sana
1124 664 1312 713 ferocia
1337 665 1540 714 mentis.
1571 669 1636 714 50

198 737 320 803 Ipsa
347 741 493 805 sequi
524 740 723 790 Natura
748 750 937 797 monet,
967 743 1046 790 vel
1076 743 1309 791 cominus
1337 744 1424 792 ire.

197 816 424 883 Impiger
449 836 571 869 ecce
600 819 703 869 Leo
728 829 1006 870 venantum
1037 829 1266 871 sternere
1294 823 1460 887 pergit

195 896 435 960 Agmina,
465 906 517 947 et
543 899 769 948 adversis
797 899 947 948 infert
973 917 1065 948 sua
1092 908 1303 966 pectora
1329 901 1443 949 telis
1466 920 1474 949 :

197 974 418 1042 Quoque
445 979 599 1036 venit,
628 979 791 1028 fidens
818 980 980 1044 magis
1007 988 1060 1029 et
1085 982 1332 1029 sublatior
1358 982 1517 1039 ardet,

197 1055 579 1123 Concussitque
607 1067 759 1117 toros,
789 1068 841 1108 et
867 1060 1058 1109 viribus
1087 1061 1283 1109 addidit
1310 1061 1465 1119 iram;
1567 1066 1631 1110 55

197 1132 450 1193 Prodidit,
479 1144 636 1202 atque
663 1154 755 1186 suo
784 1147 1021 1204 properat
1047 1140 1143 1187 sibi
1170 1141 1348 1188 robore
1376 1140 1552 1189 letum.

192 1310 280 1340 quem
304 1311 363 1330 uon
391 1302 480 1335 vidit,
505 1301 652 1332 Ambros.
701 1302 797 1344 Lege,
818 1314 881 1343 quer

193 1354 342 1387 concutit,
374 1350 437 1387 vel,
465 1363 530 1392 quae
568 1354 714 1383 cantinet.
749 1353 833 1384 Met.
860 1353 880 1383 i.

195 1400 278 1431 143:
304 1405 324 1418 ‘¹
339 1400 590 1443 Sanguineaque
608 1413 704 1433 manu
720 1403 878 1445 crepitan-

195 1456 241 1482 tia
255 1453 394 1483 concutit
411 1452 537 1483 arma.”

239 1502 295 1532 47.
323 1502 467 1543 Corpore,
494 1502 590 1544 litun]
625 1502 749 1535 Plinius
775 1504 820 1535 ix.
846 1515 878 1536 c.

191 1552 255 1583 59:
296 1552 479 1589 “Anthiae,
510 1564 609 1596 quum
647 1564 746 1585 unum
783 1554 878 1586 hamo

193 1602 294 1634 teneri
321 1602 471 1640 viderint,
494 1603 605 1646 spinis,
628 1614 708 1646 quas
731 1604 762 1636 in
787 1604 879 1636 dorso

194 1660 331 1685 serratas
362 1653 492 1690 habent,
524 1653 640 1684 lineam
674 1665 783 1686 secare
815 1660 876 1686 tra-

192 1703 323 1741 duntur,
351 1715 400 1740 eo,
425 1703 480 1747 qui
507 1710 642 1740 tenetur,
669 1705 877 1742 extendente,

193 1760 228 1786 ut
258 1754 390 1797 praecidi
419 1754 530 1798 possit.
586 1754 631 1786 At
661 1756 742 1787 inter
770 1767 878 1798 sargos

189 1806 258 1849 ipse
282 1806 336 1849 qui
363 1811 500 1843 tenetur,
525 1806 565 1838 ad
585 1806 734 1849 scopulos
759 1806 876 1838 lineam

191 1856 300 1888 terit.'’
350 1856 417 1887 Imo
443 1862 476 1888 et
501 1856 568 1899 ipse
593 1856 733 1887 Anthias
758 1857 818 1887 sibi
844 1856 875 1888 id

189 1913 332 1950 praestat,
351 1913 387 1938 ut
411 1907 527 1938 Noster
548 1906 667 1946 tradi13
691 1917 798 1949 quem,
818 1908 874 1938 ol)-

188 1957 267 1990 litus
300 1958 361 1994 sui,
391 1957 436 1989 ita
467 1957 519 1989 liic
551 1957 694 2000 sequitur
721 1958 870 1989 Plinius:

188 2008 381 2040 “Ambiani
398 2008 495 2039 tradit
517 2007 602 2039 idem
625 2007 759 2039 infixum
781 2007 875 2039 haino

190 2060 346 2092 invertere
363 2070 407 2096 se,
425 2058 576 2101 quoniam
594 2059 634 2090 sit
650 2058 740 2090 dorso
760 2059 873 2090 cultel-

189 2111 268 2147 lato,
308 2110 466 2153 spinaque
508 2109 626 2141 lineam
666 2109 874 2152 praesecare.'’

188 2163 241 2194 Ita
264 2162 335 2205 jam
362 2161 485 2193 dudum
516 2160 640 2192 restitui
675 2160 873 2203 corruptissi-

190 2224 276 2244 mum
308 2212 426 2249 locum,
451 2222 548 2254 quem
579 2217 635 2243 ant
662 2210 778 2243 frustra
803 2218 871 2243 ten-

186 2270 270 2301 tant,
302 2269 358 2295 aut
393 2268 514 2294 temere
549 2262 644 2294 nimis
678 2263 874 2305 prostituunt

186 2315 336 2347 editores.
368 2312 717 2344 VL1T.—Anthiarum
758 2320 871 2356 captu-

185 2377 253 2398 ram
277 2364 441 2406 eleganter
461 2363 614 2395 describit
632 2363 775 2407 Oppian.
804 2365 870 2395 ssa-

185 2417 276 2448 lieut.
295 2427 324 2446 v.
341 2416 406 2446 305
422 2425 493 2457 sqq.

231 2467 287 2497 48.
325 2464 468 2506 Cetera]
507 2464 696 2506 Digreditur
725 2463 766 2495 ad
803 2464 870 2495 ani-

186 2522 312 2548 mantes
339 2522 513 2552 terrestres,
541 2521 577 2546 ut
604 2526 659 2546 eas
689 2514 794 2546 minus
823 2514 871 2546 in—

185 2567 329 2604 dustriae,
351 2567 402 2598 vel
427 2567 565 2602 astutiae,
583 2577 680 2609 quam
702 2566 871 2609 plerosque

185 2618 290 2662 pisces
304 2617 422 2648 habere
439 2616 599 2648 ostendat.
637 2616 746 2658 Equos
762 2622 869 2648 tamen

186 2675 219 2701 et
234 2679 332 2701 canes
347 2668 470 2700 laudat.
495 2667 597 2698 Imm.

230 2721 284 2753 49.
308 2721 374 2751 Aut
400 2718 502 2760 vani]
538 2719 578 2750 Id
606 2724 667 2754 est,
692 2723 749 2750 aut
779 2717 873 2749 nimis

187 2777 264 2803 sunt
291 2770 418 2807 timida,
448 2776 503 2802 aut
529 2769 622 2801 nimis
649 2768 805 2801 audacia:
840 2774 872 2800 et

952 1302 1049 1333 animi
1066 1308 1188 1333 tantum
1210 1302 1339 1339 affectu,
1357 1313 1418 1334 non
1435 1303 1565 1345 ingenio
1581 1310 1637 1336 aut

952 1352 1069 1384 astutia
1085 1353 1194 1395 aliqua
1210 1358 1352 1385 utuntur.
1378 1354 1486 1386 Gssx.

995 1405 1049 1436 51.
1074 1403 1145 1443 Ilua
1168 1405 1250 1444 sequi
1274 1410 1402 1441 natura,
1425 1405 1504 1446 etc.]
1538 1406 1634 1448 Sequi

950 1452 1117 1495 fugientia,
1132 1460 1164 1484 et
1178 1453 1323 1485 cominus
1339 1455 1383 1485 ire
1403 1454 1636 1486 resistentibus.

950 1504 1052 1535 lomi.
1078 1504 1139 1535 llic
1157 1514 1266 1534 versus
1281 1504 1443 1543 estinfra3
1468 1504 1554 1536 unde
1565 1503 1634 1536 haec

949 1554 1055 1585 omnia
1084 1564 1101 1585 e
1127 1554 1192 1585 suis
1217 1554 1295 1584 locis
1321 1555 1485 1591 convulsa,
1510 1560 1542 1586 et
1566 1561 1632 1586 tur-

950 1604 1078 1646 pissimo
1106 1605 1222 1636 mendo
1246 1604 1436 1640 deformata,
1461 1605 1510 1637 vel
1535 1605 1634 1637 etiam

949 1654 1131 1686 adulterina
1163 1665 1246 1692 esse,
1279 1655 1334 1697 qui
1364 1655 1487 1697 judicio
1523 1655 1633 1699 pollet,

949 1705 1038 1736 nullo
1056 1705 1184 1748 negotio
1206 1705 1451 1737 animadvertet.
1477 1707 1634 1738 C.—Mo-

951 1763 1009 1786 ret.
1027 1755 1105 1793 Alii,
1122 1763 1232 1792 monet,
1250 1755 1300 1787 vel
1316 1755 1419 1787 docet.
1446 1755 1488 1788 G.
1527 1756 1631 1789 Monet

948 1806 1042 1838 MSS.
1058 1812 1090 1838 et
1107 1806 1193 1838 Pith.
1210 1813 1316 1838 movet.
1342 1805 1417 1837 Ald.
1436 1808 1478 1838 V.

991 1858 1045 1889 52.
1070 1857 1204 1899 Impiger
1227 1863 1255 1888 et
1280 1859 1339 1888 tolo
1368 1864 1531 1888 venantum
1557 1864 1633 1889 ster-

947 1919 1018 1939 nere
1039 1911 1140 1951 pergit
1167 1908 1329 1951 Agmina]
1378 1908 1416 1939 In
1442 1909 1538 1939 verbo
1564 1910 1634 1946 telo,

947 1958 1098 1990 mendum
1130 1959 1233 1990 inesse
1264 1965 1350 1990 recte
1382 1959 1509 2001 putavit
1537 1959 1631 1991 Ciac-

947 2019 1069 2048 ccnus3
1101 2016 1133 2040 et
1158 2010 1230 2045 Leo,
1258 2020 1356 2052 quum
1387 2009 1426 2040 de
1453 2009 1524 2041 aliis
1551 2009 1633 2042 infra

948 2060 1020 2091 seris
1045 2067 1132 2102 agat,
1150 2061 1237 2102 legit.
1286 2061 1354 2102 Fgo
1375 2071 1461 2097 vero,
1480 2061 1630 2103 quoniam

945 2111 1073 2154 syllaba
1096 2112 1123 2143 le
1139 2111 1245 2143 brevis
1263 2118 1322 2148 est,
1338 2117 1370 2142 et
1391 2121 1520 2142 carmen
1541 2110 1630 2143 clau—

946 2160 1045 2198 dicat,
1069 2172 1086 2193 a
1113 2162 1275 2194 veteribus
1299 2161 1494 2193 editionibus
1517 2171 1631 2204 parum

943 2212 1107 2249 recedens,
1125 2213 1196 2254 lego
1211 2224 1216 2242 :
1244 2211 1379 2254 Impiger
1395 2223 1461 2243 ecce
1476 2212 1548 2249 Leo,
1564 2217 1629 2243 etc.

948 2262 1124 2294 Venantum
1146 2269 1254 2294 autem
1271 2261 1455 2293 emendavit
1473 2261 1557 2293 idem
1575 2261 1630 2294 Ci-

943 2322 1094 2349 acconus,
1110 2323 1209 2355 quum
1235 2318 1331 2344 antea
1351 2312 1437 2344 male
1458 2312 1629 2355 legeretur,

947 2362 1101 2394 Venatem.
1126 2363 1222 2395 Cior.

986 2415 1039 2446 54.
1065 2415 1190 2456 Quoque
1206 2414 1318 2456 venia]
1346 2415 1465 2446 Sensus
1480 2413 1627 2445 videtur:

942 2475 1005 2506 quo
1022 2465 1167 2508 proprius
1181 2464 1278 2502 venit,
1294 2464 1346 2496 vel
1363 2475 1426 2508 quo
1439 2463 1542 2506 magis
1558 2464 1628 2496 vul·

942 2521 1080 2546 neratur.
1105 2515 1213 2547 stx.

986 2567 1038 2596 55.
1066 2565 1185 2607 Toros.]
1220 2564 1257 2597 Id
1284 2571 1332 2596 est
1355 2569 1463 2607 partes
1489 2563 1627 2606 corporis

940 2627 1099 2648 carnosas.
1123 2616 1229 2648 IDEM.

985 2668 1039 2700 56.
1065 2667 1239 2709 Prodidit]
1267 2665 1416 2702 Mallem,
1440 2666 1576 2706 proruit,
1599 2664 1625 2696 si

941 2717 1046 2750 active
1065 2717 1285 2762 acciperetur:
1311 2717 1404 2747 simul
1423 2715 1626 2756 omnesforas

940 2776 1098 2809 proruunt
1120 2780 1160 2805 se,
1175 2768 1304 2800 Terent.
1328 2765 1624 2799 IDEM.—-Thuan.
