1809 3220
245 155 333 198 374
782 154 1131 197 EXCURSUS

246 279 338 314 tum
366 272 555 329 jacebat,
593 277 839 313 caruerunt.
900 271 1081 314 Joannis
1113 273 1343 314 Laurentii
1375 271 1666 328 Philadelphi-

246 342 360 383 ensis
389 341 505 398 Lydi
536 341 601 382 aio
634 341 887 395 opusculum
911 340 1116 383 Graecum
1147 342 1201 383 de
1234 341 1463 390 mensibus,
1495 343 1610 397 quod
1640 357 1666 384 e

245 411 413 453 duobus
435 411 560 452 codd.
587 410 815 451 Barberin.
838 417 881 451 et
903 410 1046 452 Vatic.
1070 416 1166 465 post
1186 411 1404 466 specimen
1427 411 1665 454 exhibitum

244 482 287 522 in
320 479 578 521 Bibliothelc.
612 479 654 520 d.
690 480 943 521 Litteratur
972 495 1013 521 u.
1050 481 1216 522 Kunst.
1247 480 1399 530 Stat-lc,
1429 481 1471 523 7.
1505 480 1664 536 Lipsiae

246 549 384 591 edidit
408 549 509 590 Nic.
533 548 703 596 Schow,
726 549 834 603 prof.
854 549 1133 596 Hauniensis,
1149 549 1277 591 1794.
1312 549 1455 602 Quam
1479 550 1665 592 maxime

245 619 430 674 gaudeo,
457 618 547 673 jam
581 618 747 672 pridem
780 617 989 659 Lenzium
1012 618 1069 661 V.
1094 618 1145 660 C.
1175 619 1217 660 in
1244 619 1352 660 libro
1382 619 1571 668 laudato,
1594 619 1666 661 vel

245 689 300 729 ad
339 688 558 743 specimen
597 687 716 736 illud,
752 688 865 742 quod
906 689 958 729 ad
997 688 1075 729 hoc
1115 695 1418 744 argumentum
1456 689 1665 730 accedere

244 758 436 805 videbat,
457 759 642 798 animum
667 757 902 798 attendisse
926 757 1107 812 ejusque
1131 757 1224 799 loca
1245 772 1343 799 cum
1368 758 1528 800 Ovidio
1551 772 1666 799 com-

244 842 445 882 parasse3
483 827 608 881 hujus
639 835 782 869 autem
814 827 896 869 loci
928 828 1197 882 potissimum
1230 843 1326 870 esse
1359 828 1524 883 putavi,
1561 843 1665 883 quo-

242 897 369 938 modo
393 897 469 938 hoc
489 899 696 952 scriptore
718 898 760 938 iu
780 897 940 938 Ovidio
961 897 1167 938 utendum
1191 898 1258 946 sit,
1274 897 1423 952 paucis
1445 897 1668 939 adnotare.

246 967 457 1022 Congerit
476 966 541 1007 hic
565 967 699 1008 seculi
720 967 834 1008 sexti
857 967 1107 1022 compilator
1123 967 1370 1009 adversaria
1387 982 1464 1009 sua
1481 982 1505 1008 e
1522 967 1667 1008 multis

243 1037 522 1090 scriptoribus
545 1043 673 1077 antea
694 1037 786 1078 fere
809 1037 979 1092 ignotis,
1003 1044 1061 1083 et,
1087 1043 1133 1077 ut
1158 1036 1292 1077 multa
1313 1037 1468 1078 frivola
1487 1051 1667 1092 praeser-

245 1106 319 1147 tim
352 1107 444 1147 sine
478 1107 591 1147 omni
617 1107 767 1148 ordine
795 1121 892 1148 eum
923 1107 1129 1149 exhibere
1159 1122 1283 1148 nemo
1314 1106 1476 1148 inficias
1499 1113 1587 1156 eat,
1607 1106 1668 1146 ita

243 1176 401 1230 passim
436 1176 530 1218 loca
559 1176 636 1217 boc
666 1183 967 1232 argumentum
997 1176 1202 1231 praeclare
1236 1176 1492 1218 illustrantia
1521 1175 1562 1217 ei
1594 1176 1669 1217 de-

245 1245 337 1286 beri
362 1246 690 1287 concedendum
721 1253 800 1286 est.
865 1245 928 1287 Ut
956 1246 1047 1286 ficri
1079 1246 1187 1287 solet
1219 1247 1262 1287 in
1294 1245 1506 1302 ejusmodi
1536 1243 1666 1286 homi-

245 1316 383 1364 nibus,
413 1331 478 1363 ea,
504 1331 600 1370 quae
635 1315 823 1370 ipsorum
856 1323 970 1364 sunt,
996 1315 1250 1370 plerumque
1281 1316 1455 1371 quidem
1484 1329 1595 1356 vana
1624 1320 1669 1355 et

241 1385 390 1440 inepta
420 1386 708 1440 reperiuntur,
732 1385 808 1426 sed
839 1391 1065 1426 servarunt
1097 1385 1216 1426 nobis
1248 1385 1505 1440 optimorum
1537 1384 1667 1425 etiam

245 1455 515 1509 scriptorum,
540 1469 646 1510 quos
680 1461 781 1495 tunc
819 1455 1021 1509 temporis
1053 1455 1248 1496 manibus
1281 1455 1419 1496 adhuc
1452 1453 1665 1502 terebant,

245 1526 479 1566 sententias
512 1531 556 1565 et
591 1525 699 1573 loca,
729 1531 774 1564 ut
803 1531 850 1565 ut
879 1525 1096 1565 interdum
1128 1524 1307 1566 confusa
1338 1531 1383 1566 et
1415 1523 1600 1572 turbata,
1625 1523 1667 1564 in

245 1594 400 1650 quibus
430 1595 716 1650 expediendis
747 1595 857 1635 baud
887 1609 981 1635 raro
1011 1600 1202 1635 nostrum
1232 1609 1415 1635 acumen
1442 1597 1666 1634 exercent.

246 1663 296 1705 In
321 1664 397 1705 boc
422 1671 580 1712 nostro,
606 1670 655 1705 ut
676 1664 718 1704 in
742 1678 827 1719 quo
852 1663 948 1712 alio,
974 1671 1100 1704 caute
1126 1664 1386 1704 versandum
1415 1662 1511 1711 erit,
1535 1674 1666 1716 quum
1691 1696 1695 1700 Α

246 1733 358 1774 haud
388 1733 514 1774 facile
544 1734 696 1788 aliquis
730 1739 889 1781 exstet,
913 1733 986 1789 qui
1019 1747 1086 1774 res
1119 1733 1306 1774 maxime
1338 1732 1497 1773 alienas
1530 1729 1667 1785 magis

245 1803 439 1852 misceat,
471 1811 515 1845 et
546 1818 832 1859 quaecumque
865 1804 904 1844 ei
935 1803 1046 1844 forte
1080 1802 1402 1850 succurrebant,
1426 1801 1516 1843 sine
1549 1805 1668 1841 certa

246 1873 410 1914 ratione
444 1882 489 1914 et
519 1874 695 1915 consilio
719 1874 889 1929 jungat,
914 1874 974 1915 ita
1003 1880 1050 1914 ut
1080 1879 1193 1914 totus
1219 1872 1325 1913 liber
1347 1870 1490 1926 potius
1517 1870 1667 1911 adver-

247 1943 455 1984 sariorum
496 1944 687 1998 undique
729 1958 1009 1991 corrasorum,
1050 1942 1279 1997 aliquando
1317 1940 1665 1996 digerendorum,

247 2026 375 2066 quam
402 2012 509 2067 justi
542 2013 674 2053 libelli
708 2013 897 2068 speciem
932 2027 1022 2067 prae
1057 2027 1103 2053 se
1139 2013 1253 2053 serre
1289 2010 1393 2052 mihi
1428 2010 1666 2051 videam-⁰.

246 2081 444 2122 Maxima
480 2082 573 2137 ejus
611 2083 835 2124 commoda
870 2083 1041 2124 omniuo
1081 2082 1325 2123 redundant
1360 2080 1414 2122 ad
1450 2079 1665 2121 historiam

245 2149 455 2192 festorum
484 2153 787 2200 recentiorum,
811 2167 908 2207 quae
937 2151 1028 2193 fere
1059 2152 1112 2192 ad
1144 2152 1237 2207 ejus
1264 2157 1457 2204 tempora
1479 2148 1668 2203 pertine-

246 2220 363 2269 bant,
388 2222 460 2262 ubi
490 2222 682 2276 inprimis
706 2222 974 2264 Kalendario
998 2221 1271 2264 Constantini
1301 2221 1343 2261 in
1375 2219 1519 2261 multis
1548 2217 1665 2259 illus-

247 2290 401 2330 trando
418 2290 609 2340 inservit,
626 2307 666 2332 v.
685 2306 722 2333 c.
746 2307 787 2346 p.
802 2291 873 2333 62.
894 2292 948 2333 de
963 2298 1158 2332 votorum
1175 2289 1516 2344 nuncupatione;
1537 2286 1663 2343 p.-80.

249 2358 304 2399 de
327 2358 664 2408 Mamuralibus;
696 2360 766 2402 84.
794 2360 993 2409 Pelusiis,
1017 2359 1255 2408 Hilaribus,
1281 2364 1366 2400 etc.

290 2514 305 2528 ⁰
328 2509 493 2552 Siquidem
508 2511 552 2541 V.
570 2510 607 2542 C.
626 2521 733 2542 mense
752 2512 771 2543 J
775 2511 920 2548 anuario,
984 2511 1052 2554 jani
1069 2522 1183 2553 genere
1204 2517 1236 2542 et
1259 2512 1352 2543 rebus
1371 2510 1469 2553 gestis
1490 2510 1664 2553 exponit—

247 2570 319 2603 cap.
335 2561 365 2591 6.
389 2571 408 2591 a
430 2559 587 2602 magnetis
610 2566 642 2592 et
662 2561 778 2603 piperis
802 2561 921 2593 arboris
990 2568 1022 2593 et
1051 2573 1126 2593 cum
1155 2561 1257 2593 Esaiae
1290 2561 1394 2604 capite
1422 2561 1444 2592 i.
1469 2571 1534 2592 ver.
1559 2562 1594 2591 ll
1613 2571 1662 2602 sq.

246 2617 371 2648 natura,
391 2610 431 2641 ad
454 2617 540 2642 ortus
563 2617 595 2642 et
617 2621 748 2642 occasus
771 2623 921 2654 quorum·
990 2612 1224 2643 commentariis
1239 2612 1304 2643 suis
1319 2612 1351 2642 in
1366 2611 1554 2644 Januarium
1570 2611 1664 2642 finem

247 2660 322 2692 dam
338 2661 487 2698 siderum,
505 2669 537 2693 et
552 2673 624 2704 cap.
643 2662 674 2693 7.
697 2659 769 2705 post
784 2664 922 2694 Junonis
990 2661 1133 2704 imponit.
1159 2662 1288 2699 Omnia,
1301 2669 1334 2693 ut
1348 2667 1433 2693 certe
1446 2660 1580 2697 videtur,
1597 2660 1664 2692 sine

248 2711 450 2753 allegoricam
472 2711 760 2754 interpretationem
782 2712 821 2743 de
843 2713 919 2743 Tra·
991 2723 1087 2744 causa
1103 2724 1118 2743 e
1135 2713 1179 2744 rei
1195 2718 1306 2744 natura
1320 2712 1441 2744 oblata.
