1809 3220
279 310 364 350 ⁵32
818 305 1164 348 ExcURsus

283 424 393 464 lbidi
425 437 521 464 cum
550 421 723 463 Nasone
741 421 812 477 jus
837 429 1001 464 arctum
1025 421 1351 464 necessitudinis
1384 422 1698 469 intercesserat,

281 500 325 533 ut
347 508 403 534 ex
428 492 489 532 his
514 491 673 546 liquido
697 498 841 547 patet:

436 561 600 599 Desinet
621 575 702 599 esse
723 561 828 612 prius
848 561 1062 599 contrarius
1083 561 1237 612 ignibus
1255 560 1403 604 humor,

488 625 513 661 J
518 633 709 676 unctaque
729 638 816 662 cum
836 624 950 662 Luna
970 624 1117 662 lumina
1138 623 1239 663 Solis
1258 631 1386 663 erunt.

276 716 448 757 Deinde
473 721 568 770 post
589 722 746 756 ἀδύνατα
767 716 913 764 multa,

429 807 558 853 Quam
579 806 673 843 mihi
694 807 744 844 sit
764 813 907 851 tecum,
928 807 1062 858 positis
1081 820 1167 858 qum
1187 807 1422 857 sumpsimus
1441 805 1569 849 armis,

485 870 635 915 Gratia,
657 870 880 914 commissis,
902 871 1086 922 improbe,
1107 878 1222 922 rupta
1241 871 1331 909 tuis.

269 968 368 1009 Hoc
398 972 465 1009 est
494 966 619 1021 plane
654 967 768 1021 quod
799 967 852 1008 de
884 965 1064 1023 Hygino
1095 967 1330 1008 Suetonius
1363 971 1566 1008 testatum
1594 963 1691 1006 reli-

266 1037 374 1091 quit.
430 1035 656 1076 Postremo
679 1050 810 1090 quum
843 1035 913 1076 ille
940 1035 1165 1091 Hyginum
1194 1036 1425 1077 admodum
1455 1047 1688 1090 pauperem

264 1106 502 1147 decessisse
525 1105 668 1154 tradit,
694 1106 943 1161 conjectura
969 1120 1065 1146 mea
1095 1105 1248 1146 mirum
1278 1105 1319 1145 in
1344 1104 1515 1145 modum
1538 1102 1688 1144 confir-

261 1181 426 1224 matur3
461 1174 596 1215 Ibidis
622 1174 736 1215 enim
766 1180 1068 1229 paupertatem
1092 1173 1277 1215 Ovidius
1307 1173 1398 1228 ipse
1430 1172 1583 1221 innuit,
1608 1170 1686 1212 hac

264 1244 588 1300 imprecatione,
612 1258 738 1298 quam
768 1244 985 1285 Domitius
1007 1258 1089 1285 non
1113 1244 1330 1299 percepit:

421 1346 546 1384 Filius
566 1353 605 1384 et
626 1346 777 1384 Cereris
797 1346 941 1384 frustra
961 1345 1033 1384 tibi
1053 1359 1201 1397 semper
1223 1352 1389 1390 ametur,

474 1409 754 1460 Destituatque
773 1417 861 1447 tuas
880 1422 1002 1459 usque
1021 1409 1170 1460 petitus
1189 1422 1291 1460 opes.

259 1519 487 1561 Nasonum
509 1520 621 1561 enim
643 1526 787 1561 votum
804 1525 884 1568 est,
905 1526 951 1560 ut
969 1520 1138 1568 Plutus,
1164 1519 1337 1561 Cereris
1358 1524 1404 1560 et
1426 1517 1530 1560 Iasii
1557 1516 1681 1564 filius,

254 1589 325 1645 qui
348 1589 592 1630 divitiarum
611 1590 734 1630 Deus
754 1590 806 1630 ab
832 1590 1017 1644 antiquis
1036 1589 1202 1630 habitus
1225 1595 1305 1638 est,
1325 1587 1525 1629 molestas
1548 1586 1684 1628 Ibidis

255 1673 407 1713 preces
431 1672 648 1712 nunquam
673 1659 895 1707 exaudiat,
920 1672 1109 1713 eumque
1133 1672 1305 1713 semper
1326 1657 1469 1712 inopia
1488 1656 1682 1698 laborare

253 1728 378 1768 sinat.
436 1725 481 1768 Is
503 1732 570 1768 est
589 1733 749 1775 autem,
775 1727 899 1782 cujus
921 1726 1199 1782 mythologici
1221 1726 1314 1767 libri
1336 1726 1525 1768 omnium
1548 1725 1680 1766 mani-

254 1795 333 1836 bus
368 1795 455 1836 triti
490 1802 735 1850 supersunt,
768 1801 814 1836 ut
843 1796 994 1836 merito
1025 1795 1179 1836 fabulis
1213 1796 1314 1844 suis,
1348 1794 1470 1850 quasi
1499 1793 1681 1849 propriis

253 1864 395 1911 armis,
424 1863 617 1919 jugulari
656 1864 868 1906 videatur.
940 1865 1099 1905 Annon
1135 1863 1311 1905 mirifice
1346 1864 1488 1905 omnia
1522 1876 1677 1904 conve-

255 1933 375 1973 niunt
394 1932 406 1973 3
461 1931 683 1974 Caeterum
715 1932 896 1973 disticho
919 1935 1115 1987 superins
1146 1933 1333 1974 adducto
1356 1931 1610 1988 Cinyphius,
1633 1931 1676 1972 id

251 2007 332 2049 est,
369 2000 603 2042 Africanus
641 2016 666 2041 a
705 2001 919 2057 Cinyphe,
958 2001 1138 2057 Libyam
1178 2002 1382 2050 alluente,
1418 2000 1673 2048 nominatur,

250 2070 465 2124 quomodo
498 2070 629 2118 Juba,
660 2069 935 2112 Mauritaniae
964 2084 1056 2119 rex,
1088 2071 1140 2111 ab
1172 2072 1325 2113 eodem
1361 2070 1555 2119 Nasone,
1582 2068 1674 2110 Me·

249 2138 594 2193 tamorphoseon,
619 2139 688 2180 lib.
712 2154 750 2180 v.
770 2155 777 2180 :

572 2261 771 2267 ............
794 2231 1065 2282 Numidasque
1082 2232 1255 2277 rebelles,

464 2296 780 2347 Cinyphiumque
799 2295 823 2333 J
829 2296 941 2333 ubam
957 2310 967 2341 ;

246 2388 290 2422 et
320 2381 515 2424 Bocchus
539 2397 562 2423 a
586 2381 764 2437 Sidonio
789 2381 1057 2436 Panegyrico
1083 2381 1332 2436 Majoriani:

571 2502 982 2509 ........................
1003 2473 1103 2512 Cum
1125 2474 1247 2512 divite
1266 2488 1351 2512 cera

459 2536 602 2587 Finges
622 2537 807 2587 Cinyphii
829 2538 979 2588 captiva
1002 2537 1175 2590 Mapalia
1196 2537 1352 2576 Bocchi.

252 2621 365 2661 Hinc
399 2620 647 2676 llesyclllus
685 2626 854 2673 Κινῦφιον,
876 2622 1028 2678 inquit,
1060 2626 1116 2662 τὶν
1146 2626 1302 2662 Ἀνταιὸν
1336 2626 1402 2662 ἀπὸ
1435 2627 1579 2674 Κινιῖφου
1608 2630 1665 2662 τοῦ

242 2697 410 2739 ποταμοῦ,
429 2690 595 2731 tametsi
618 2697 798 2739 constet,
825 2692 987 2747 regiam
1012 2692 1158 2734 Antaei
1180 2693 1233 2734 ad
1256 2698 1498 2734 extremum
1522 2692 1661 2735 Ocea-

244 2774 342 2799 num
377 2758 531 2799 fuisse:
576 2760 689 2800 unde
727 2767 921 2815 apparet,
957 2761 1218 2816 Cinyphium
1261 2761 1523 2817 generaliter
1553 2762 1659 2803 sumi

243 2842 316 2881 pro
345 2827 656 2882 l,ibyeo,1nor0
680 2829 842 2871 scilicet
868 2836 1105 2883 poetarum,
1128 2830 1282 2884 quibus
1307 2830 1507 2872 usitatum
1532 2845 1660 2885 pecu·
