1830 3220
214 187 319 229 xviii
665 181 1104 225 KALENDARIU
1112 181 1173 222 M.

214 317 235 340 e
293 303 357 339 viii
453 301 544 339 Kal.
566 299 750 339 Rostrum
770 299 908 351 aquilae
927 298 1049 337 oritur
1069 296 1256 335 chronice.

215 371 235 407 f
290 370 341 407 vii
452 368 543 407 Kal.
565 368 706 406 Bootes
726 367 864 406 occidit
882 366 1042 405 heliace.

214 454 239 489 g
293 439 331 476 vi
453 437 544 476 Kal.
567 437 678 489 Hyas
697 436 836 476 occidit
855 436 1016 480 hehaee,
1037 435 1163 473 oriens
1182 433 1354 472 cosmice.

215 509 255 545 A
293 522 316 544 v
453 507 543 545 Kal.

216 576 240 613 b
296 575 333 612 iv
452 574 544 613 Kal.

216 658 236 681 c
297 644 336 680 iii
455 643 545 681 Kal.

218 714 243 751 d
297 714 321 749 ii
455 712 545 750 Kal.

804 818 829 854 J
836 818 916 855 UN
922 817 1026 854 IUS.

216 937 236 961 e
298 922 388 960 Kal.
410 921 534 959 Junii.
565 921 681 958 Festa
706 920 856 965 Carnae,
877 919 1044 957 Junonis
1072 919 1259 963 Monetae,
1282 916 1424 955 Martis
1451 923 1490 954 et
1518 913 1637 953 Tem-

613 990 786 1041 pestatis.
817 988 963 1040 Aquila
982 988 1104 1026 oritur
1125 986 1313 1026 chronice.

215 1062 235 1097 f
296 1061 333 1098 iv
454 1059 528 1097 No.
553 1058 712 1109 Hyades
731 1058 910 1096 oriuntur
929 1057 1086 1096 heliace.

216 1146 241 1181 g
295 1131 333 1168 iii
453 1129 528 1167 No.
552 1128 724 1167 Bellonae
745 1127 921 1165 Festum.

216 1202 255 1238 A
294 1201 319 1237 ii
454 1199 529 1236 No.
552 1197 756 1236 Dedicatio
774 1197 911 1248 templi
934 1196 1129 1234 Herculis.

216 1270 241 1307 b
296 1268 432 1306 Nonis.
554 1266 714 1304 Festum
749 1265 937 1303 Trinomii
978 1264 1054 1303 Dei
1088 1263 1202 1302 Fidei
1233 1263 1367 1301 Sancti
1396 1261 1638 1313 Semipatris.

612 1335 765 1373 Malum
788 1342 846 1372 est
866 1335 1011 1373 nubere
1035 1341 1126 1372 ante
1147 1333 1252 1371 Idus.

215 1421 235 1444 c
296 1407 363 1443 viii
456 1405 514 1443 Id.

218 1475 242 1512 d
296 1476 347 1513 vii
456 1474 514 1512 Id.
546 1473 717 1525 Tergum
752 1488 847 1512 ursae
876 1474 1015 1512 occidit
1044 1473 1204 1518 heliace,
1234 1480 1273 1511 et
1304 1473 1403 1524 regis
1436 1471 1637 1523 Lycaonis.

611 1542 832 1594 Lycaonida
852 1543 966 1588 fiunt,
988 1542 1069 1581 ludi
1092 1542 1268 1593 Tyberis.

217 1628 237 1651 e
299 1613 334 1649 vi
455 1611 512 1649 Id.
539 1612 687 1650 Datum
716 1619 773 1650 est
800 1611 990 1663 templum
1019 1612 1162 1650 Menti.
1222 1611 1384 1650 Festum
1413 1619 1472 1650 est
1493 1611 1637 1650 Vestae.

615 1680 762 1718 Asinus
788 1687 999 1718 coronatur.
1058 1680 1139 1718 Ara
1160 1679 1304 1731 Priapi.
1364 1680 1488 1718 Priori
1509 1679 1639 1718 Palla-

613 1749 719 1787 dium
740 1749 926 1787 liberatur
947 1750 994 1786 ab
1013 1750 1094 1799 igni
1116 1749 1276 1787 Gallico.
1321 1750 1431 1787 Mors
1451 1749 1580 1789 Crassi
1600 1757 1640 1788 et

610 1834 774 1857 suorum.

219 1890 238 1925 f
299 1904 320 1925 v
455 1889 512 1926 Id.
536 1888 707 1939 Delphin
728 1889 849 1926 oritur
870 1889 1059 1927 chronice.

218 1973 243 2008 g
298 1960 334 1995 iv
455 1957 513 1994 Id.
537 1957 719 1995 Matralia
759 1957 869 1996 fiunt.
929 1957 1105 1996 Rutilius
1144 1966 1181 1995 et
1218 1957 1361 1995 Didius
1398 1957 1637 1996 occiduntur.

610 2026 819 2077 Templum
853 2027 1036 2065 Fortunae
1072 2026 1244 2069 Servius,
1276 2026 1497 2065 Concordiae
1526 2026 1639 2064 Livia

614 2094 816 2132 dedicavit.

218 2165 257 2201 A
297 2165 336 2201 iii
457 2164 514 2201 Id.

217 2234 241 2269 b
297 2233 323 2269 ii
455 2231 512 2269 Id.

219 2314 238 2337 c
300 2300 443 2337 Idibus.
539 2300 628 2337 Jovi
657 2302 798 2338 invicto
827 2300 961 2339 datum
993 2310 1050 2339 est
1079 2302 1280 2353 templum.
1338 2303 1493 2342 Minora
1520 2304 1636 2355 quin-

612 2371 762 2419 quatria
784 2370 954 2408 Palladis
975 2370 1086 2408 fiunt.

220 2439 244 2476 d
301 2439 392 2475 xviii
457 2437 547 2475 Kal.
569 2437 678 2475 Julii.

218 2522 239 2545 e
297 2507 375 2543 xvii
456 2505 546 2544 Kal.
570 2505 696 2544 Dione
716 2514 797 2544 orta
818 2514 874 2544 est
895 2507 1039 2546 heliace
1060 2508 1101 2545 in
1120 2509 1247 2546 fronte
1267 2507 1397 2547 Tauri.

216 2576 237 2612 f
296 2576 360 2612 xvi
454 2573 543 2612 Kal.
567 2573 656 2612 Flat
677 2574 881 2626 Zephyrus
901 2589 1057 2626 prosper
1078 2577 1360 2627 navigantibus.

217 2658 242 2694 g
296 2657 347 2681 xv
457 2643 548 2681 Kal.
571 2642 637 2681 Sol
655 2644 695 2680 in
716 2644 919 2682 Cancrum.
962 2645 1090 2684 Pallas
1110 2645 1247 2684 colitur
1261 2647 1301 2684 in
1318 2645 1516 2685 Aventina
1535 2661 1631 2686 arce.

219 2712 257 2749 A
296 2712 361 2750 xiv
455 2711 546 2750 Kal.
569 2711 769 2752 Secundus
789 2721 939 2753 ventus.
998 2714 1120 2753 Orion
1139 2715 1259 2754 oritur
1277 2715 1435 2754 heliace.
