1809 3220
215 171 300 215 158

607 169 658 210 P.
693 167 913 210 OVIDII
947 166 1232 210 NASONIS

220 289 392 353 Atque
418 287 488 335 ita
513 302 602 350 per
627 285 871 349 populum
897 283 1142 332 fumantia
1165 299 1313 332 mane
1339 283 1536 332 solebat

291 366 557 413 Dividere:
598 363 706 410 haec
734 362 922 426 populo
947 361 1094 426 copia
1120 369 1264 424 grata
1287 361 1398 409 fuit.

221 445 357 493 Pace
383 442 518 491 domi
543 440 676 488 facta
699 440 900 503 signum
926 456 1140 504 posuere
1168 439 1431 496 Perennae,

289 521 438 577 Quod
465 519 560 567 sibi
586 518 799 566 defectis
825 518 911 566 illa
935 518 1138 566 tulisset
1163 534 1330 582 opem.

1536 517 1633 564 674

221 599 269 648 N
275 615 371 648 unc
399 597 536 654 mihi,
564 612 653 644 cur
678 602 885 644 cantent
911 602 1146 660 superest
1170 596 1407 643 obscaena
1432 593 1614 659 puellae

290 678 502 725 Dicere:
544 691 659 722 nam
682 681 887 731 coeunt,
915 681 1157 738 certaque
1182 675 1367 738 probra
1391 679 1598 721 canunt.

223 757 401 821 Nuper
426 761 533 803 erat
555 753 666 801 Dea
689 752 851 801 facta:
882 752 1018 800 venit
1043 752 1296 800 Gradivus
1323 752 1386 800 ad
1407 750 1634 809 Annam3

291 834 357 882 Et
380 850 497 881 cum
524 831 736 880 seducta
761 831 883 879 talia
906 831 1059 879 verba
1083 830 1229 879 facit:

222 913 403 961 Mense
429 927 541 959 meo
566 909 776 967 coleris;
811 909 959 973 junxi
986 925 1100 956 mea
1123 915 1354 972 tempora
1377 914 1576 963 tecum;

288 990 491 1038 Pendet
515 989 578 1035 ab
605 988 768 1036 officio
795 1004 912 1051 spes
939 986 1061 1034 mihi
1087 1002 1271 1050 magna
1295 993 1400 1033 tuo.

1537 987 1634 1032 680

224 1068 438 1117 Armifer
463 1066 707 1114 armiferae
733 1072 996 1130 correptus
1023 1081 1192 1113 amore
1220 1063 1466 1112 Minervae

290 1147 448 1203 Uror;
491 1152 543 1192 et
568 1145 663 1191 hoc
689 1144 840 1206 longo
866 1151 1094 1207 tempore
1120 1143 1300 1190 vulnus
1327 1141 1422 1190 alo.

222 1225 395 1281 Effice,
426 1223 491 1270 Di
518 1222 684 1270 studio
710 1222 900 1270 similes
926 1238 1164 1270 coeamus
1192 1221 1242 1268 in
1269 1236 1453 1268 unum:

290 1302 614 1351 Conveniunt
639 1308 808 1365 partes
836 1301 911 1347 hae
939 1300 1047 1357 tibi,
1076 1299 1234 1348 comis
1261 1315 1406 1346 anus.

223 1382 465 1430 Dixerat:
506 1379 592 1426 illa
618 1378 785 1426 Deum
812 1379 1060 1442 promisso
1086 1378 1215 1425 ludit
1240 1376 1405 1434 inani;

1538 1377 1636 1424 685

289 1459 357 1508 Et
382 1458 589 1506 stultam
615 1457 771 1505 dubia
796 1473 939 1521 spem
964 1457 1119 1505 trahit
1142 1472 1306 1519 usque
1333 1470 1488 1503 mora.

221 1536 420 1601 Saepius
446 1535 684 1592 instanti;
729 1533 976 1582 Mandata
1004 1534 1307 1599 peregimus,
1337 1533 1529 1597 inquit:

290 1614 494 1663 Evictas
523 1613 758 1677 precibus
785 1612 868 1659 vix
894 1613 1035 1660 dedit
1062 1613 1146 1660 illa
1171 1628 1366 1659 manus.

222 1694 427 1741 Gaudet
448 1708 638 1747 amans,
658 1691 1010 1755 thalamosque
1030 1698 1198 1755 parat:
1228 1689 1498 1738 deducitur
1515 1689 1634 1737 illuc

286 1771 435 1818 Anna
460 1777 637 1832 tegens
663 1769 849 1826 vultus,
880 1776 935 1817 ut
961 1786 1088 1817 nova
1112 1776 1287 1833 nupta,
1317 1784 1452 1815 suos.

219 1913 293 1943 654.
329 1911 524 1942 Vertumnus
563 1920 658 1940 anum
701 1909 891 1947 assimilans,

216 1963 300 2001 picta
326 1962 484 1991 redimitus
508 1966 640 1999 tempora
665 1961 757 1989 mitra
782 1960 889 1997 venit3

218 2010 259 2041 de
279 2020 343 2052 qua
364 2009 462 2040 fascia
476 2008 547 2039 vide
563 2009 754 2039 Salmasium
774 2008 816 2040 ad
835 2010 891 2040 So-

218 2061 329 2095 linum‚
345 2069 419 2101 pag.
435 2060 511 2090 392.
540 2058 661 2098 Copiam
679 2058 718 2088 de
734 2058 894 2090 alimentis

218 2109 329 2152 capio;
345 2107 613 2150 quemadmodum
626 2107 711 2149 apud
727 2107 893 2139 historicos

218 2161 305 2199 copiae
313 2159 352 2189 de
363 2163 554 2192 commeatu.
565 2157 720 2187 frumento
733 2157 892 2188 dicuntur.

262 2208 338 2238 673.
373 2208 503 2249 Signum
532 2205 611 2236 illud
642 2216 775 2248 posuere
806 2205 892 2237 haud

219 2257 314 2289 dubie
330 2257 363 2287 in
379 2257 495 2288 vertice
512 2255 637 2291 montis,
654 2255 686 2286 in
701 2266 764 2297 quo
784 2266 893 2287 conse-

219 2313 306 2338 crato
329 2306 425 2337 etiam
448 2305 521 2337 Jovi
545 2305 704 2347 Δειματίῳ
730 2316 814 2336 aram
839 2317 894 2336 ex-

217 2361 418 2393 struxerunt3
436 2355 571 2396 Dionys.
588 2354 629 2384 vi.
645 2356 699 2385 90.
746 2355 893 2396 Defectis,

218 2405 440 2436 deficientibus
454 2417 461 2443 3
488 2404 560 2435 vide
576 2404 756 2435 Heinsium.

263 2455 338 2486 675.
362 2454 462 2485 Redit
485 2453 525 2484 ad
550 2453 662 2484 festum
685 2453 809 2494 geniale
825 2452 893 2484 An-

219 2514 280 2540 nae,
297 2502 382 2545 quod
403 2503 578 2534 523—542
602 2501 778 2544 descripsit,
794 2508 890 2544 atque

218 2563 349 2584 causam
369 2551 486 2588 reddit,
505 2562 560 2582 cur
575 2562 612 2582 eo
628 2557 767 2593 tempore
783 2553 891 2591 puellae

217 2604 348 2633 obscaena
357 2607 500 2632 tament.
547 2601 632 2632 Vera
648 2600 734 2641 origo
750 2600 817 2631 sine
833 2600 890 2631 du-

218 2652 272 2682 bio
293 2650 463 2693 repetenda
486 2655 534 2681 est
552 2661 592 2680 ex
614 2649 751 2680 moribus
774 2650 890 2692 prisco-

219 2711 287 2731 rum
311 2700 473 2731 hominum
496 2699 638 2736 rudibus,
655 2699 739 2730 unde
763 2704 796 2730 et
816 2699 890 2731 Fes—

219 2749 358 2781 cennina
375 2748 522 2787 licentia3
546 2748 707 2784 Horatius,
733 2748 778 2779 ΙΙ.
794 2749 853 2791 Ep.
870 2749 890 2780 i.

1536 1770 1636 1816 690

965 1911 1024 1941 145
1040 1920 1112 1951 sqq.
1142 1908 1203 1940 Sed
1221 1908 1356 1940 Ovidius
1371 1918 1457 1940 more
1472 1918 1529 1940 suo
1545 1907 1637 1940 sabu-

961 1959 1025 1990 lam
1041 1959 1238 2001 petulantem
1254 1957 1396 1989 intexere
1414 1958 1538 1989 maluit.
1575 1958 1636 1989 At-

962 2018 1023 2050 que
1042 2008 1088 2039 ita
1104 2009 1204 2044 Mars,
1220 2018 1316 2049 quern
1337 2006 1428 2038 initio
1451 2007 1544 2049 hujus
1564 2006 1637 2039 libri

963 2057 1142 2093 advocavit,
1160 2056 1365 2098 ignominiam
1380 2067 1470 2088 suam
1486 2066 1635 2099 recogno-

961 2106 1033 2138 scit.
1081 2108 1184 2143 Certa,
1201 2106 1344 2148 ejusdem
1367 2117 1491 2149 semper
1510 2106 1636 2148 generis

961 2163 993 2188 et
1017 2156 1156 2188 carmine
1181 2156 1379 2198 consignata.
1425 2157 1584 2194 Seducere,
1599 2163 1637 2189 ut

961 2208 1097 2238 Metam.
1112 2206 1146 2237 ii.
1164 2207 1239 2237 836.
1254 2217 1403 2238 set-ocare.
1435 2207 1635 2239 Beneficium

961 2256 1077 2287 Martis
1092 2257 1187 2287 verba
1193 2258 1291 2296 jumi
1306 2268 1370 2287 mea
1388 2264 1518 2296 tempora
1537 2263 1636 2288 tecum

961 2305 1094 2341 habent,
1105 2317 1160 2347 pro
1176 2316 1238 2347 quo
1252 2305 1390 2337 vicissim
1406 2305 1527 2348 aliquid
1539 2306 1634 2349 petit.

964 2355 1118 2397 Officium,
1134 2365 1262 2398 operam
1278 2356 1370 2387 lenae.

1006 2406 1081 2436 686.
1107 2405 1212 2436 Stulta
1227 2417 1299 2445 spes,
1314 2417 1386 2448 spes
1402 2406 1481 2448 ejus,
1497 2405 1553 2448 qui
1567 2416 1630 2438 non

961 2455 1119 2486 sentiebat
1135 2465 1168 2486 se
1184 2455 1278 2486 trahi.

1005 2506 1080 2537 689.
1119 2506 1243 2537 Gaudet
1280 2504 1432 2537 Heinsius
1469 2505 1558 2537 dedit
1594 2517 1634 2538 ex

960 2556 1082 2586 Mazar.
1106 2556 1202 2587 Voss.
1219 2555 1342 2587 Arond.
1358 2560 1390 2587 et
1405 2554 1487 2587 aliis.
1517 2555 1633 2588 Caeteri

960 2607 1069 2641 credit,
1085 2605 1172 2647 quod
1195 2615 1253 2636 nec
1277 2605 1380 2647 ipsum
1403 2605 1545 2637 damnat.
1590 2607 1634 2638 Ε-

960 2654 1036 2685 tiam
1052 2655 1227 2686 Burmann.
1242 2655 1411 2686 dubitabat
1431 2660 1538 2686 utrum
1553 2666 1634 2698 prae-

960 2704 1065 2735 ferret.
1088 2704 1172 2735 Mihi
1186 2706 1301 2746 gaudet
1316 2705 1422 2746 placet
1431 2716 1441 2743 3
1465 2715 1538 2736 narn
1553 2707 1632 2736 stul·

960 2760 1032 2789 tam,
1055 2753 1124 2785 scil.
1148 2754 1311 2786 credulam
1337 2764 1424 2796 spem
1447 2760 1541 2796 poeta
1562 2755 1630 2797 jam
