<?xml version="1.0" encoding="UTF-8"?>
<!DOCTYPE html PUBLIC "-//W3C//DTD XHTML 1.0 Transitional//EN"
    "http://www.w3.org/TR/xhtml1/DTD/xhtml1-transitional.dtd">
<html xmlns="http://www.w3.org/1999/xhtml" xml:lang="en" lang="en">
 <head>
  <title>
</title>
<meta http-equiv="Content-Type" content="text/html;charset=utf-8" />
  <meta name='ocr-system' content='tesseract 3.04.00' />
  <meta name='ocr-capabilities' content='ocr_page ocr_carea ocr_par ocr_line ocrx_word'/>
</head>
<body>
  <div class='ocr_page' id='page_1' title='image "./povidiinasonisop05oviduoft_0146.png"; bbox 0 0 1809 3220; ppageno 0'>
   <div class='ocr_carea' id='block_1_1' title="bbox 183 200 270 243">
    <p class='ocr_par' dir='ltr' id='par_1_1' title="bbox 183 200 270 243">
     <span class='ocr_line' id='line_1_1' title="bbox 183 200 270 243; baseline -0.011 0"><span class='ocrx_word' id='word_1_1' title='bbox 183 200 270 243; x_wconf 88' lang='grc'>118</span> 
     </span>
    </p>
   </div>
   <div class='ocr_carea' id='block_1_2' title="bbox 585 195 1212 239">
    <p class='ocr_par' dir='ltr' id='par_1_2' title="bbox 585 195 1212 239">
     <span class='ocr_line' id='line_1_2' title="bbox 585 195 1212 239; baseline -0.002 0"><span class='ocrx_word' id='word_1_2' title='bbox 585 198 636 239; x_wconf 93' lang='grc' dir='ltr'>Ρ.</span> <span class='ocrx_word' id='word_1_3' title='bbox 672 196 890 239; x_wconf 90' lang='lat' dir='ltr'>OVIDII</span> <span class='ocrx_word' id='word_1_4' title='bbox 924 195 1212 238; x_wconf 92' lang='lat' dir='ltr'><strong>NASONIS</strong></span> 
     </span>
    </p>
   </div>
   <div class='ocr_carea' id='block_1_3' title="bbox 172 313 1608 1317">
    <p class='ocr_par' dir='ltr' id='par_1_3' title="bbox 179 313 1396 456">
     <span class='ocr_line' id='line_1_3' title="bbox 179 313 1396 373; baseline -0.003 -8"><span class='ocrx_word' id='word_1_5' title='bbox 179 317 297 373; x_wconf 81' lang='lat' dir='ltr'>Quo</span> <span class='ocrx_word' id='word_1_6' title='bbox 322 316 490 364; x_wconf 90' lang='lat' dir='ltr'>minus</span> <span class='ocrx_word' id='word_1_7' title='bbox 516 314 740 363; x_wconf 89' lang='lat' dir='ltr'>emeritis</span> <span class='ocrx_word' id='word_1_8' title='bbox 767 314 931 362; x_wconf 86' lang='lat' dir='ltr'>exiret</span> <span class='ocrx_word' id='word_1_9' title='bbox 955 313 1189 361; x_wconf 87' lang='lat' dir='ltr'><strong>cursibus</strong></span> <span class='ocrx_word' id='word_1_10' title='bbox 1216 329 1396 372; x_wconf 83' lang='lat' dir='ltr'>annuS,</span> 
     </span>
     <span class='ocr_line' id='line_1_4' title="bbox 247 390 1306 456; baseline -0.003 -13"><span class='ocrx_word' id='word_1_11' title='bbox 247 395 536 443; x_wconf 83' lang='lat' dir='ltr'>Restabant</span> <span class='ocrx_word' id='word_1_12' title='bbox 561 392 721 440; x_wconf 89' lang='lat' dir='ltr'>nitido</span> <span class='ocrx_word' id='word_1_13' title='bbox 741 393 849 456; x_wconf 88' lang='lat' dir='ltr'>jam</span> <span class='ocrx_word' id='word_1_14' title='bbox 875 392 976 439; x_wconf 92' lang='lat' dir='ltr'>duo</span> <span class='ocrx_word' id='word_1_15' title='bbox 1005 391 1151 454; x_wconf 87' lang='lat' dir='ltr'>signa</span> <span class='ocrx_word' id='word_1_16' title='bbox 1177 390 1306 440; x_wconf 91' lang='lat' dir='ltr'>Deo.</span> 
     </span>
    </p>

    <p class='ocr_par' dir='ltr' id='par_1_4' title="bbox 181 469 1608 616">
     <span class='ocr_line' id='line_1_5' title="bbox 181 469 1608 522; baseline -0.002 -1"><span class='ocrx_word' id='word_1_17' title='bbox 181 473 339 522; x_wconf 90' lang='lat' dir='ltr'>Silvia</span> <span class='ocrx_word' id='word_1_18' title='bbox 362 472 419 520; x_wconf 86' lang='lat' dir='ltr'>fit</span> <span class='ocrx_word' id='word_1_19' title='bbox 442 479 627 520; x_wconf 91' lang='lat' dir='ltr'>mater:</span> <span class='ocrx_word' id='word_1_20' title='bbox 670 471 842 519; x_wconf 87' lang='lat' dir='ltr'>Vestae</span> <span class='ocrx_word' id='word_1_21' title='bbox 869 470 1140 518; x_wconf 87' lang='lat' dir='ltr'>simulacra</span> <span class='ocrx_word' id='word_1_22' title='bbox 1165 469 1395 518; x_wconf 90' lang='lat' dir='ltr'>feruntur</span> <span class='ocrx_word' id='word_1_23' title='bbox 1542 473 1608 518; x_wconf 90' lang='lat'>45</span> 
     </span>
     <span class='ocr_line' id='line_1_6' title="bbox 244 548 1247 616; baseline -0.004 -17"><span class='ocrx_word' id='word_1_24' title='bbox 244 551 509 616; x_wconf 84' lang='lat' dir='ltr'>Virgineas</span> <span class='ocrx_word' id='word_1_25' title='bbox 536 549 696 597; x_wconf 89' lang='lat' dir='ltr'>oculis</span> <span class='ocrx_word' id='word_1_26' title='bbox 721 548 1022 614; x_wconf 88' lang='lat' dir='ltr'>opposuisse</span> <span class='ocrx_word' id='word_1_27' title='bbox 1049 563 1247 596; x_wconf 90' lang='lat' dir='ltr'>manus.</span> 
     </span>
    </p>

    <p class='ocr_par' dir='ltr' id='par_1_5' title="bbox 175 626 1386 755">
     <span class='ocr_line' id='line_1_7' title="bbox 175 626 1386 690; baseline -0.004 -12"><span class='ocrx_word' id='word_1_28' title='bbox 175 630 280 678; x_wconf 90' lang='lat' dir='ltr'>Ara</span> <span class='ocrx_word' id='word_1_29' title='bbox 305 629 430 677; x_wconf 86' lang='lat' dir='ltr'>Deae</span> <span class='ocrx_word' id='word_1_30' title='bbox 456 634 593 675; x_wconf 91' lang='lat' dir='ltr'>certe</span> <span class='ocrx_word' id='word_1_31' title='bbox 618 627 841 682; x_wconf 89' lang='lat' dir='ltr'>tremuit,</span> <span class='ocrx_word' id='word_1_32' title='bbox 870 626 1099 690; x_wconf 89' lang='lat' dir='ltr'>pariente</span> <span class='ocrx_word' id='word_1_33' title='bbox 1126 626 1386 684; x_wconf 90' lang='lat' dir='ltr'>ministra;</span> 
     </span>
     <span class='ocr_line' id='line_1_8' title="bbox 245 705 1303 755; baseline -0.003 0"><span class='ocrx_word' id='word_1_34' title='bbox 245 707 312 755; x_wconf 85' lang='lat' dir='ltr'>Et</span> <span class='ocrx_word' id='word_1_35' title='bbox 337 706 493 754; x_wconf 91' lang='lat' dir='ltr'>subiit</span> <span class='ocrx_word' id='word_1_36' title='bbox 516 705 711 753; x_wconf 89' lang='lat' dir='ltr'>cineres</span> <span class='ocrx_word' id='word_1_37' title='bbox 737 706 912 753; x_wconf 90' lang='lat' dir='ltr'>territa</span> <span class='ocrx_word' id='word_1_38' title='bbox 937 705 1142 753; x_wconf 87' lang='lat' dir='ltr'>flamma</span> <span class='ocrx_word' id='word_1_39' title='bbox 1167 721 1303 752; x_wconf 88' lang='lat' dir='ltr'>suos.</span> 
     </span>
    </p>

    <p class='ocr_par' dir='ltr' id='par_1_6' title="bbox 175 783 1606 926">
     <span class='ocr_line' id='line_1_9' title="bbox 175 783 1422 847; baseline -0.004 -12"><span class='ocrx_word' id='word_1_40' title='bbox 175 786 300 835; x_wconf 88' lang='lat' dir='ltr'>Haec</span> <span class='ocrx_word' id='word_1_41' title='bbox 326 785 413 833; x_wconf 89' lang='lat' dir='ltr'>ubi</span> <span class='ocrx_word' id='word_1_42' title='bbox 437 783 674 847; x_wconf 84' lang='lat' dir='ltr'>cognovit</span> <span class='ocrx_word' id='word_1_43' title='bbox 698 790 984 831; x_wconf 81' lang='lat' dir='ltr'>contemtor</span> <span class='ocrx_word' id='word_1_44' title='bbox 1009 783 1245 830; x_wconf 85' lang='lat' dir='ltr'><strong>Amulius</strong></span> <span class='ocrx_word' id='word_1_45' title='bbox 1272 783 1422 847; x_wconf 85' lang='lat' dir='ltr'>aequi,</span> 
     </span>
     <span class='ocr_line' id='line_1_10' title="bbox 244 860 1606 926; baseline -0.002 -14"><span class='ocrx_word' id='word_1_46' title='bbox 244 864 379 912; x_wconf 89' lang='lat' dir='ltr'>Nam</span> <span class='ocrx_word' id='word_1_47' title='bbox 404 870 574 926; x_wconf 90' lang='lat' dir='ltr'>raptas</span> <span class='ocrx_word' id='word_1_48' title='bbox 600 860 738 908; x_wconf 89' lang='lat' dir='ltr'>fratri</span> <span class='ocrx_word' id='word_1_49' title='bbox 764 861 925 908; x_wconf 89' lang='lat' dir='ltr'>victor</span> <span class='ocrx_word' id='word_1_50' title='bbox 949 861 1175 909; x_wconf 88' lang='lat' dir='ltr'>habebat</span> <span class='ocrx_word' id='word_1_51' title='bbox 1200 877 1342 926; x_wconf 90' lang='lat' dir='ltr'>opes,</span> <span class='ocrx_word' id='word_1_52' title='bbox 1541 863 1606 909; x_wconf 85' lang='lat'>50</span> 
     </span>
    </p>

    <p class='ocr_par' dir='ltr' id='par_1_7' title="bbox 173 937 1599 1083">
     <span class='ocr_line' id='line_1_11' title="bbox 173 937 1599 1006; baseline -0.004 -14"><span class='ocrx_word' id='word_1_53' title='bbox 173 945 340 992; x_wconf 90' lang='lat' dir='ltr'>Amne</span> <span class='ocrx_word' id='word_1_54' title='bbox 359 942 508 1006; x_wconf 87' lang='lat' dir='ltr'>jubet</span> <span class='ocrx_word' id='word_1_55' title='bbox 532 940 691 1004; x_wconf 82' lang='lat' dir='ltr'>mergi</span> <span class='ocrx_word' id='word_1_56' title='bbox 719 940 979 1003; x_wconf 83' lang='lat' dir='ltr'>geminos:</span> <span class='ocrx_word' id='word_1_57' title='bbox 1022 940 1188 987; x_wconf 90' lang='lat' dir='ltr'>scelus</span> <span class='ocrx_word' id='word_1_58' title='bbox 1215 939 1354 987; x_wconf 86' lang='lat' dir='ltr'>unda</span> <span class='ocrx_word' id='word_1_59' title='bbox 1385 937 1599 1003; x_wconf 85' lang='lat' dir='ltr'>refugit;</span> 
     </span>
     <span class='ocr_line' id='line_1_12' title="bbox 244 1018 1203 1083; baseline -0.004 -15"><span class='ocrx_word' id='word_1_60' title='bbox 244 1021 305 1068; x_wconf 93' lang='lat' dir='ltr'>In</span> <span class='ocrx_word' id='word_1_61' title='bbox 328 1021 464 1068; x_wconf 90' lang='lat' dir='ltr'>sicca</span> <span class='ocrx_word' id='word_1_62' title='bbox 489 1018 633 1083; x_wconf 90' lang='lat' dir='ltr'>pueri</span> <span class='ocrx_word' id='word_1_63' title='bbox 659 1018 1008 1066; x_wconf 88' lang='lat' dir='ltr'>destituuntur</span> <span class='ocrx_word' id='word_1_64' title='bbox 1033 1018 1203 1065; x_wconf 91' lang='lat' dir='ltr'>humo.</span> 
     </span>
    </p>

    <p class='ocr_par' dir='ltr' id='par_1_8' title="bbox 175 1094 1360 1241">
     <span class='ocr_line' id='line_1_13' title="bbox 175 1094 1355 1162; baseline -0.004 -14"><span class='ocrx_word' id='word_1_65' title='bbox 175 1100 330 1147; x_wconf 84' lang='lat' dir='ltr'>Lacte</span> <span class='ocrx_word' id='word_1_66' title='bbox 357 1098 471 1162; x_wconf 88' lang='lat' dir='ltr'>quis</span> <span class='ocrx_word' id='word_1_67' title='bbox 498 1096 716 1144; x_wconf 91' lang='lat' dir='ltr'>infantes</span> <span class='ocrx_word' id='word_1_68' title='bbox 743 1096 907 1144; x_wconf 89' lang='lat' dir='ltr'>nescit</span> <span class='ocrx_word' id='word_1_69' title='bbox 932 1095 1152 1144; x_wconf 86' lang='lat' dir='ltr'>crevisse</span> <span class='ocrx_word' id='word_1_70' title='bbox 1179 1094 1355 1152; x_wconf 89' lang='lat' dir='ltr'>ferino,</span> 
     </span>
     <span class='ocr_line' id='line_1_14' title="bbox 244 1174 1360 1241; baseline -0.004 -16"><span class='ocrx_word' id='word_1_71' title='bbox 244 1177 310 1225; x_wconf 92' lang='lat' dir='ltr'>Et</span> <span class='ocrx_word' id='word_1_72' title='bbox 335 1177 507 1241; x_wconf 90' lang='lat' dir='ltr'>picum</span> <span class='ocrx_word' id='word_1_73' title='bbox 533 1174 782 1238; x_wconf 85' lang='lat' dir='ltr'>expositis</span> <span class='ocrx_word' id='word_1_74' title='bbox 809 1190 946 1238; x_wconf 87' lang='lat' dir='ltr'>saepe</span> <span class='ocrx_word' id='word_1_75' title='bbox 975 1174 1156 1221; x_wconf 90' lang='lat' dir='ltr'>tulisse</span> <span class='ocrx_word' id='word_1_76' title='bbox 1182 1174 1360 1222; x_wconf 79' lang='lat' dir='ltr'>cibos?</span> 
     </span>
    </p>

    <p class='ocr_par' dir='ltr' id='par_1_9' title="bbox 172 1251 1600 1317">
     <span class='ocr_line' id='line_1_15' title="bbox 172 1251 1600 1317; baseline -0.002 -14"><span class='ocrx_word' id='word_1_77' title='bbox 172 1255 290 1304; x_wconf 93' lang='lat' dir='ltr'>Non</span> <span class='ocrx_word' id='word_1_78' title='bbox 317 1271 410 1317; x_wconf 87' lang='lat' dir='ltr'>ego</span> <span class='ocrx_word' id='word_1_79' title='bbox 436 1261 503 1308; x_wconf 89' lang='lat' dir='ltr'>te,</span> <span class='ocrx_word' id='word_1_80' title='bbox 531 1261 684 1300; x_wconf 84' lang='lat' dir='ltr'>tantoe</span> <span class='ocrx_word' id='word_1_81' title='bbox 712 1252 885 1299; x_wconf 87' lang='lat' dir='ltr'>nutrix</span> <span class='ocrx_word' id='word_1_82' title='bbox 917 1251 1157 1300; x_wconf 82' lang='lat' dir='ltr'>Larentia</span> <span class='ocrx_word' id='word_1_83' title='bbox 1182 1251 1366 1315; x_wconf 85' lang='lat' dir='ltr'>gentis,</span> <span class='ocrx_word' id='word_1_84' title='bbox 1537 1254 1600 1300; x_wconf 88' lang='lat'>55</span> 
     </span>
    </p>
   </div>
   <div class='ocr_carea' id='block_1_4' title="bbox 172 1329 1482 1471">
    <p class='ocr_par' dir='ltr' id='par_1_10' title="bbox 172 1329 1482 1471">
     <span class='ocr_line' id='line_1_16' title="bbox 241 1329 1482 1395; baseline -0.003 -14"><span class='ocrx_word' id='word_1_85' title='bbox 241 1333 352 1381; x_wconf 92' lang='lat' dir='ltr'>Nec</span> <span class='ocrx_word' id='word_1_86' title='bbox 379 1340 573 1380; x_wconf 84' lang='lat' dir='ltr'>taceam</span> <span class='ocrx_word' id='word_1_87' title='bbox 599 1338 807 1386; x_wconf 83' lang='lat' dir='ltr'>vestras,</span> <span class='ocrx_word' id='word_1_88' title='bbox 835 1329 1076 1378; x_wconf 84' lang='lat' dir='ltr'>Faustule</span> <span class='ocrx_word' id='word_1_89' title='bbox 1103 1347 1313 1395; x_wconf 86' lang='lat' dir='ltr'>pauper,</span> <span class='ocrx_word' id='word_1_90' title='bbox 1342 1345 1482 1394; x_wconf 81' lang='lat' dir='ltr'>opes,</span> 
     </span>
     <span class='ocr_line' id='line_1_17' title="bbox 172 1407 1474 1471; baseline -0.002 -12"><span class='ocrx_word' id='word_1_91' title='bbox 172 1411 355 1459; x_wconf 85' lang='lat' dir='ltr'>Vester</span> <span class='ocrx_word' id='word_1_92' title='bbox 381 1411 541 1456; x_wconf 87' lang='lat' dir='ltr'><strong>honos</strong></span> <span class='ocrx_word' id='word_1_93' title='bbox 567 1408 750 1463; x_wconf 82' lang='lat' dir='ltr'>veniet,</span> <span class='ocrx_word' id='word_1_94' title='bbox 781 1424 937 1471; x_wconf 89' lang='lat' dir='ltr'>quum</span> <span class='ocrx_word' id='word_1_95' title='bbox 968 1407 1253 1456; x_wconf 79' lang='lat' dir='ltr'>Larentalia</span> <span class='ocrx_word' id='word_1_96' title='bbox 1277 1408 1474 1456; x_wconf 87' lang='lat' dir='ltr'>dicam:</span> 
     </span>
    </p>
   </div>
   <div class='ocr_carea' id='block_1_5' title="bbox 234 1485 1288 1552">
    <p class='ocr_par' dir='ltr' id='par_1_11' title="bbox 234 1485 1288 1552">
     <span class='ocr_line' id='line_1_18' title="bbox 234 1485 1288 1552; baseline -0.002 -16"><span class='ocrx_word' id='word_1_97' title='bbox 234 1490 496 1552; x_wconf 86' lang='lat' dir='ltr'>Acceptns</span> <span class='ocrx_word' id='word_1_98' title='bbox 523 1486 683 1550; x_wconf 84' lang='lat' dir='ltr'>geniis</span> <span class='ocrx_word' id='word_1_99' title='bbox 712 1486 795 1533; x_wconf 88' lang='lat' dir='ltr'>illa</span> <span class='ocrx_word' id='word_1_100' title='bbox 816 1485 1090 1534; x_wconf 84' lang='lat' dir='ltr'>december</span> <span class='ocrx_word' id='word_1_101' title='bbox 1118 1487 1288 1534; x_wconf 88' lang='lat' dir='ltr'>habet.</span> 
     </span>
    </p>
   </div>
   <div class='ocr_carea' id='block_1_6' title="bbox 169 1565 1593 1708">
    <p class='ocr_par' dir='ltr' id='par_1_12' title="bbox 169 1565 1593 1708">
     <span class='ocr_line' id='line_1_19' title="bbox 169 1565 1347 1629; baseline -0.003 -13"><span class='ocrx_word' id='word_1_102' title='bbox 169 1568 357 1616; x_wconf 88' lang='lat' dir='ltr'>Martia</span> <span class='ocrx_word' id='word_1_103' title='bbox 382 1574 458 1614; x_wconf 88' lang='lat' dir='ltr'>ter</span> <span class='ocrx_word' id='word_1_104' title='bbox 484 1582 633 1614; x_wconf 89' lang='lat' dir='ltr'>senos</span> <span class='ocrx_word' id='word_1_105' title='bbox 662 1566 828 1629; x_wconf 86' lang='lat' dir='ltr'>proles</span> <span class='ocrx_word' id='word_1_106' title='bbox 857 1565 1146 1613; x_wconf 80' lang='lat' dir='ltr'>adoleverat</span> <span class='ocrx_word' id='word_1_107' title='bbox 1173 1581 1347 1621; x_wconf 91' lang='lat' dir='ltr'>annos,</span> 
     </span>
     <span class='ocr_line' id='line_1_20' title="bbox 234 1644 1593 1708; baseline -0.002 -14"><span class='ocrx_word' id='word_1_108' title='bbox 234 1645 302 1694; x_wconf 89' lang='lat' dir='ltr'>Et</span> <span class='ocrx_word' id='word_1_109' title='bbox 326 1646 529 1693; x_wconf 84' lang='lat' dir='ltr'>suberat</span> <span class='ocrx_word' id='word_1_110' title='bbox 554 1645 695 1692; x_wconf 78' lang='lat' dir='ltr'>flavae</span> <span class='ocrx_word' id='word_1_111' title='bbox 715 1646 822 1708; x_wconf 87' lang='lat' dir='ltr'>jam</span> <span class='ocrx_word' id='word_1_112' title='bbox 851 1660 977 1692; x_wconf 90' lang='lat' dir='ltr'>nova</span> <span class='ocrx_word' id='word_1_113' title='bbox 1003 1644 1160 1691; x_wconf 90' lang='lat' dir='ltr'>barba</span> <span class='ocrx_word' id='word_1_114' title='bbox 1186 1659 1374 1691; x_wconf 85' lang='lat' dir='ltr'>comae:</span> <span class='ocrx_word' id='word_1_115' title='bbox 1526 1646 1593 1691; x_wconf 87' lang='lat'>60</span> 
     </span>
    </p>
   </div>
   <div class='ocr_carea' id='block_1_7' title="bbox 147 1802 840 2844">
    <p class='ocr_par' dir='ltr' id='par_1_13' title="bbox 160 1802 840 1995">
     <span class='ocr_line' id='line_1_21' title="bbox 161 1802 840 1848; baseline -0.003 -12"><span class='ocrx_word' id='word_1_116' title='bbox 161 1805 256 1848; x_wconf 78' lang='lat' dir='ltr'>«ligiis</span> <span class='ocrx_word' id='word_1_117' title='bbox 284 1804 421 1836; x_wconf 79' lang='lat' dir='ltr'>terrebat</span> <span class='ocrx_word' id='word_1_118' title='bbox 451 1802 573 1834; x_wconf 78' lang='lat' dir='ltr'>animos</span> <span class='ocrx_word' id='word_1_119' title='bbox 612 1802 840 1839; x_wconf 80' lang='lat' dir='ltr'>Romanorum,</span> 
     </span>
     <span class='ocr_line' id='line_1_22' title="bbox 162 1854 839 1893; baseline -0.003 -7"><span class='ocrx_word' id='word_1_120' title='bbox 162 1855 232 1886; x_wconf 88' lang='lat' dir='ltr'>Liv.</span> <span class='ocrx_word' id='word_1_121' title='bbox 263 1854 372 1885; x_wconf 84' lang='lat' dir='ltr'>xxviii.</span> <span class='ocrx_word' id='word_1_122' title='bbox 405 1854 466 1890; x_wconf 84' lang='lat'>11;</span> <span class='ocrx_word' id='word_1_123' title='bbox 509 1859 652 1893; x_wconf 76' lang='lat' dir='ltr'>eratque,</span> <span class='ocrx_word' id='word_1_124' title='bbox 693 1860 839 1884; x_wconf 76' lang='lat' dir='ltr'>monente</span> 
     </span>
     <span class='ocr_line' id='line_1_23' title="bbox 162 1902 838 1947; baseline -0.006 -10"><span class='ocrx_word' id='word_1_125' title='bbox 162 1905 327 1947; x_wconf 87' lang='lat' dir='ltr'>Dionysio,</span> <span class='ocrx_word' id='word_1_126' title='bbox 345 1903 470 1944; x_wconf 76' lang='lat' dir='ltr'>siguum</span> <span class='ocrx_word' id='word_1_127' title='bbox 492 1902 681 1943; x_wconf 69' lang='grc' dir='ltr'>ἀφανισμοῦ</span> <span class='ocrx_word' id='word_1_128' title='bbox 699 1906 760 1941; x_wconf 75' lang='grc' dir='ltr'>τῆς</span> <span class='ocrx_word' id='word_1_129' title='bbox 779 1904 838 1935; x_wconf 82' lang='grc' dir='ltr'>πό-</span> 
     </span>
     <span class='ocr_line' id='line_1_24' title="bbox 160 1952 755 1995; baseline -0.003 -8"><span class='ocrx_word' id='word_1_130' title='bbox 160 1957 256 1993; x_wconf 78' lang='grc' dir='ltr'>λεως.</span> <span class='ocrx_word' id='word_1_131' title='bbox 305 1953 431 1995; x_wconf 84' lang='lat' dir='ltr'>Lipsius</span> <span class='ocrx_word' id='word_1_132' title='bbox 446 1952 486 1983; x_wconf 85' lang='lat' dir='ltr'>de</span> <span class='ocrx_word' id='word_1_133' title='bbox 505 1953 614 1989; x_wconf 69' lang='lat' dir='ltr'>Vesta,</span> <span class='ocrx_word' id='word_1_134' title='bbox 631 1964 704 1995; x_wconf 88' lang='lat' dir='ltr'>cap.</span> <span class='ocrx_word' id='word_1_135' title='bbox 724 1956 755 1985; x_wconf 82' lang='lat'>8.</span> 
     </span>
    </p>

    <p class='ocr_par' dir='ltr' id='par_1_14' title="bbox 157 2003 836 2288">
     <span class='ocr_line' id='line_1_25' title="bbox 206 2003 836 2045; baseline -0.003 -9"><span class='ocrx_word' id='word_1_136' title='bbox 206 2007 257 2036; x_wconf 89' lang='lat'>49.</span> <span class='ocrx_word' id='word_1_137' title='bbox 298 2003 486 2034; x_wconf 79' lang='lat' dir='ltr'>Revolvitur</span> <span class='ocrx_word' id='word_1_138' title='bbox 517 2013 566 2038; x_wconf 86' lang='lat' dir='ltr'>eo,</span> <span class='ocrx_word' id='word_1_139' title='bbox 597 2004 681 2044; x_wconf 84' lang='lat' dir='ltr'>quod</span> <span class='ocrx_word' id='word_1_140' title='bbox 708 2004 774 2045; x_wconf 74' lang='lat' dir='ltr'>jam</span> <span class='ocrx_word' id='word_1_141' title='bbox 802 2004 836 2035; x_wconf 92' lang='lat' dir='ltr'>ii.</span> 
     </span>
     <span class='ocr_line' id='line_1_26' title="bbox 161 2052 835 2096; baseline -0.003 -11"><span class='ocrx_word' id='word_1_142' title='bbox 161 2057 225 2087; x_wconf 84' lang='lat'>385</span> <span class='ocrx_word' id='word_1_143' title='bbox 255 2065 324 2096; x_wconf 88' lang='lat' dir='ltr'>sqq.</span> <span class='ocrx_word' id='word_1_144' title='bbox 352 2052 510 2095; x_wconf 72' lang='lat' dir='ltr'>copiosius</span> <span class='ocrx_word' id='word_1_145' title='bbox 543 2053 695 2083; x_wconf 80' lang='lat' dir='ltr'>narravit.</span> <span class='ocrx_word' id='word_1_146' title='bbox 746 2054 835 2093; x_wconf 66' lang='lat' dir='ltr'>Opes,</span> 
     </span>
     <span class='ocr_line' id='line_1_27' title="bbox 160 2103 835 2147; baseline -0.004 -10"><span class='ocrx_word' id='word_1_147' title='bbox 160 2115 302 2147; x_wconf 85' lang='lat' dir='ltr'>reguum.</span> <span class='ocrx_word' id='word_1_148' title='bbox 350 2103 401 2133; x_wconf 89' lang='lat' dir='ltr'>Sic</span> <span class='ocrx_word' id='word_1_149' title='bbox 425 2103 558 2132; x_wconf 70' lang='lat' dir='ltr'>Deorum</span> <span class='ocrx_word' id='word_1_150' title='bbox 586 2114 662 2141; x_wconf 76' lang='lat' dir='ltr'>opes,</span> <span class='ocrx_word' id='word_1_151' title='bbox 681 2103 749 2133; x_wconf 88' lang='lat' dir='ltr'>Liv.</span> <span class='ocrx_word' id='word_1_152' title='bbox 767 2103 786 2133; x_wconf 90' lang='lat' dir='ltr'>i.</span> <span class='ocrx_word' id='word_1_153' title='bbox 803 2105 835 2134; x_wconf 82' lang='lat'>4.</span> 
     </span>
     <span class='ocr_line' id='line_1_28' title="bbox 158 2153 833 2194; baseline -0.007 -6"><span class='ocrx_word' id='word_1_154' title='bbox 158 2158 198 2188; x_wconf 88' lang='lat' dir='ltr'>In</span> <span class='ocrx_word' id='word_1_155' title='bbox 214 2154 317 2186; x_wconf 87' lang='lat' dir='ltr'>verbis</span> <span class='ocrx_word' id='word_1_156' title='bbox 338 2154 433 2183; x_wconf 80' lang='lat' dir='ltr'>scelus</span> <span class='ocrx_word' id='word_1_157' title='bbox 448 2155 531 2183; x_wconf 79' lang='lat' dir='ltr'>unda</span> <span class='ocrx_word' id='word_1_158' title='bbox 551 2153 665 2194; x_wconf 61' lang='lat' dir='ltr'>1‘15l&#39;ssgl&#39;l</span> <span class='ocrx_word' id='word_1_159' title='bbox 688 2163 748 2183; x_wconf 89' lang='lat' dir='ltr'>non</span> <span class='ocrx_word' id='word_1_160' title='bbox 767 2164 833 2183; x_wconf 83' lang='lat' dir='ltr'>rna-</span> 
     </span>
     <span class='ocr_line' id='line_1_29' title="bbox 157 2202 833 2246; baseline -0.004 -9"><span class='ocrx_word' id='word_1_161' title='bbox 157 2208 223 2238; x_wconf 89' lang='lat' dir='ltr'>lum</span> <span class='ocrx_word' id='word_1_162' title='bbox 256 2205 456 2246; x_wconf 83' lang='lat' dir='ltr'>figmentum.</span> <span class='ocrx_word' id='word_1_163' title='bbox 504 2202 556 2232; x_wconf 89' lang='lat' dir='ltr'>De</span> <span class='ocrx_word' id='word_1_164' title='bbox 593 2214 658 2241; x_wconf 73' lang='lat' dir='ltr'>piru</span> <span class='ocrx_word' id='word_1_165' title='bbox 686 2202 758 2233; x_wconf 78' lang='lat' dir='ltr'>vide</span> <span class='ocrx_word' id='word_1_166' title='bbox 793 2203 833 2234; x_wconf 67' lang='lat' dir='ltr'>anl</span> 
     </span>
     <span class='ocr_line' id='line_1_30' title="bbox 157 2255 352 2288; baseline -0.026 0"><span class='ocrx_word' id='word_1_167' title='bbox 157 2266 281 2288; x_wconf 84' lang='lat' dir='ltr'>versum</span> <span class='ocrx_word' id='word_1_168' title='bbox 298 2255 352 2284; x_wconf 89' lang='lat'>37.</span> 
     </span>
    </p>

    <p class='ocr_par' dir='ltr' id='par_1_15' title="bbox 147 2301 832 2844">
     <span class='ocr_line' id='line_1_31' title="bbox 200 2301 832 2344; baseline -0.006 -7"><span class='ocrx_word' id='word_1_169' title='bbox 200 2307 254 2337; x_wconf 89' lang='lat'>55.</span> <span class='ocrx_word' id='word_1_170' title='bbox 279 2303 460 2338; x_wconf 78' lang='lat' dir='ltr'>Faustulus,</span> <span class='ocrx_word' id='word_1_171' title='bbox 475 2301 522 2332; x_wconf 78' lang='lat' dir='ltr'>vir</span> <span class='ocrx_word' id='word_1_172' title='bbox 545 2303 657 2337; x_wconf 83' lang='lat' dir='ltr'>bonus,</span> <span class='ocrx_word' id='word_1_173' title='bbox 675 2302 751 2343; x_wconf 78' lang='lat' dir='ltr'>regii</span> <span class='ocrx_word' id='word_1_174' title='bbox 778 2313 832 2344; x_wconf 84' lang='lat' dir='ltr'>pc-</span> 
     </span>
     <span class='ocr_line' id='line_1_32' title="bbox 156 2352 832 2394; baseline -0.006 -7"><span class='ocrx_word' id='word_1_175' title='bbox 156 2355 236 2387; x_wconf 89' lang='lat' dir='ltr'>coris</span> <span class='ocrx_word' id='word_1_176' title='bbox 273 2353 434 2394; x_wconf 80' lang='lat' dir='ltr'>magister,</span> <span class='ocrx_word' id='word_1_177' title='bbox 467 2352 506 2382; x_wconf 81' lang='lat' dir='ltr'>ab</span> <span class='ocrx_word' id='word_1_178' title='bbox 545 2352 621 2393; x_wconf 83' lang='lat' dir='ltr'>ipsis</span> <span class='ocrx_word' id='word_1_179' title='bbox 651 2352 832 2384; x_wconf 75' lang='lat' dir='ltr'>Arcadibus</span> 
     </span>
     <span class='ocr_line' id='line_1_33' title="bbox 155 2402 828 2442; baseline -0.004 -6"><span class='ocrx_word' id='word_1_180' title='bbox 155 2403 295 2436; x_wconf 81' lang='lat' dir='ltr'>Evandri</span> <span class='ocrx_word' id='word_1_181' title='bbox 330 2402 509 2438; x_wconf 81' lang='lat' dir='ltr'>comitibus,</span> <span class='ocrx_word' id='word_1_182' title='bbox 540 2413 641 2442; x_wconf 80' lang='lat' dir='ltr'>genus</span> <span class='ocrx_word' id='word_1_183' title='bbox 677 2402 828 2438; x_wconf 84' lang='lat' dir='ltr'>ducebat,</span> 
     </span>
     <span class='ocr_line' id='line_1_34' title="bbox 154 2451 826 2494; baseline -0.006 -8"><span class='ocrx_word' id='word_1_184' title='bbox 154 2460 357 2494; x_wconf 89' lang='lat' dir='ltr'>montemque</span> <span class='ocrx_word' id='word_1_185' title='bbox 411 2451 571 2482; x_wconf 73' lang='lat' dir='ltr'>incolebat</span> <span class='ocrx_word' id='word_1_186' title='bbox 621 2452 826 2482; x_wconf 79' lang='lat' dir='ltr'>Palatinum:</span> 
     </span>
     <span class='ocr_line' id='line_1_35' title="bbox 154 2502 829 2544; baseline -0.007 -7"><span class='ocrx_word' id='word_1_187' title='bbox 154 2505 252 2537; x_wconf 84' lang='lat' dir='ltr'>Dion.</span> <span class='ocrx_word' id='word_1_188' title='bbox 267 2504 295 2535; x_wconf 90' lang='lat' dir='ltr'>I.</span> <span class='ocrx_word' id='word_1_189' title='bbox 311 2502 413 2533; x_wconf 85' lang='lat' dir='ltr'>lxxix.</span> <span class='ocrx_word' id='word_1_190' title='bbox 430 2513 461 2544; x_wconf 86' lang='lat' dir='ltr'>p.</span> <span class='ocrx_word' id='word_1_191' title='bbox 482 2503 557 2532; x_wconf 76' lang='lat'>204.</span> <span class='ocrx_word' id='word_1_192' title='bbox 573 2509 604 2532; x_wconf 84' lang='lat' dir='ltr'>et</span> <span class='ocrx_word' id='word_1_193' title='bbox 627 2503 702 2532; x_wconf 80' lang='lat'>218.</span> <span class='ocrx_word' id='word_1_194' title='bbox 719 2502 829 2533; x_wconf 75' lang='lat' dir='ltr'>Reisk.</span> 
     </span>
     <span class='ocr_line' id='line_1_36' title="bbox 157 2552 829 2593; baseline -0.009 -6"><span class='ocrx_word' id='word_1_195' title='bbox 157 2555 266 2587; x_wconf 83' lang='lat' dir='ltr'>Gentis</span> <span class='ocrx_word' id='word_1_196' title='bbox 286 2555 418 2589; x_wconf 52' lang='lat' dir='ltr'>nutrim</span> <span class='ocrx_word' id='word_1_197' title='bbox 447 2552 523 2593; x_wconf 85' lang='lat' dir='ltr'>quia</span> <span class='ocrx_word' id='word_1_198' title='bbox 542 2552 646 2593; x_wconf 85' lang='lat' dir='ltr'>gentis</span> <span class='ocrx_word' id='word_1_199' title='bbox 670 2558 829 2582; x_wconf 87' lang='lat' dir='ltr'>auctorem</span> 
     </span>
     <span class='ocr_line' id='line_1_37' title="bbox 149 2601 828 2644; baseline -0.007 -7"><span class='ocrx_word' id='word_1_200' title='bbox 149 2604 337 2637; x_wconf 85' lang='lat' dir='ltr'>nutriverat.</span> <span class='ocrx_word' id='word_1_201' title='bbox 385 2602 460 2642; x_wconf 86' lang='lat' dir='ltr'>Opes</span> <span class='ocrx_word' id='word_1_202' title='bbox 476 2602 561 2644; x_wconf 89' lang='lat' dir='ltr'>ipsos</span> <span class='ocrx_word' id='word_1_203' title='bbox 576 2612 691 2644; x_wconf 87' lang='lat' dir='ltr'>pueros</span> <span class='ocrx_word' id='word_1_204' title='bbox 711 2601 828 2632; x_wconf 82' lang='lat' dir='ltr'>educa-</span> 
     </span>
     <span class='ocr_line' id='line_1_38' title="bbox 151 2651 828 2695; baseline -0.007 -9"><span class='ocrx_word' id='word_1_205' title='bbox 151 2660 200 2686; x_wconf 90' lang='lat' dir='ltr'>tos</span> <span class='ocrx_word' id='word_1_206' title='bbox 223 2653 379 2695; x_wconf 85' lang='lat' dir='ltr'>intellige.</span> <span class='ocrx_word' id='word_1_207' title='bbox 423 2651 527 2683; x_wconf 75' lang='lat' dir='ltr'>Vocat</span> <span class='ocrx_word' id='word_1_208' title='bbox 549 2662 625 2691; x_wconf 73' lang='lat' dir='ltr'>opeS,</span> <span class='ocrx_word' id='word_1_209' title='bbox 649 2662 720 2693; x_wconf 80' lang='lat' dir='ltr'>quae</span> <span class='ocrx_word' id='word_1_210' title='bbox 747 2651 828 2682; x_wconf 91' lang='lat' dir='ltr'>bene</span> 
     </span>
     <span class='ocr_line' id='line_1_39' title="bbox 147 2700 827 2747; baseline -0.009 -10"><span class='ocrx_word' id='word_1_211' title='bbox 147 2704 328 2747; x_wconf 82' lang='lat' dir='ltr'>paupertati</span> <span class='ocrx_word' id='word_1_212' title='bbox 353 2713 427 2744; x_wconf 87' lang='lat' dir='ltr'>opp.</span> <span class='ocrx_word' id='word_1_213' title='bbox 474 2702 669 2737; x_wconf 75' lang='lat' dir='ltr'>Larentalia,</span> <span class='ocrx_word' id='word_1_214' title='bbox 692 2701 732 2732; x_wconf 89' lang='lat' dir='ltr'>ab</span> <span class='ocrx_word' id='word_1_215' title='bbox 756 2700 827 2731; x_wconf 88' lang='lat' dir='ltr'>aliis</span> 
     </span>
     <span class='ocr_line' id='line_1_40' title="bbox 151 2751 825 2794; baseline -0.007 -8"><span class='ocrx_word' id='word_1_216' title='bbox 151 2755 372 2786; x_wconf 75' lang='lat' dir='ltr'>Larentinalia</span> <span class='ocrx_word' id='word_1_217' title='bbox 393 2758 566 2784; x_wconf 85' lang='lat' dir='ltr'>vocantur:</span> <span class='ocrx_word' id='word_1_218' title='bbox 592 2751 768 2794; x_wconf 83' lang='lat' dir='ltr'>agebantur</span> <span class='ocrx_word' id='word_1_219' title='bbox 792 2762 825 2781; x_wconf 88' lang='lat' dir='ltr'>x.</span> 
     </span>
     <span class='ocr_line' id='line_1_41' title="bbox 151 2800 824 2844; baseline -0.009 -7"><span class='ocrx_word' id='word_1_220' title='bbox 151 2805 229 2837; x_wconf 86' lang='lat' dir='ltr'>Kal.</span> <span class='ocrx_word' id='word_1_221' title='bbox 243 2804 318 2836; x_wconf 84' lang='lat' dir='ltr'>Jan.</span> <span class='ocrx_word' id='word_1_222' title='bbox 363 2804 511 2844; x_wconf 71' lang='lat' dir='ltr'>deceptus</span> <span class='ocrx_word' id='word_1_223' title='bbox 526 2804 634 2844; x_wconf 73' lang='lat' dir='ltr'>geniis,</span> <span class='ocrx_word' id='word_1_224' title='bbox 651 2801 703 2833; x_wconf 91' lang='lat' dir='ltr'>ubi</span> <span class='ocrx_word' id='word_1_225' title='bbox 719 2800 824 2832; x_wconf 88' lang='lat' dir='ltr'>indul-</span> 
     </span>
    </p>
   </div>
   <div class='ocr_carea' id='block_1_8' title="bbox 908 1800 1594 2094">
    <p class='ocr_par' dir='ltr' id='par_1_16' title="bbox 908 1800 1594 2094">
     <span class='ocr_line' id='line_1_42' title="bbox 910 1800 1589 1845; baseline -0.001 -11"><span class='ocrx_word' id='word_1_226' title='bbox 910 1809 1002 1845; x_wconf 84' lang='lat' dir='ltr'>getur</span> <span class='ocrx_word' id='word_1_227' title='bbox 1036 1802 1128 1844; x_wconf 77' lang='lat' dir='ltr'>genio</span> <span class='ocrx_word' id='word_1_228' title='bbox 1164 1800 1380 1833; x_wconf 84' lang='lat' dir='ltr'>conviviorum</span> <span class='ocrx_word' id='word_1_229' title='bbox 1416 1800 1589 1833; x_wconf 80' lang='lat' dir='ltr'>hilaritate.</span> 
     </span>
     <span class='ocr_line' id='line_1_43' title="bbox 913 1851 1594 1894; baseline 0 -11"><span class='ocrx_word' id='word_1_230' title='bbox 913 1853 1003 1894; x_wconf 68' lang='lat' dir='ltr'>Virg.</span> <span class='ocrx_word' id='word_1_231' title='bbox 1028 1854 1069 1884; x_wconf 75' lang='lat' dir='ltr'>(j.</span> <span class='ocrx_word' id='word_1_232' title='bbox 1095 1853 1114 1884; x_wconf 88' lang='lat' dir='ltr'>i.</span> <span class='ocrx_word' id='word_1_233' title='bbox 1140 1853 1221 1883; x_wconf 85' lang='lat'>300:</span> <span class='ocrx_word' id='word_1_234' title='bbox 1259 1851 1476 1892; x_wconf 79' lang='lat' dir='ltr'>“Frigoribus</span> <span class='ocrx_word' id='word_1_235' title='bbox 1503 1857 1594 1894; x_wconf 83' lang='lat' dir='ltr'>parto</span> 
     </span>
     <span class='ocr_line' id='line_1_44' title="bbox 909 1901 1592 1944; baseline -0.003 -10"><span class='ocrx_word' id='word_1_236' title='bbox 909 1903 1055 1944; x_wconf 59' lang='lat' dir='ltr'>agricolae</span> <span class='ocrx_word' id='word_1_237' title='bbox 1079 1903 1265 1944; x_wconf 84' lang='lat' dir='ltr'>plerumque</span> <span class='ocrx_word' id='word_1_238' title='bbox 1283 1902 1440 1938; x_wconf 85' lang='lat' dir='ltr'>fruuntur,</span> <span class='ocrx_word' id='word_1_239' title='bbox 1459 1901 1592 1933; x_wconf 84' lang='lat' dir='ltr'>Mutua-</span> 
     </span>
     <span class='ocr_line' id='line_1_45' title="bbox 909 1951 1591 1995; baseline -0.001 -11"><span class='ocrx_word' id='word_1_240' title='bbox 909 1964 970 1995; x_wconf 88' lang='lat' dir='ltr'>que</span> <span class='ocrx_word' id='word_1_241' title='bbox 987 1955 1066 1984; x_wconf 79' lang='lat' dir='ltr'>inter</span> <span class='ocrx_word' id='word_1_242' title='bbox 1083 1963 1115 1983; x_wconf 78' lang='lat' dir='ltr'>se</span> <span class='ocrx_word' id='word_1_243' title='bbox 1132 1952 1197 1983; x_wconf 57' lang='lat' dir='ltr'>laeti</span> <span class='ocrx_word' id='word_1_244' title='bbox 1213 1951 1359 1982; x_wconf 86' lang='lat' dir='ltr'>convivia</span> <span class='ocrx_word' id='word_1_245' title='bbox 1376 1958 1511 1983; x_wconf 82' lang='lat' dir='ltr'>curant:</span> <span class='ocrx_word' id='word_1_246' title='bbox 1536 1953 1591 1984; x_wconf 92' lang='lat' dir='ltr'>In-</span> 
     </span>
     <span class='ocr_line' id='line_1_46' title="bbox 909 2001 1589 2044; baseline 0 -11"><span class='ocrx_word' id='word_1_247' title='bbox 909 2004 987 2033; x_wconf 71' lang='lat' dir='ltr'>vitat</span> <span class='ocrx_word' id='word_1_248' title='bbox 998 2002 1133 2044; x_wconf 71' lang='lat' dir='ltr'>genialis</span> <span class='ocrx_word' id='word_1_249' title='bbox 1149 2001 1282 2032; x_wconf 46' lang='lat' dir='ltr'>hiems?</span> <span class='ocrx_word' id='word_1_250' title='bbox 1311 2002 1399 2032; x_wconf 81' lang='lat' dir='ltr'>Beue</span> <span class='ocrx_word' id='word_1_251' title='bbox 1411 2001 1508 2042; x_wconf 85' lang='lat' dir='ltr'>igitur</span> <span class='ocrx_word' id='word_1_252' title='bbox 1522 2001 1589 2033; x_wconf 88' lang='lat' dir='ltr'>De-</span> 
     </span>
     <span class='ocr_line' id='line_1_47' title="bbox 908 2050 1590 2094; baseline -0.001 -11"><span class='ocrx_word' id='word_1_253' title='bbox 908 2053 1067 2084; x_wconf 84' lang='lat' dir='ltr'>cembrem</span> <span class='ocrx_word' id='word_1_254' title='bbox 1091 2053 1149 2082; x_wconf 75' lang='lat' dir='ltr'>lioc</span> <span class='ocrx_word' id='word_1_255' title='bbox 1173 2051 1314 2094; x_wconf 80' lang='lat' dir='ltr'>epitheto</span> <span class='ocrx_word' id='word_1_256' title='bbox 1334 2050 1469 2082; x_wconf 87' lang='lat' dir='ltr'>ornavit.</span> <span class='ocrx_word' id='word_1_257' title='bbox 1518 2051 1590 2083; x_wconf 83' lang='lat' dir='ltr'>Nan</span> 
     </span>
    </p>
   </div>
   <div class='ocr_carea' id='block_1_9' title="bbox 895 2100 1586 2831">
    <p class='ocr_par' dir='ltr' id='par_1_17' title="bbox 908 2100 1456 2143">
     <span class='ocr_line' id='line_1_48' title="bbox 908 2100 1456 2143; baseline -0.004 -10"><span class='ocrx_word' id='word_1_258' title='bbox 908 2109 1021 2133; x_wconf 72' lang='lat' dir='ltr'>taceam</span> <span class='ocrx_word' id='word_1_259' title='bbox 1041 2110 1089 2139; x_wconf 52' lang='grc' dir='ltr'>ιη</span> <span class='ocrx_word' id='word_1_260' title='bbox 1115 2102 1255 2132; x_wconf 81' lang='lat' dir='ltr'>solemne</span> <span class='ocrx_word' id='word_1_261' title='bbox 1272 2101 1304 2131; x_wconf 92' lang='lat' dir='ltr'>in</span> <span class='ocrx_word' id='word_1_262' title='bbox 1319 2100 1456 2143; x_wconf 88' lang='lat' dir='ltr'>hymnis.</span> 
     </span>
    </p>

    <p class='ocr_par' dir='ltr' id='par_1_18' title="bbox 895 2152 1586 2831">
     <span class='ocr_line' id='line_1_49' title="bbox 947 2152 1586 2193; baseline -0.002 -9"><span class='ocrx_word' id='word_1_263' title='bbox 947 2154 1000 2184; x_wconf 88' lang='grc'>59.</span> <span class='ocrx_word' id='word_1_264' title='bbox 1026 2152 1119 2182; x_wconf 87' lang='lat' dir='ltr'>Ilunc</span> <span class='ocrx_word' id='word_1_265' title='bbox 1134 2152 1236 2193; x_wconf 85' lang='lat' dir='ltr'>ipsum</span> <span class='ocrx_word' id='word_1_266' title='bbox 1251 2161 1404 2182; x_wconf 87' lang='lat' dir='ltr'>annorum</span> <span class='ocrx_word' id='word_1_267' title='bbox 1420 2161 1586 2183; x_wconf 88' lang='lat' dir='ltr'>numerum</span> 
     </span>
     <span class='ocr_line' id='line_1_50' title="bbox 903 2201 1586 2244; baseline 0 -11"><span class='ocrx_word' id='word_1_268' title='bbox 903 2203 1000 2234; x_wconf 83' lang='lat' dir='ltr'>liabet</span> <span class='ocrx_word' id='word_1_269' title='bbox 1028 2203 1161 2243; x_wconf 67' lang='lat' dir='ltr'>Dionys.</span> <span class='ocrx_word' id='word_1_270' title='bbox 1181 2202 1205 2231; x_wconf 93' lang='grc' dir='ltr'>Ι.</span> <span class='ocrx_word' id='word_1_271' title='bbox 1227 2201 1330 2232; x_wconf 83' lang='lat' dir='ltr'>lxxix.</span> <span class='ocrx_word' id='word_1_272' title='bbox 1348 2212 1380 2244; x_wconf 89' lang='lat' dir='ltr'>p.</span> <span class='ocrx_word' id='word_1_273' title='bbox 1396 2202 1473 2233; x_wconf 81' lang='lat'>205.</span> <span class='ocrx_word' id='word_1_274' title='bbox 1521 2201 1586 2233; x_wconf 55' lang='lat' dir='ltr'>No*</span> 
     </span>
     <span class='ocr_line' id='line_1_51' title="bbox 904 2250 1583 2292; baseline 0 -9"><span class='ocrx_word' id='word_1_275' title='bbox 904 2265 968 2283; x_wconf 76' lang='lat' dir='ltr'>rum</span> <span class='ocrx_word' id='word_1_276' title='bbox 991 2254 1132 2287; x_wconf 57' lang='lat' dir='ltr'>barbanu</span> <span class='ocrx_word' id='word_1_277' title='bbox 1163 2252 1281 2282; x_wconf 75' lang='lat' dir='ltr'>Noster</span> <span class='ocrx_word' id='word_1_278' title='bbox 1305 2250 1486 2292; x_wconf 75' lang='lat' dir='ltr'>elegantius</span> <span class='ocrx_word' id='word_1_279' title='bbox 1510 2251 1583 2283; x_wconf 88' lang='lat' dir='ltr'>Me-</span> 
     </span>
     <span class='ocr_line' id='line_1_52' title="bbox 904 2300 1583 2344; baseline 0.001 -12"><span class='ocrx_word' id='word_1_280' title='bbox 904 2306 979 2332; x_wconf 77' lang='lat' dir='ltr'>tam.</span> <span class='ocrx_word' id='word_1_281' title='bbox 1006 2302 1048 2332; x_wconf 85' lang='lat' dir='ltr'>ix.</span> <span class='ocrx_word' id='word_1_282' title='bbox 1081 2303 1157 2332; x_wconf 84' lang='lat'>398.</span> <span class='ocrx_word' id='word_1_283' title='bbox 1188 2301 1357 2343; x_wconf 84' lang='lat' dir='ltr'>eloquitur,</span> <span class='ocrx_word' id='word_1_284' title='bbox 1381 2304 1401 2317; x_wconf 91' lang='lat'><em>“</em></span> <span class='ocrx_word' id='word_1_285' title='bbox 1419 2300 1583 2344; x_wconf 88' lang='lat' dir='ltr'>dubiaque</span> 
     </span>
     <span class='ocr_line' id='line_1_53' title="bbox 903 2350 1581 2394; baseline 0.003 -13"><span class='ocrx_word' id='word_1_286' title='bbox 903 2357 1010 2392; x_wconf 84' lang='lat' dir='ltr'>tegens</span> <span class='ocrx_word' id='word_1_287' title='bbox 1047 2351 1199 2392; x_wconf 77' lang='lat' dir='ltr'>lanugine</span> <span class='ocrx_word' id='word_1_288' title='bbox 1235 2350 1374 2387; x_wconf 76' lang='lat' dir='ltr'>malas,”</span> <span class='ocrx_word' id='word_1_289' title='bbox 1404 2357 1436 2382; x_wconf 85' lang='lat' dir='ltr'>et</span> <span class='ocrx_word' id='word_1_290' title='bbox 1466 2351 1581 2394; x_wconf 86' lang='lat' dir='ltr'>Virgil.</span> 
     </span>
     <span class='ocr_line' id='line_1_54' title="bbox 905 2399 1581 2443; baseline 0.001 -12"><span class='ocrx_word' id='word_1_291' title='bbox 905 2401 978 2433; x_wconf 70' lang='grc' dir='ltr'>ΔΕΠ.</span> <span class='ocrx_word' id='word_1_292' title='bbox 1003 2401 1068 2432; x_wconf 79' lang='lat' dir='ltr'>viii.</span> <span class='ocrx_word' id='word_1_293' title='bbox 1096 2402 1176 2431; x_wconf 83' lang='lat'>160:</span> <span class='ocrx_word' id='word_1_294' title='bbox 1220 2400 1341 2431; x_wconf 88' lang='lat' dir='ltr'>“Tum</span> <span class='ocrx_word' id='word_1_295' title='bbox 1371 2399 1449 2430; x_wconf 86' lang='lat' dir='ltr'>mihi</span> <span class='ocrx_word' id='word_1_296' title='bbox 1479 2401 1581 2443; x_wconf 85' lang='lat' dir='ltr'>prima</span> 
     </span>
     <span class='ocr_line' id='line_1_55' title="bbox 899 2449 1580 2492; baseline -0.001 -11"><span class='ocrx_word' id='word_1_297' title='bbox 899 2462 998 2492; x_wconf 83' lang='lat' dir='ltr'>genas</span> <span class='ocrx_word' id='word_1_298' title='bbox 1021 2451 1158 2482; x_wconf 82' lang='lat' dir='ltr'>vestibat</span> <span class='ocrx_word' id='word_1_299' title='bbox 1184 2451 1258 2482; x_wconf 88' lang='lat' dir='ltr'>flore</span> <span class='ocrx_word' id='word_1_300' title='bbox 1281 2450 1450 2492; x_wconf 84' lang='lat' dir='ltr'>juventa.”</span> <span class='ocrx_word' id='word_1_301' title='bbox 1495 2449 1580 2481; x_wconf 83' lang='lat' dir='ltr'>Jura</span> 
     </span>
     <span class='ocr_line' id='line_1_56' title="bbox 900 2499 1578 2542; baseline 0 -11"><span class='ocrx_word' id='word_1_302' title='bbox 900 2503 974 2531; x_wconf 79' lang='lat' dir='ltr'>dare</span> <span class='ocrx_word' id='word_1_303' title='bbox 995 2509 1049 2532; x_wconf 85' lang='lat' dir='ltr'>aut</span> <span class='ocrx_word' id='word_1_304' title='bbox 1069 2502 1195 2532; x_wconf 80' lang='lat' dir='ltr'>reddere</span> <span class='ocrx_word' id='word_1_305' title='bbox 1215 2499 1344 2531; x_wconf 90' lang='lat' dir='ltr'>omnino</span> <span class='ocrx_word' id='word_1_306' title='bbox 1358 2506 1405 2531; x_wconf 83' lang='lat' dir='ltr'>est</span> <span class='ocrx_word' id='word_1_307' title='bbox 1418 2499 1578 2542; x_wconf 87' lang='lat' dir='ltr'>imperan-</span> 
     </span>
     <span class='ocr_line' id='line_1_57' title="bbox 900 2549 1578 2592; baseline 0 -12"><span class='ocrx_word' id='word_1_308' title='bbox 900 2550 960 2589; x_wconf 88' lang='lat' dir='ltr'>tis;</span> <span class='ocrx_word' id='word_1_309' title='bbox 981 2553 1063 2591; x_wconf 75' lang='lat' dir='ltr'>jura</span> <span class='ocrx_word' id='word_1_310' title='bbox 1085 2557 1186 2591; x_wconf 84' lang='lat' dir='ltr'>petere</span> <span class='ocrx_word' id='word_1_311' title='bbox 1209 2549 1356 2592; x_wconf 87' lang='lat' dir='ltr'>subjecti.</span> <span class='ocrx_word' id='word_1_312' title='bbox 1402 2549 1431 2580; x_wconf 91' lang='lat' dir='ltr'><strong>A</strong></span> <span class='ocrx_word' id='word_1_313' title='bbox 1450 2549 1578 2592; x_wconf 82' lang='lat' dir='ltr'>populis</span> 
     </span>
     <span class='ocr_line' id='line_1_58' title="bbox 899 2598 1576 2641; baseline -0.001 -10"><span class='ocrx_word' id='word_1_314' title='bbox 899 2600 958 2631; x_wconf 91' lang='lat' dir='ltr'>hoc</span> <span class='ocrx_word' id='word_1_315' title='bbox 982 2610 1067 2631; x_wconf 89' lang='lat' dir='ltr'>nunc</span> <span class='ocrx_word' id='word_1_316' title='bbox 1087 2600 1275 2631; x_wconf 86' lang='lat' dir='ltr'>translatum</span> <span class='ocrx_word' id='word_1_317' title='bbox 1297 2598 1337 2630; x_wconf 87' lang='lat' dir='ltr'>ad</span> <span class='ocrx_word' id='word_1_318' title='bbox 1358 2605 1500 2641; x_wconf 87' lang='lat' dir='ltr'>pastores</span> <span class='ocrx_word' id='word_1_319' title='bbox 1521 2609 1576 2630; x_wconf 89' lang='lat' dir='ltr'>eo-</span> 
     </span>
     <span class='ocr_line' id='line_1_59' title="bbox 897 2647 1576 2692; baseline 0 -12"><span class='ocrx_word' id='word_1_320' title='bbox 897 2660 1030 2692; x_wconf 86' lang='lat' dir='ltr'>rumque</span> <span class='ocrx_word' id='word_1_321' title='bbox 1060 2649 1222 2692; x_wconf 84' lang='lat' dir='ltr'>praesules.</span> <span class='ocrx_word' id='word_1_322' title='bbox 1267 2647 1469 2680; x_wconf 85' lang='lat' dir='ltr'>Auctoritate</span> <span class='ocrx_word' id='word_1_323' title='bbox 1497 2659 1576 2691; x_wconf 89' lang='lat' dir='ltr'>qua-</span> 
     </span>
     <span class='ocr_line' id='line_1_60' title="bbox 895 2699 1575 2742; baseline 0 -12"><span class='ocrx_word' id='word_1_324' title='bbox 895 2699 971 2730; x_wconf 87' lang='lat' dir='ltr'>dam</span> <span class='ocrx_word' id='word_1_325' title='bbox 1014 2699 1178 2742; x_wconf 84' lang='lat' dir='ltr'>pollebant</span> <span class='ocrx_word' id='word_1_326' title='bbox 1223 2699 1304 2730; x_wconf 88' lang='lat' dir='ltr'>inter</span> <span class='ocrx_word' id='word_1_327' title='bbox 1349 2704 1502 2741; x_wconf 84' lang='lat' dir='ltr'>pastores,</span> <span class='ocrx_word' id='word_1_328' title='bbox 1542 2704 1575 2730; x_wconf 83' lang='lat' dir='ltr'>et</span> 
     </span>
     <span class='ocr_line' id='line_1_61' title="bbox 895 2747 1573 2792; baseline 0 -12"><span class='ocrx_word' id='word_1_329' title='bbox 895 2749 1019 2781; x_wconf 86' lang='lat' dir='ltr'>indoles</span> <span class='ocrx_word' id='word_1_330' title='bbox 1042 2749 1152 2782; x_wconf 82' lang='lat' dir='ltr'>divina</span> <span class='ocrx_word' id='word_1_331' title='bbox 1172 2750 1240 2792; x_wconf 88' lang='lat' dir='ltr'>jam</span> <span class='ocrx_word' id='word_1_332' title='bbox 1267 2759 1351 2781; x_wconf 87' lang='lat' dir='ltr'>nunc</span> <span class='ocrx_word' id='word_1_333' title='bbox 1377 2748 1410 2780; x_wconf 89' lang='lat' dir='ltr'>in</span> <span class='ocrx_word' id='word_1_334' title='bbox 1435 2747 1474 2780; x_wconf 88' lang='lat' dir='ltr'>iis</span> <span class='ocrx_word' id='word_1_335' title='bbox 1495 2747 1573 2780; x_wconf 84' lang='lat' dir='ltr'>emi-</span> 
     </span>
     <span class='ocr_line' id='line_1_62' title="bbox 896 2799 1003 2831; baseline 0 -1"><span class='ocrx_word' id='word_1_336' title='bbox 896 2799 1003 2831; x_wconf 78' lang='lat' dir='ltr'>nebat.</span> 
     </span>
    </p>
   </div>
   <div class='ocr_carea' id='block_1_10' title="bbox 1592 1511 1610 1519">
    <p class='ocr_par' dir='ltr' id='par_1_19' title="bbox 1592 1511 1610 1519">
     <span class='ocr_line' id='line_1_63' title="bbox 1592 1511 1610 1519; baseline 0 0"><span class='ocrx_word' id='word_1_337' title='bbox 1592 1511 1610 1519; x_wconf 58' lang='lat' dir='ltr'>a</span> 
     </span>
    </p>
   </div>
  </div>
 </body>
</html>
