1830 3220
562 146 909 190 FASTORUM
946 147 1003 189 LI
1014 147 1063 189 B.
1099 147 1181 188 IV.

1497 150 1580 192 199
1593 205 1595 207 ¹

161 265 394 313 Contulit
418 280 486 312 aes
514 265 751 329 populus,
778 265 842 313 de
870 281 971 329 quo
997 265 1210 314 delubra
1235 264 1480 314 Metellus

227 342 387 401 Fecit,
417 343 486 390 ait
509 360 518 390 :
561 343 742 390 dandae
770 359 878 391 mos
906 344 1052 408 stipis
1079 343 1197 392 inde
1223 351 1412 392 manet.

159 421 266 469 Cur
290 421 484 469 vicibus
507 420 654 469 factis
682 421 855 469 ineant
880 422 1125 477 convivia,
1155 439 1344 487 quaero,

223 500 354 547 Tum
382 501 558 563 magis,
587 500 803 548 indictas
830 501 1300 565 concelebrentque
1326 501 1502 567 dapes.

157 577 306 633 Quod
333 579 463 626 bene
489 579 697 626 mutarit
723 578 899 627 sedem
929 579 1256 643 Berecyntia,
1285 579 1443 639 dixit3
1485 584 1584 630 355

230 656 456 721 Captant
482 656 694 704 mutatis
722 657 930 704 sedibus
957 673 1105 704 omen
1134 657 1286 705 idern.

161 734 472 791 Institeram,
501 751 660 799 quare
687 734 833 799 primi
863 734 1149 798 Megalesia
1173 735 1279 782 ludi

230 813 370 861 Urbe
396 812 560 861 forent
586 820 758 860 nostra
781 830 790 860 :
834 830 992 877 quum
1022 814 1149 869 Dea,
1179 814 1340 862 sensit
1364 815 1516 873 enirn,

158 891 254 940 Illa
281 891 438 948 Deos,
467 891 651 956 inquit,
681 892 907 956 peperit:
950 908 1152 941 cessere
1181 893 1396 957 parenti,

227 970 648 1034 principiumque
674 970 780 1018 dati
808 978 969 1018 mater
995 971 1200 1018 honoris
1228 971 1399 1020 habet.

1487 975 1587 1020 360

163 1047 269 1100 Cur
293 1047 446 1111 igitur
472 1048 667 1104 Gallos,
696 1047 784 1111 qui
811 1065 865 1097 se
892 1048 1147 1105 excidere,
1175 1066 1432 1107 vocamus,

227 1126 398 1182 Quum
423 1134 566 1175 tanto
596 1126 822 1192 Phrygia
847 1127 1031 1191 gallica
1056 1127 1215 1176 distet
1239 1128 1460 1177 humus?

161 1205 316 1262 lnter,
346 1204 431 1261 ait,
455 1205 666 1253 viridem
695 1205 947 1270 Cybelen,
978 1207 1211 1270 altasque
1239 1206 1474 1256 Celaenas

229 1283 409 1331 Amnis
437 1284 475 1330 it
500 1283 695 1339 insana,
724 1283 928 1331 nomine
956 1284 1154 1341 Gallus,
1183 1300 1335 1348 aqua.

1489 1288 1591 1349 [est

162 1361 262 1418 Qui
291 1362 420 1410 bibit
452 1362 586 1419 inde,
616 1362 766 1411 furit:
809 1363 984 1427 procul
1023 1363 1140 1410 hinc
1179 1363 1445 1422 discedite,
1477 1367 1591 1429 quis

232 1440 372 1488 Cura
396 1441 543 1488 bonae
570 1441 755 1488 mentis
779 1458 788 1489 :
830 1440 917 1505 qui
945 1440 1072 1488 bibit
1098 1441 1233 1497 inde,
1260 1441 1397 1490 furit.

1490 1446 1588 1492 366

163 1518 279 1567 Non
307 1519 468 1584 pudet
493 1520 784 1575 herbosum,
813 1519 937 1576 dixi,
966 1519 1200 1584 posuisse
1227 1528 1477 1569 moretum

230 1597 292 1645 In
316 1598 534 1646 dominae
562 1598 786 1646 mensis?
825 1614 889 1645 an
917 1614 1009 1645 sua
1033 1614 1189 1645 causa
1215 1599 1424 1646 subest?

203 1703 280 1733 353.
309 1702 554 1743 Megalensibus
578 1702 737 1745 principes
762 1703 840 1734 civi-

160 1751 236 1784 tatis
254 1758 363 1783 mutua
388 1752 469 1783 inter
487 1764 520 1784 se
545 1752 693 1784 convivia
719 1753 841 1795 agitare

161 1801 320 1838 solebant,
337 1802 422 1844 quod
438 1803 535 1834 verbo
550 1802 676 1846 proprio
695 1806 842 1834 mutitare

160 1851 301 1891 dictum;
327 1852 464 1889 Gellius,
489 1853 588 1884 Noct.
612 1853 714 1884 Attic.
737 1853 770 1884 ii.
788 1854 842 1884 24.

160 1901 216 1933 ubi
246 1901 299 1933 lex
325 1902 503 1934 sumtuaria
530 1909 724 1935 memoratur
747 1904 844 1935 muti-

163 1950 304 1983 tantibus
319 1950 394 1983 olim
411 1952 490 1984 lata.
539 1953 621 1984 Cato
637 1952 721 1995 apud
739 1953 844 1985 Cicer.

162 2001 202 2033 de
226 2002 353 2033 Senect.
374 2003 432 2033 13:
464 2006 485 2019 “
501 2002 697 2034 Sodalitates
723 2008 842 2040 autem,

162 2061 212 2082 me
243 2057 411 2093 quaestore,
436 2052 619 2084 constitutae
646 2059 720 2084 sunt
745 2053 843 2084 sacris

162 2101 260 2133 Idaeae
276 2103 406 2144 Magnae
424 2103 540 2134 Matris
555 2103 708 2146 acceptis.
754 2105 842 2146 Epu-

162 2151 252 2183 labar
275 2150 372 2194 igitur
395 2163 469 2183 cum
496 2153 658 2184 sodalibus
682 2153 842 2185 modice.'’

165 2201 242 2232 Tum
266 2203 363 2243 magis
386 2202 544 2244 intellige,
560 2213 597 2233 eo
621 2203 701 2234 festo
724 2203 842 2246 potius,

163 2262 259 2293 quam
275 2252 338 2283 alio
353 2257 506 2295 tempore.
539 2253 690 2290 Indictas,
708 2253 748 2285 ad
764 2265 846 2296 quas

163 2311 226 2332 non
246 2307 412 2339 vocantur,
430 2302 485 2333 sed
510 2313 590 2344 quas
616 2302 676 2345 ipsi
701 2303 843 2335 convivae

163 2350 331 2390 indicunt3
354 2351 428 2383 vide
447 2353 680 2384 Burmannum.

209 2401 284 2432 357.
310 2401 502 2439 Institeram,
525 2402 737 2442 institueram,
756 2415 843 2446 quae-

164 2461 232 2482 rere
259 2450 418 2483 volebam.
466 2452 544 2483 Deos
570 2455 702 2493 peperit,
729 2464 844 2496 nempe

164 2512 221 2532 sex
245 2501 334 2533 Deos
365 2502 519 2544 majorum
544 2503 711 2545 gentium,
737 2503 842 2546 Virgi-

165 2551 234 2587 lius,
268 2552 345 2582 AEn.
375 2551 418 2583 vi.
449 2553 530 2583 787:
574 2553 704 2584 “Laeta
736 2553 842 2585 Defim

165 2606 269 2643 partu,
282 2608 410 2633 centum
426 2603 594 2645 complexa
606 2610 748 2646 nepotes,
766 2604 844 2635 Om-

166 2662 222 2682 nes
246 2652 420 2689 coelicolas,
439 2663 548 2684 omnes
572 2664 686 2696 supera
710 2653 775 2686 alta
798 2659 844 2686 te-

169 2701 307 2733 tentes.’'

212 2751 290 2783 361.
316 2751 353 2783 Se
376 2753 522 2788 eacidere,
548 2751 650 2783 virilia
674 2763 732 2784 sua
755 2763 844 2784 exse—

911 1709 1056 1734 cuerunt.
1098 1704 1223 1735 Celaenae
1240 1715 1329 1735 mons
1345 1710 1376 1735 et
1395 1706 1478 1742 urbs,
1494 1713 1592 1749 caput

913 1752 1075 1795 quondam
1094 1753 1255 1795 Phrygiae,
1272 1764 1289 1784 e
1305 1754 1398 1796 cujus
1414 1765 1486 1787 arce
1502 1766 1590 1787 sum-

912 1813 965 1834 ma
991 1803 1158 1834 Maeander
1182 1803 1299 1834 fluvius
1322 1804 1503 1844 oriebatur;
1530 1817 1590 1838 nec

912 1853 1021 1895 procul
1053 1853 1128 1884 inde
1158 1854 1306 1895 Marsyas
1334 1855 1446 1886 amnis.
1492 1856 1592 1888 Fama

913 1904 1056 1940 tenebat,
1070 1903 1209 1935 Celaenis
1224 1904 1389 1946 Marsyam
1404 1916 1477 1937 curn
1489 1906 1590 1949 Apol—

912 1953 977 1984 line
997 1953 1145 1984 tibiarum
1165 1960 1261 1984 cantu
1284 1960 1444 1994 certasse3
1469 1956 1588 1994 Livius,

914 2003 1047 2035 xxxviii.
1066 2004 1126 2042 133
1150 2003 1275 2040 Strabo,
1296 2004 1350 2035 xii.
1371 2016 1402 2047 p.
1419 2006 1495 2037 612.
1543 2006 1588 2043 It,

912 2052 1071 2091 decurrit;
1095 2052 1222 2095 plenius
1243 2054 1382 2085 Metam.
1402 2053 1435 2085 ii.
1452 2057 1527 2087 456.
1544 2057 1591 2087 la·

912 2103 982 2133 bens
1020 2104 1083 2132 ibat
1120 2104 1216 2133 rivus.
1271 2103 1411 2140 Gallum,
1442 2105 1590 2148 Phrygiae

913 2153 1045 2184 fluvium
1068 2153 1203 2190 Plinius,
1220 2153 1307 2184 xxxi.
1323 2156 1353 2185 5.
1370 2161 1499 2187 auctore
1516 2156 1591 2187 Cal-

912 2203 1062 2239 limacho,
1079 2203 1111 2234 in
1128 2203 1166 2234 iis
1181 2210 1339 2241 numerat,
1353 2204 1408 2247 qui
1424 2205 1593 2238 calculosis

912 2253 1110 2285 medeantur.
1144 2253 1225 2285 Tum
1244 2254 1353 2285 addit:
1382 2260 1405 2272 “
1422 2256 1484 2287 Sed
1499 2256 1543 2287 ibi
1559 2256 1592 2288 in

912 2303 1050 2345 potando
1075 2303 1271 2334 necessarius
1295 2304 1418 2341 modus,
1443 2316 1482 2336 ne
1509 2306 1591 2348 lym-

911 2354 1025 2397 phatos
1055 2354 1166 2397 agat.''
1214 2354 1331 2387 Vibius
1355 2355 1526 2398 Sequester
1553 2357 1593 2389 de

912 2403 1053 2436 Flumin.
1102 2408 1122 2421 “
1137 2403 1253 2435 Gallus
1276 2403 1307 2435 in
1332 2404 1488 2447 Phrygia,
1507 2406 1592 2438 unde

912 2453 967 2496 qui
977 2454 1071 2491 bibit,
1081 2453 1200 2485 insanit
1211 2465 1296 2485 more
1310 2454 1482 2488 fanatico.'²
1507 2456 1589 2487 Inde

913 2503 1027 2535 Gallos
1039 2514 1153 2535 nomen
1167 2503 1340 2546 accepisse,
1353 2510 1487 2536 testatur
1498 2505 1593 2536 etiam

913 2553 1095 2596 Stephanus
1110 2554 1311 2596 Byzantinus
1329 2554 1383 2585 ubi
1401 2553 1440 2586 de
1455 2555 1515 2586 hoe
1531 2556 1589 2586 flu-

913 2603 964 2635 vio
984 2604 1066 2646 agit:
1093 2604 1163 2636 ἀπὸ
1183 2603 1309 2636 ἐκείνου
1330 2605 1392 2646 γὰρ
1418 2606 1494 2642 τοὺς
1514 2617 1588 2647 τεμ-

915 2654 1074 2692 νομένους
1085 2655 1127 2686 τὰ
1136 2652 1244 2686 αἰδοῖα
1258 2654 1411 2693 Γάλλους
1419 2656 1591 2686 καλοῦσιν.

950 2706 1027 2736 367.
1043 2705 1209 2741 Moretum,
1219 2704 1402 2745 μὺττωτον,
1415 2704 1513 2736 edulii
1525 2716 1592 2736 rus-

914 2754 969 2785 tici
987 2765 1088 2795 genus
1104 2765 1142 2786 ex
1160 2754 1247 2790 allio,
1264 2753 1348 2795 apio,
1366 2759 1448 2790 ruta,
1469 2753 1592 2786 corian-
