1830 3220
533 172 887 217 FASTORUM
920 171 1043 215 LIB.
1079 171 1115 214 Ι.
1482 172 1539 214 21

120 293 214 342 Ille
241 309 393 341 manu
418 292 646 340 mulcens
673 306 951 355 propexam
977 290 1041 338 ad
1073 295 1281 354 pectora
1307 289 1533 346 barbam,

186 371 427 420 Protinus
454 370 643 419 OEbalii
669 369 864 418 rettulit
889 384 1028 416 arma
1051 367 1183 416 Titi:

1440 369 1539 414 260

121 448 297 513 thue
323 448 446 497 levis
472 455 662 505 custos,
691 446 900 496 armillis
926 453 1079 511 capta
1105 444 1326 502 Sabinis,

186 527 269 575 Ad
295 543 504 575 summae
529 526 733 575 Tatium
758 525 964 574 duxerit
988 523 1116 573 arcis
1143 523 1255 581 iter,

121 605 265 662 Inde,
287 606 426 654 velut
450 622 583 653 nunc
608 611 702 663 est,
725 621 816 670 per
837 620 993 669 quem
1012 601 1342 659 descenditis,
1359 599 1542 665 inquit,

188 683 394 732 Arduus
420 683 471 731 in
495 684 653 732 valles
679 690 732 732 et
755 682 862 731 fora
887 682 1045 730 clivus
1071 687 1194 730 erat.

123 761 190 811 Et
208 763 316 827 jam
341 762 624 826 contigerat
648 770 863 828 portam,
894 760 1133 809 Saturnia
1156 760 1302 824 cujus
1442 759 1542 805 260

1515 758 1538 781 ,-

196 840 469 890 Demserat
494 841 753 906 appositas
780 840 1023 889 insidiosa
1048 855 1202 887 seras.

123 918 256 967 Cum
281 926 425 968 tanto
448 919 637 968 veritus
663 920 981 968 committere
1003 918 1208 967 numine
1232 931 1473 982 pugnam,

191 996 311 1063 Ipse
337 1014 462 1046 meae
487 998 620 1046 movi
646 998 860 1047 callidus
887 997 1007 1046 artis
1033 1013 1179 1062 opus,

165 1183 242 1215 260.
264 1182 388 1223 Tatius,
406 1182 598 1215 Sabinorum
618 1193 684 1220 rex,
701 1193 801 1226 quum

122 1232 241 1275 passim
257 1244 277 1265 a
292 1232 498 1276 scriptoribus
523 1233 587 1264 Titi
607 1232 801 1276 praenomine

123 1282 326 1325 insigniatur,
355 1289 452 1326 atque
487 1282 584 1315 etiam
612 1283 646 1314 h.
677 1282 702 1314 l.
729 1284 801 1314 MS.

125 1332 230 1364 Vossii
240 1333 326 1365 idem
336 1333 497 1376 praeferat,
511 1338 579 1365 tum
590 1343 662 1364 mox
678 1332 803 1364 Tatium

124 1388 283 1420 occurrat,
298 1383 449 1415 Heinsius
464 1383 544 1415 illud
558 1382 669 1414 merito
685 1388 802 1426 praetu-

127 1432 176 1465 lit.
201 1433 326 1464 OEbalus
342 1432 582 1475 antiquissimus
597 1433 804 1464 Lacedaemo-

126 1483 250 1515 niorum
277 1494 345 1515 rex.
392 1483 502 1514 Sabini
529 1490 636 1515 autem
662 1494 682 1515 a
704 1484 806 1515 Lace-

127 1532 304 1571 daemoniis,
328 1533 598 1576 quemadmodum
630 1534 756 1565 Etrusci
787 1544 806 1565 a

126 1583 298 1625 Tyrrhenis
335 1583 529 1615 descendere
572 1583 783 1615 credebantur
799 1595 807 1623 ;

128 1633 296 1666 Plutarch.
310 1633 406 1665 Rom.
421 1635 461 1666 15
474 1645 483 1673 ;
507 1644 702 1676 quamquam
714 1633 807 1665 falso.

128 1683 210 1715 Inde
226 1683 272 1715 iii.
286 1685 364 1716 230.
382 1684 536 1715 OEbalides
551 1690 674 1715 matres.

171 1735 248 1765 261.
272 1735 401 1767 Confer.
423 1745 495 1766 cum
516 1734 565 1765 his
585 1734 713 1770 Noster,
732 1734 805 1765 Me-

128 1790 206 1816 tam.
227 1784 295 1817 xiv.
315 1786 376 1817 751
399 1796 482 1827 sqq3
506 1784 682 1826 Dionysius
698 1784 807 1816 Halic.

127 1835 163 1866 ii.
183 1835 337 1874 38-403
361 1834 483 1871 Livius,
499 1834 520 1865 i.
539 1835 575 1865 11
593 1846 601 1874 ;
625 1833 753 1865 Servius
765 1834 806 1865 ad

128 1884 260 1916 AEneid.
290 1884 313 1916 i.
345 1885 423 1916 396.
468 1885 523 1927 Sp.
549 1883 704 1927 Tarpeius
742 1883 808 1915 arci

131 1935 287 1966 Romanae
311 1940 458 1978 praeerat,
486 1934 618 1977 filiaque
645 1934 714 1977 ejus
739 1945 806 1965 cus-

127 1987 259 2017 todiebat
276 1991 410 2028 portam,
428 1985 468 2017 de
490 1995 555 2027 qua
570 1996 655 2016 mox.
702 1984 805 2021 Levis,

127 2035 180 2068 cui
210 2034 275 2067 non
299 2040 367 2067 tuto
402 2034 551 2067 custodia
589 2034 722 2071 credita,
752 2040 808 2066 aut

129 2096 201 2128 quae
212 2085 306 2117 facile
323 2085 482 2129 corrumpi
494 2084 599 2129 potuit
611 2084 808 2116 muneribus.

130 2135 241 2178 Virgo,
258 2146 358 2178 quum
372 2135 484 2167 Tatius
500 2135 533 2167 id
549 2141 669 2177 ageret,
685 2141 721 2166 ut
736 2145 808 2167 eam

129 2192 356 2229 corrumperet,
393 2197 505 2217 aureas
543 2186 693 2222 armillas,
729 2196 810 2227 quas

131 2235 239 2278 magni
263 2235 412 2279 ponderis
439 2236 520 2267 laevo
542 2235 673 2267 brachio
704 2235 810 2266 Sabini

131 2287 310 2329 gestabant,
323 2286 456 2329 pepigit.
502 2287 555 2318 Ita
567 2285 680 2318 Tatius
694 2297 810 2317 samma

131 2347 203 2368 arce
217 2335 337 2378 potitus
353 2343 412 2368 est.
435 2335 488 2368 Sic
504 2335 624 2367 Fabius
634 2341 666 2367 et
679 2335 810 2367 Cincius

132 2385 342 2417 tradiderant.
366 2385 475 2417 Sabini
490 2392 608 2423 autern,
622 2391 657 2417 ut
671 2385 810 2423 Etrusci,

132 2435 222 2467 molli
239 2435 324 2467 victu
340 2436 492 2479 cultuque
506 2436 702 2478 gaudebant.
749 2437 810 2466 Ar-

131 2487 213 2517 duas
235 2488 270 2517 in
288 2487 394 2523 valles,
417 2486 534 2518 arduus
555 2485 723 2518 imminens
744 2486 811 2517 val-

133 2535 233 2567 libus.

177 2586 256 2617 ’265-
284 2586 477 2629 Contigerat,
493 2584 564 2617 scil.
577 2585 701 2618 Tatius.
737 2586 812 2617 Por-

136 2644 211 2668 tam.
237 2637 382 2669 Macrob.
396 2638 463 2668 Sat.
475 2636 499 2668 i.
516 2638 537 2668 9
552 2649 559 2667 :
589 2638 730 2675 “Quum
748 2637 813 2668 Ro-

136 2685 222 2718 mani
239 2691 373 2729 portam,
389 2697 460 2729 quae
477 2687 536 2718 sub
552 2686 713 2719 radicibus
724 2686 814 2718 collis

137 2737 309 2769 Viminalis
323 2743 402 2775 erat,
421 2748 493 2780 quae
514 2744 625 2780 postea
641 2748 680 2769 ex
697 2744 813 2769 eventu

138 2787 158 2818 J
162 2786 283 2819 annalis
314 2793 425 2820 vocata
454 2793 515 2824 est,
546 2787 696 2819 claudere
726 2786 813 2818 festi—

871 1187 995 1219 narent,
1023 1182 1101 1224 quia
1128 1180 1162 1213 in
1187 1181 1289 1224 ipsam
1312 1180 1419 1211 hostes
1447 1177 1546 1209 irrue-

869 1233 984 1270 bant,’'
1001 1238 1063 1264 etc.
1100 1232 1262 1269 Saturnia,
1276 1232 1362 1264 Juno
1377 1242 1385 1269 ;
1408 1228 1482 1260 hinc
1498 1238 1547 1259 se—

871 1283 980 1325 quitur
1004 1289 1091 1314 tanto
1112 1283 1250 1318 numine,
1273 1286 1306 1312 et
1330 1280 1423 1311 Voss.
1448 1278 1548 1310 habet

871 1334 1024 1365 Saturnia
1038 1333 1135 1365 Juno.
1175 1332 1224 1363 Ea
1238 1337 1345 1362 autem
1360 1328 1550 1371 indignaba-

873 1390 934 1422 tur,
958 1389 994 1416 ut
1016 1383 1164 1415 omnibus
1186 1381 1343 1424 TrojaniS,
1364 1381 1411 1411 ita
1433 1379 1548 1410 AEneae

873 1435 1005 1477 ejusque
1021 1433 1165 1476 posteris.
1201 1432 1255 1464 Ad
1272 1443 1343 1463 eam
1359 1430 1455 1473 igitur
1470 1429 1548 1460 Hor.

873 1485 920 1516 11.
931 1484 995 1517 Od.
1004 1485 1026 1516 i.
1035 1486 1089 1517 25.
1102 1484 1202 1515 multo
1214 1483 1330 1515 seriora
1344 1480 1430 1512 mala
1440 1479 1550 1511 refert.

873 1537 948 1568 Non
964 1536 1047 1567 male
1069 1545 1144 1577 ergo
1161 1544 1245 1565 nunc
1268 1542 1395 1575 quoque
1413 1530 1551 1572 interpo-

873 1585 935 1617 sita
961 1590 1020 1617 est.
1066 1583 1185 1616 Confer
1213 1584 1352 1614 Metam.
1379 1579 1444 1611 xiv.
1471 1578 1550 1609 787.

876 1637 956 1668 Serae
982 1636 1052 1668 scil.
1075 1636 1175 1678 ligna,
1205 1644 1277 1676 quae
1305 1643 1345 1664 ex
1374 1636 1552 1662 transverso

872 1686 980 1729 januis
997 1685 1241 1728 objiciebantur,
1261 1681 1380 1726 passim
1401 1679 1552 1711 dicuntur

877 1737 998 1777 apponi.
1014 1735 1060 1767 Iis
1070 1736 1223 1777 appositis,
1232 1734 1341 1777 januae
1350 1732 1530 1762 obserantur
1537 1740 1549 1766 ‚-

879 1786 1007 1823 demtis,
1022 1791 1211 1817 reserantur.

922 1837 998 1867 268.
1030 1836 1114 1866 Μουί
1141 1845 1214 1875 opus
1243 1843 1313 1863 πιθα)
1341 1832 1430 1866 artis,
1465 1826 1553 1859 edidi

877 1897 968 1929 opus,
984 1884 1108 1928 patravi
1121 1883 1243 1915 facinus
1253 1880 1330 1912 mihi
1342 1878 1554 1916 conveniens;

876 1936 1023 1967 Macr.ob
1041 1934 1112 1966 d.1.
1136 1934 1340 1973 “Quumque
1360 1927 1470 1961 Sabini
1494 1938 1552 1970 per

875 1991 998 2029 portam
1013 1989 1176 2028 patentem
1191 1981 1342 2024 irrupturi
1358 1984 1476 2015 essent,
1491 1978 1553 2009 fer-

877 2043 927 2067 tur
954 2046 993 2067 ex
1022 2035 1092 2066 aede
1120 2033 1196 2066 Jani
1225 2042 1280 2076 per
1309 2031 1392 2062 hanc
1428 2034 1554 2072 portam

876 2095 995 2128 magna
1010 2084 1057 2117 vis
1073 2083 1271 2119 torrentium,
1286 2080 1382 2113 undis
1402 2078 1553 2111 scatenti-

876 2136 948 2173 bus,
963 2135 1116 2178 erupisse,
1137 2133 1322 2174 multasque
1341 2128 1554 2174 perduellium

879 2191 1034 2221 catervas,
1061 2189 1117 2215 aut
1139 2187 1271 2214 exustas
1297 2178 1430 2212 ferventi
1458 2188 1558 2221 aqua,

880 2241 936 2267 aut
959 2235 1126 2266 devoratas
1149 2232 1261 2276 rapida
1284 2232 1432 2273 voragine
1456 2228 1555 2271 depe-

878 2285 1004 2317 riisse.'’
1054 2286 1118 2316 Ora
1135 2284 1284 2327 fontana,
1308 2282 1430 2314 exitum
1450 2279 1556 2311 fontis.

878 2337 898 2369 J
903 2347 981 2368 anus
993 2341 1101 2367 autem
1113 2334 1198 2366 omni
1208 2333 1306 2365 exitui
1316 2336 1430 2375 praeest
1443 2343 1452 2370 3
1468 2329 1557 2366 hinc,

879 2398 938 2427 qua
958 2392 1062 2427 potens
1083 2396 1149 2416 sum
1170 2394 1233 2425 ope.
1277 2383 1331 2414 De
1355 2392 1439 2424 aqua
1457 2380 1556 2424 prosi-

879 2436 976 2467 liente
992 2436 1144 2476 ejaculari
1161 2434 1256 2465 etiam
1269 2433 1408 2464 Metam.
1421 2431 1467 2462 iv.
1484 2430 1558 2461 124.

882 2485 972 2517 Alibi
1003 2485 1048 2517 sic
1074 2496 1205 2527 egerere,
1231 2489 1267 2516 ut
1296 2483 1382 2514 Plin.
1407 2482 1470 2513 IV.
1496 2481 1557 2535 Ep.

879 2548 958 2567 xxx.
989 2537 1021 2566 7.
1077 2535 1178 2566 Varro
1208 2534 1247 2565 de
1285 2533 1380 2575 Ling
1411 2533 1483 2563 Lat.
1515 2531 1559 2561 iv.

895 2586 1068 2617 ‘Lautolae
1100 2595 1120 2616 a
1145 2584 1295 2621 lavando,
1327 2583 1413 2626 quod
1441 2582 1485 2613 ibi
1516 2579 1557 2612 ad

880 2638 999 2669 Janum
1034 2635 1196 2678 geminum
1227 2646 1319 2677 aquae
1345 2632 1458 2666 calidae
1490 2632 1557 2663 fue-

881 2687 980 2719 rint.”
1010 2686 1091 2718 Inde
1109 2692 1183 2717 nata
1198 2685 1323 2716 videtur
1339 2683 1458 2719 fabula,
1475 2683 1557 2713 Met.

884 2737 947 2769 xiv.
963 2738 1038 2769 785.
1067 2737 1178 2768 Venus
1195 2736 1413 2767 Romanorum
1429 2742 1556 2764 causam

884 2787 959 2826 agit,
991 2792 1088 2829 atque
1120 2797 1138 2817 a
1173 2785 1342 2821 Naidibus,
1373 2784 1444 2815 loca
1474 2782 1559 2814 Jano
