1809 3220
191 193 275 234 104

592 189 644 230 Ρ.
679 187 899 231 OVIDII
933 186 1221 230 NASONIS

193 309 384 358 Brutus
412 313 521 355 erat
545 305 688 354 stulti
715 305 921 369 sapiens
947 304 1186 360 imitator,
1214 310 1271 352 ut
1295 310 1434 352 esset

260 386 424 434 Tutus
451 386 514 433 ab
541 383 755 438 insidiis,
784 382 891 431 dire
921 382 1169 447 Superbe,
1197 381 1316 429 tuis.

193 465 288 514 Ille
313 472 507 521 tacens,
535 479 724 528 pronus
749 461 898 510 matri
923 461 1065 509 dedit
1093 461 1269 508 oscula
1293 458 1479 516 Terrae,

262 543 502 591 Creditus
529 542 724 589 offenso
749 540 1081 604 procubuisse
1107 539 1256 604 pede.

1520 540 1620 585 720

192 621 427 685 Cingitur
453 621 646 669 interea
672 619 920 667 Romanis
947 617 1119 666 Ardea
1143 617 1320 681 signis,

263 699 331 747 Et
356 699 547 764 patitur
573 700 738 747 lentas
764 698 1029 746 obsidione
1055 713 1239 745 moras.

195 779 332 826 Dum
363 786 526 836 vacat,
567 786 619 827 et
657 785 892 826 metuunt
929 777 1103 824 hostes
1141 775 1458 824 committere
1491 787 1618 838 pug-

263 856 477 904 Luditur
502 856 551 903 in
577 857 786 904 castris:
829 854 935 903 otia
959 855 1105 902 miles
1132 853 1253 918 agit.

1460 852 1617 914 [nam‚

192 934 501 999 Tarquinius
515 934 718 998 juvenis
735 934 898 982 socios
919 933 1244 998 dapibusque
1260 945 1505 995 meroque
1520 931 1619 978 725

261 1013 483 1077 Accipit,
513 1020 667 1076 atque
694 1012 792 1059 illis
819 1028 938 1075 rege
965 1019 1166 1060 creatus
1194 1010 1297 1057 ait:

195 1092 332 1139 Dum
360 1107 449 1139 nos
476 1090 694 1138 difficilis
721 1090 865 1154 pigro
892 1097 1031 1137 tenet
1057 1089 1227 1136 Ardea
1251 1087 1402 1144 bello,

265 1169 374 1218 Nec
402 1169 521 1216 sinit
547 1168 610 1216 ad
638 1168 828 1233 patrios
855 1184 994 1216 arina
1019 1166 1203 1215 referre
1232 1166 1371 1215 Deos
1394 1183 1404 1214 ε

238 1328 314 1358 717.
342 1328 379 1358 L.
403 1326 520 1358 Junius
546 1327 664 1358 Brutus
689 1327 874 1370 Tarquinia,

194 1379 276 1421 regis
313 1389 429 1413 sorore,
462 1384 568 1413 natus,
609 1389 706 1420 quum
746 1378 874 1409 fratrem

195 1441 287 1461 suum
304 1439 367 1460 una
384 1439 456 1459 cum
475 1428 663 1470 primoribus
679 1428 818 1459 civitatis
834 1429 873 1458 ab

197 1479 356 1511 avunculo
377 1479 578 1510 interfectum
596 1478 782 1514 audivisset,
798 1489 872 1509 con-

195 1536 296 1561 temtu
328 1537 413 1560 tutus
441 1530 478 1559 ab
516 1531 634 1559 insidiis
664 1539 731 1559 esse
762 1528 873 1559 voluit.

197 1581 280 1622 Ergo
296 1580 335 1611 dc
353 1578 510 1611 industria
529 1581 618 1610 stulti
640 1579 873 1610 simulationem

196 1630 313 1666 induit,
343 1641 376 1661 se
407 1640 530 1672 suaque
560 1629 674 1672 praedae
709 1640 777 1659 esse
809 1628 874 1670 regi

198 1691 310 1723 passus
326 1688 384 1715 est,
396 1690 500 1721 neque
519 1679 614 1710 Bruti
631 1678 785 1721 (stupidi)
802 1689 874 1720 cog-

198 1741 312 1761 nomen
334 1729 465 1766 abnuit;
493 1729 561 1760 Liv.
585 1736 616 1760 et
636 1729 770 1769 Dionys.
818 1728 874 1759 Su-

196 1782 306 1821 perbus
328 1780 379 1811 hic
408 1786 582 1822 spectatur,
610 1784 644 1809 ut
669 1789 783 1809 nomen
806 1790 876 1821 pro-

197 1830 314 1874 prium.
364 1829 467 1860 Etiam
497 1829 618 1865 Livius,
645 1828 679 1860 ii.
707 1830 744 1859 l:
779 1833 799 1846 ‘¹
817 1830 876 1860 Su-

197 1881 295 1923 perbo
309 1886 421 1911 exacto
434 1879 544 1921 rege.”
564 1879 697 1915 Pronus,
711 1879 877 1921 prolapsus

199 1930 280 1961 facie
318 1930 462 1965 humum,
494 1928 543 1960 vel
574 1939 673 1971 quum
705 1928 822 1960 exisset
858 1939 875 1960 e

197 1979 329 2022 templo,
343 1979 391 2010 vel
404 1978 531 2009 Italiam
544 1978 714 2020 ingressus.
740 1978 876 2020 Dionys.

199 2029 230 2061 d.
255 2029 276 2060 l.
326 2029 440 2060 Tur-ens
460 2027 656 2059 simulationi
678 2027 770 2059 Bruti
793 2029 875 2060 bene

199 2079 367 2111 convenire
384 2078 510 2109 videtur
526 2079 638 2110 Burm.

243 2130 318 2160 721.
338 2127 472 2170 Propius
486 2127 610 2158 accedit
621 2126 660 2158 ad
673 2126 875 2169 regifugium.

199 2179 251 2210 De
268 2179 386 2214 Ardeae,
399 2177 485 2208 urbis
495 2177 699 2213 Rutulorum,
711 2177 875 2209 obsidione

199 2229 240 2260 cf.
275 2227 411 2269 Dionys,
440 2227 484 2259 iv.
516 2227 579 2265 643
620 2227 741 2263 Livius,
772 2227 794 2258 i.
823 2228 876 2258 57.

203 2280 352 2321 Cingitur
376 2276 551 2312 obsidione,
579 2282 748 2319 postquam
776 2276 877 2320 primo

199 2329 321 2371 impetu
338 2327 410 2370 capi
427 2338 487 2357 non
504 2327 618 2369 potuit.
663 2326 743 2358 Inde
761 2328 877 2358 lentum

199 2378 314 2420 magis,
324 2377 394 2409 scil.
403 2377 544 2419 longum,
558 2387 654 2418 quam
663 2387 734 2408 acre
745 2377 878 2408 bellum.

198 2429 251 2461 De
266 2438 334 2459 voc.
353 2429 453 2458 lentus
470 2426 540 2458 vide
558 2427 655 2457 Bent.
674 2427 715 2458 ad
731 2427 878 2463 Horat.I‚

198 2481 260 2522 Ep.
278 2478 303 2509 i.
317 2478 372 2508 21.
416 2477 524 2512 Vacat,
543 2477 633 2518 quies
649 2483 708 2507 est.
756 2477 878 2508 Ludere

200 2529 241 2560 de
262 2528 357 2559 rebus
379 2536 442 2557 non
465 2525 567 2562 seriis,
597 2536 668 2567 quae
693 2525 774 2557 fiunt
798 2533 876 2557 tem-

199 2578 283 2623 poris
298 2576 431 2608 fallendi
452 2586 562 2607 causa.
609 2575 729 2613 Livius,
747 2577 876 2618 “Regii

195 2630 333 2673 juvenes
371 2626 532 2658 interdum
579 2625 678 2657 otium
724 2627 877 2658 conviviis

200 2676 548 2718 comessationibusque
563 2676 644 2707 inter
655 2686 688 2707 se
698 2677 878 2708 terebant.'’

198 2729 281 2761 Tum
296 2727 356 2760 iter
378 2737 498 2764 eorum,
515 2725 600 2768 quod
624 2732 718 2758 noctu
739 2726 879 2758 Romam

944 1333 976 1358 et
999 1325 1172 1358 Collatiam
1194 1325 1348 1362 fecerant,
1365 1331 1551 1356 nocturnum
1571 1325 1621 1355 lu-

944 1379 1015 1407 dum
1033 1381 1139 1407 vocat.

989 1428 1063 1458 725.
1089 1427 1139 1457 Dc
1170 1425 1228 1457 hoc
1261 1425 1418 1461 convivio,
1447 1424 1620 1456 certamine

944 1477 987 1508 ibi
1005 1487 1151 1512 accens0.
1170 1476 1347 1517 itinereque
1366 1474 1526 1506 communi
1543 1474 1621 1506 nihil

944 1526 1041 1557 habet
1057 1525 1193 1568 Dionys.
1210 1526 1320 1561 Socios,
1331 1524 1468 1557 sodales.
1487 1525 1622 1565 Accipit,

945 1583 979 1608 ut
998 1587 1095 1619 soepe.
1144 1578 1244 1617 Atque
1264 1576 1336 1606 illis.
1360 1574 1449 1606 Olim
1474 1574 1571 1606 edeb.
1587 1586 1623 1606 ez:

944 1628 1023 1658 illis:
1063 1633 1129 1657 tum
1157 1625 1308 1657 Heinsius
1339 1625 1451 1667 corrigi
1481 1624 1622 1662 volebat,

933 1680 1066 1718 juvenes
1102 1679 1202 1712 socios.
1232 1682 1267 1707 ut
1301 1675 1494 1718 Tarquinius
1531 1680 1624 1718 pater

939 1728 1076 1770 juvenes
1092 1726 1237 1759 convivio
1260 1726 1452 1769 excepisset,
1470 1732 1567 1768 atque
1582 1736 1622 1758 ex

944 1777 1007 1809 illis
1032 1777 1205 1820 juvenibus
1235 1777 1362 1813 Sextus,
1392 1787 1462 1819 rege
1491 1783 1623 1813 creatus,

945 1838 1120 1859 sermonem
1151 1827 1294 1859 intulisse
1326 1832 1515 1859 narraretur.
1559 1826 1624 1858 Sed

946 1878 1005 1909 hoc
1040 1878 1224 1910 adversatur
1261 1877 1362 1915 Livio,
1394 1877 1478 1921 apud
1516 1887 1623 1920 quem,

948 1933 970 1945 “
986 1928 1076 1960 Forte
1100 1927 1285 1971 potantibus
1313 1927 1362 1959 his
1385 1926 1471 1970 apud
1491 1927 1623 1959 Sextum

944 1978 1168 2020 Tarquinium,
1187 1978 1241 2010 ubi
1261 1983 1294 2010 et
1314 1977 1494 2009 Collatinus
1513 1987 1624 2009 coena-

945 2028 1037 2064 bat‚''
1054 2034 1116 2059 etc.

990 2079 1064 2109 727.
1090 2078 1198 2109 Livius
1220 2084 1369 2109 tantum:
1406 2076 1554 2109 “incidit
1580 2076 1622 2110 de

946 2128 1096 2160 uxoribus
1126 2127 1280 2159 mentio.'’
1327 2126 1464 2159 Ovidius
1499 2125 1624 2164 definit,

945 2179 1050 2222 qualis
1079 2179 1135 2210 illa
1160 2178 1265 2210 fuerit.
1312 2177 1472 2219 Difficilis,
1499 2177 1625 2210 scilicet

947 2228 1047 2265 aditu,
1071 2233 1269 2271 expugnatu.
1320 2227 1462 2270 Pigrum,
1481 2227 1624 2270 longum.

946 2279 1061 2310 Horat.
1079 2278 1106 2310 Ι.
1122 2279 1183 2320 Ep.
1201 2277 1223 2308 i.
1243 2279 1296 2309 21.
1321 2281 1342 2295 ‘¹
1358 2285 1393 2308 ut
1409 2277 1499 2319 piger
1520 2287 1624 2309 annus

946 2328 1088 2371 pupillis.
1134 2328 1272 2364 socialis,
1306 2326 1494 2370 conjugalis.
1539 2327 1623 2370 Ipsae

947 2389 1061 2410 uxores
1076 2378 1179 2409 intell.
1217 2378 1257 2409 In
1272 2376 1368 2418 officio
1386 2383 1440 2408 est.
1467 2376 1538 2408 Liv.
1554 2376 1623 2408 viii.

952 2429 1012 2460 19:
1049 2428 1253 2459 “Fundanos
1279 2427 1311 2458 in
1335 2427 1438 2459 officio
1461 2427 1568 2464 esse,’'
1592 2427 1625 2458 in

948 2479 1022 2516 fide,
1034 2479 1165 2518 fideles3
1188 2477 1283 2509 Trist.
1295 2478 1337 2510 V.
1352 2477 1419 2508 xiv.
1435 2478 1492 2509 26.
1510 2482 1531 2495 “
1545 2476 1624 2509 nihil

947 2529 1062 2565 officio,
1093 2533 1205 2571 nupta,
1236 2527 1319 2570 quod
1350 2528 1464 2565 obstet,
1492 2527 1625 2559 habet.”

950 2579 1034 2610 Cura
1053 2578 1181 2615 dicitur,
1197 2584 1229 2609 et
1244 2577 1283 2614 is,
1303 2577 1356 2621 qui
1380 2583 1515 2610 amatur.
1559 2577 1624 2608 Eo·

946 2628 1019 2660 dem
1056 2639 1151 2660 sensu
1182 2628 1302 2664 Caesar,
1336 2628 1371 2659 in
1399 2627 1493 2660 Bello
1526 2627 1625 2659 Alex.

947 2686 1091 2710 mutuum
1105 2680 1230 2710 sentire.
1256 2677 1344 2709 LEM.
