1830 3220
452 493 510 546 P.
555 491 861 546 OVIDII
908 490 1302 545 NASONIS

605 655 1140 718 FASTORUM

569 817 815 860 LIBER
863 817 1189 859 SEXTUS.

743 972 1007 1006 4

165 1108 316 1168 HIC
330 1135 534 1183 quoque
547 1120 736 1167 mensis
748 1120 902 1167 habet
912 1119 1093 1167 dubias
1106 1118 1156 1165 in
1173 1117 1375 1165 nomine
1387 1131 1589 1164 causas:

233 1198 359 1253 Quae
386 1198 638 1262 placeant,
668 1198 846 1262 positis
874 1197 1126 1254 omnibus,
1155 1197 1264 1261 ipse
1292 1196 1449 1259 leges.

167 1276 323 1324 Facta
344 1291 547 1323 canam:
579 1275 669 1323 sed
690 1282 838 1323 erunt
857 1275 945 1339 qui
967 1292 1047 1323 me
1068 1274 1276 1322 finxisse
1298 1275 1586 1337 loquantur,

233 1354 491 1419 Nullaque
518 1354 719 1401 mortali
746 1354 953 1401 numina
977 1354 1085 1401 visa
1111 1358 1306 1417 putent.

165 1432 260 1481 Est
284 1433 410 1481 deus
437 1433 486 1480 in
513 1432 687 1480 nobis:
730 1432 954 1495 agitante
981 1431 1283 1480 calescimus
1310 1429 1425 1485 illo;
1558 1430 1587 1473 5

234 1510 464 1576 Impetus
489 1511 572 1558 hic
599 1527 754 1559 sacrae
781 1512 976 1560 semina
1002 1511 1185 1560 mentis
1212 1509 1382 1557 habet.

167 1590 264 1638 Fas
290 1590 413 1637 mihi
440 1589 697 1654 praecipue
722 1591 893 1638 vultus
919 1591 1108 1638 vidisse
1134 1590 1362 1643 deorum,

231 1668 323 1716 Vel
352 1668 472 1732 quia
498 1685 608 1715 sum
632 1675 791 1725 vates,
817 1670 896 1717 vel
924 1670 1044 1733 quia
1070 1685 1213 1717 sacra
1238 1682 1383 1715 cano.

213 1809 353 1839 1—100.
370 1807 513 1846 Quaestio
528 1810 565 1839 <Ie
581 1810 700 1850 origine
713 1811 842 1840 nominis

166 1858 252 1901 quod
268 1858 342 1890 huic
359 1857 461 1888 mensi
477 1857 632 1896 inditum;
659 1858 730 1889 vide
747 1858 769 1890 i.
785 1859 842 1890 41.

164 1909 323 1940 Juvenum
339 1908 378 1939 de
395 1907 521 1939 nomine
541 1919 614 1939 eum
633 1909 754 1940 dictum
770 1919 842 1950 pro-

165 1958 387 1996 nuntiaverat,
403 1957 458 1989 sed
475 1968 559 1988 nunc
576 1968 593 1988 e
608 1957 702 1989 variis
716 1963 843 1989 senten-

163 2009 227 2046 tiis,
257 2019 337 2050 quas
367 2007 565 2045 Macrobius,
591 2007 611 2038 i.
637 2008 765 2039 Saturn.
793 2009 844 2040 12.

166 2058 276 2095 habet,
295 2064 358 2089 tres
381 2056 525 2100 pluribus
549 2057 708 2100 exposuit,
731 2064 764 2089 et
786 2057 844 2095 ita,

167 2115 202 2141 ut
219 2120 285 2140 rem
308 2107 527 2142 tenuissimam
548 2108 700 2150 figmento
718 2109 844 2150 poetico

167 2165 345 2194 exornaret.
369 2158 433 2190 fere
458 2164 493 2189 ut
517 2158 561 2189 iv.
576 2158 678 2189 initio.
723 2158 846 2190 Drama

167 2209 243 2242 fecit
264 2220 281 2241 e
306 2208 480 2252 quaestione
497 2208 726 2250 grammatica:
756 2219 844 2240 nam-

167 2271 231 2302 que
259 2266 384 2303 poetam
415 2259 448 2290 in
477 2269 605 2290 nemore
635 2259 845 2290 meditantem

169 2316 232 2342 tres
249 2311 318 2342 deae
341 2310 472 2346 adeunt,
488 2320 505 2340 e
521 2309 637 2351 quibus
652 2309 737 2340 Juno
755 2320 845 2340 suam

168 2371 300 2393 causam
325 2360 390 2402 agit
414 2361 565 2399 21—643
601 2360 684 2390 Hebe
712 2359 847 2391 alteram

171 2410 361 2442 sententiam
378 2409 556 2452 patrocinio
572 2420 627 2440 suo
643 2409 788 2440 defendit
805 2410 848 2441 65

169 2462 273 2500 —88;
289 2460 458 2491 Concordia
471 2460 595 2491 tertiam
606 2460 753 2491 91—-962
769 2470 846 2501 qua-

171 2522 240 2543 rum
262 2509 437 2541 reverentia
457 2515 563 2541 tactus
579 2515 674 2551 poeta
693 2508 773 2540 nihil
793 2509 848 2540 de-

172 2560 273 2593 cernit
287 2560 454 2592 97—100.

216 2611 284 2650 Ipse
315 2612 402 2653 leges,
427 2609 496 2652 ipse
526 2608 584 2640 tibi
615 2608 726 2650 eligas.
775 2608 850 2643 Quae

170 2662 325 2702 placeant,
353 2671 425 2702 quae
452 2659 580 2691 tuearis.
629 2659 767 2695 Ponant,
795 2658 850 2700 qui

175 2711 323 2743 adserunt
339 2710 372 2742 in
387 2708 601 2752 disputatione
617 2708 649 2739 id
665 2708 751 2750 quod
767 2708 853 2740 valet

175 2761 216 2793 ad
245 2772 309 2793 rem
337 2759 599 2803 dijudicandam3
626 2758 699 2790 vide
726 2759 852 2790 Ernest.

178 2812 269 2843 Clav.
281 2811 350 2843 Cic.
366 2811 426 2843 hac
438 2821 527 2842 voce.
559 2809 668 2847 Facta,
682 2808 854 2840 adventum

912 1816 944 1842 et
959 1810 1188 1853 disputationes
1203 1809 1348 1844 dearum,
1365 1804 1498 1848 opponit
1512 1814 1586 1835 con-

908 1861 1052 1904 jecturis.

957 1913 988 1942 5.
1023 1911 1129 1941 Poetae
1156 1914 1230 1940 sunt
1256 1907 1369 1942 ἔνθεοι,
1395 1904 1481 1947 pleni
1506 1903 1590 1943 deo;

914 1962 978 1993 III.
996 1972 1036 1992 ex
1060 1961 1173 1996 Ponto,
1197 1959 1242 1989 iv.
1258 1958 1321 1988 93:
1349 1961 1369 1974 “
1384 1955 1463 1987 deus
1487 1959 1534 1986 est
1557 1953 1590 1985 in

913 2016 1040 2053 pectore
1074 2014 1190 2045 nostro,
1222 2008 1302 2038 Haec
1338 2006 1420 2037 duce
1451 2003 1591 2046 praedico

914 2060 1134 2102 vaticinorque
1146 2058 1243 2090 de0.”
1268 2056 1387 2089 Confer
1397 2055 1470 2085 Art.
1480 2054 1590 2084 Amat.

913 2111 989 2142 549.
1045 2110 1135 2141 Dens
1169 2112 1277 2139 autem
1305 2105 1360 2136 ille
1390 2115 1423 2136 se
1453 2102 1591 2135 ostendit

913 2163 1013 2192 calore
1029 2161 1131 2202 (Met.
1147 2159 1179 2190 ii.
1196 2156 1289 2198 641.)
1313 2162 1368 2187 aut
1389 2158 1502 2195 impetu
1520 2154 1589 2196 (su-

914 2221 970 2253 pra
982 2209 1085 2250 i.23.)
1097 2207 1325 2242 enthusiasmo,
1338 2206 1442 2236 furore
1455 2203 1591 2246 poetico.

916 2260 1002 2297 Hic,·
1027 2260 1231 2290 Burmannus
1254 2256 1306 2288 cui
1329 2255 1517 2286 Taubnerus
1541 2264 1590 2284 as-

916 2309 1062 2345 sentitur,
1081 2307 1260 2350 elegantius
1282 2310 1385 2348 putat,
1402 2303 1485 2346 quod
1511 2313 1592 2334 unus

918 2359 1035 2391 Moreti
1053 2359 1161 2394 habet,
1178 2358 1260 2394 hinc,
1278 2355 1352 2387 hinc
1368 2355 1415 2391 fit,
1434 2361 1469 2385 ut
1484 2354 1515 2384 in
1537 2352 1593 2384 illo

917 2410 1020 2442 calore
1036 2408 1099 2440 sint
1113 2407 1236 2439 semina
1251 2416 1342 2438 sacra
1357 2403 1484 2435 mentis.
1529 2402 1592 2434 Sed

918 2465 950 2491 et
966 2461 1015 2491 hic
1030 2459 1111 2490 bene
1130 2468 1163 2489 se
1182 2457 1292 2492 habet,
1310 2455 1363 2485 hie
1385 2454 1523 2496 impetus
1544 2452 1593 2483 in-

918 2510 1006 2541 dicat
1020 2513 1144 2552 partem
1166 2507 1282 2538 divinae
1301 2504 1418 2536 mentis
1437 2502 1528 2535 nobis
1544 2502 1592 2533 in-

918 2571 1006 2598 esse3
1051 2559 1190 2589 Metam.
1217 2556 1241 2587 i.
1273 2557 1326 2588 80.
1353 2555 1393 2586 de
1436 2552 1595 2584 creatione

919 2609 1073 2642 hominis:
1110 2613 1194 2639 terra
1222 2616 1332 2638 recens
1361 2603 1594 2643 “seductaque

920 2671 1019 2703 nuper
1041 2659 1081 2690 ab
1100 2657 1166 2689 alto
1183 2656 1315 2688 AEthere
1334 2652 1460 2696 cognati
1478 2650 1593 2682 retine-

919 2710 976 2741 bat
1003 2708 1122 2741 semina
1153 2705 1262 2738 coeli.'’
1318 2703 1594 2750 Vultusldeorum,

920 2753 1006 2786 deos.
1056 2751 1213 2787 Vel—vel,
1229 2748 1356 2792 partim,
1370 2751 1498 2789 partlm.
