1809 3220
254 195 341 237 296

636 196 687 237 P.
723 195 929 238 OVIDII
963 196 1245 240 NASONIS

255 311 472 359 Pectora
495 312 736 374 trajectus
765 311 968 375 Lynceo
996 312 1178 360 Castor
1202 314 1267 360 ab
1293 330 1430 370 ense,

322 388 437 435 Non
464 395 762 451 exspectato
788 389 994 436 vulnere
1020 390 1206 454 pressit
1230 391 1455 439 humum.

1566 395 1663 440 710

256 464 404 512 Ultor
429 465 574 512 adest
599 464 812 523 Pollux;
854 473 905 513 et
930 465 1135 531 Lyncea
1160 467 1378 531 perforat
1403 469 1564 526 hasta,

323 541 436 596 Qua
460 542 629 590 cervix
653 543 888 591 humeros
915 545 1208 593 continuata
1234 546 1432 611 premit.

255 619 370 667 Ibat
394 620 445 666 in
470 620 602 667 hunc
625 620 758 676 Idas,
780 621 969 685 vixque
995 631 1074 671 est
1093 623 1234 671 Jovis
1260 625 1374 688 igne
1400 626 1658 690 repulsus:

321 696 447 744 Tela
469 703 640 745 tamen
666 698 857 745 dextrae
884 699 1091 749 fulmine
1118 709 1262 766 rapta
1286 710 1490 766 negant.

252 774 473 838 Jamque
498 774 589 823 tibi
608 775 809 832 coelum,
833 775 1035 834 Pollux,
1058 779 1271 828 sublime
1298 781 1534 845 patebat3
1566 783 1663 828 715

323 852 509 909 Quum,
539 852 674 910 Mea,
703 853 893 910 dixisti,
921 856 1126 921 percipe
1149 859 1319 915 verba,
1346 858 1516 907 Pater.

254 928 403 984 Quod
429 930 549 977 mihi
576 932 667 979 das
693 931 796 989 uni,
825 933 1007 981 coelum
1033 936 1219 999 partire
1245 937 1473 985 duobus:

323 1008 601 1056 Dimidium
626 1017 731 1057 toto
758 1026 963 1059 munere
990 1014 1152 1077 majus
1180 1014 1289 1062 erit.

254 1085 425 1143 Dixit3
467 1093 517 1134 et
541 1088 732 1135 alterna
756 1088 956 1138 fratrem
983 1092 1199 1140 statione
1224 1093 1465 1140 redemit:

321 1163 460 1212 Utile
487 1164 716 1213 sollicitae
742 1167 881 1214 sidus
907 1176 1119 1232 uterque
1145 1170 1255 1218 rati.

297 1366 372 1397 712.
414 1366 554 1398 Premere
583 1368 664 1399 bene
694 1367 733 1398 de
763 1368 918 1406 confinio3

251 1416 332 1447 Met.
357 1415 398 1447 iv.
422 1417 505 1448 635:
537 1418 660 1448 humum
687 1419 802 1447 vicinia
830 1420 919 1449 nulla

248 1467 411 1505 premebat.
448 1465 545 1508 Apud
562 1466 693 1498 Pindar.
710 1467 813 1506 ἤλασε
830 1471 917 1510 Λυγ-

247 1514 318 1552 κέος
334 1515 370 1547 ἐν
387 1516 559 1557 πλευραῖσι
580 1517 721 1557 χαλκὸν.
767 1516 848 1547 Tum
871 1517 918 1548 in-

249 1565 393 1606 sequitur
430 1564 533 1601 Idam,
564 1575 583 1596 a
620 1575 693 1606 quo,
732 1564 921 1607 Apollodoro

250 1620 389 1651 auctore,
413 1614 521 1657 lapide
545 1615 590 1646 ita
615 1626 782 1657 percussus
805 1622 863 1652 est,
889 1623 922 1648 ut

249 1664 410 1696 oculorum
435 1665 538 1706 caligo
562 1665 754 1696 oboriretur:
787 1667 923 1705 Βληθείς

250 1713 357 1756 πέτρα
372 1714 455 1745 κατὰ
472 1717 533 1753 τῆς
549 1713 703 1756 κεφαλῆς,
719 1714 833 1746 πίπτει
848 1727 921 1748 σκο-

248 1763 374 1801 τωθείς.
426 1764 489 1795 Sed
518 1764 646 1806 Jupiter
676 1765 797 1796 Polluci
829 1777 920 1808 opem

247 1814 331 1845 tulit.
391 1815 470 1852 Ζεὺς
502 1813 526 1845 δ’
558 1814 606 1846 ἐπ’
636 1813 711 1846 Ἴδα
752 1816 922 1858 πυρφόρον

249 1865 360 1901 Πλᾶξε
375 1863 543 1906 ψολόεντα
556 1865 730 1905 κεραυνόν·
755 1866 921 1898 Pindarus.

249 1914 346 1956 Apud
369 1914 516 1945 eumdem
543 1915 656 1946 Pollux
683 1920 772 1957 rogat
796 1917 920 1954 Jovem,

250 1969 286 1995 ut
305 1975 338 1995 se
361 1963 542 2000 interficiat,
559 1963 635 2005 quia
657 1963 737 1994 nolit
761 1975 828 1996 esse
852 1965 919 1998 sine

248 2013 333 2045 socio
347 2014 501 2044 laborum.
546 2014 671 2056 Jupiter
690 2025 787 2045 unum
811 2015 918 2047 Pollu-

249 2073 319 2094 cem
348 2062 492 2104 agnoscit
519 2063 620 2093 filiurn
657 2074 761 2100 suum,
791 2064 919 2096 fratrem

249 2118 359 2145 natum
374 2123 441 2144 esse
462 2123 478 2144 e
493 2112 671 2155 Tyndareo.
716 2114 796 2145 Tum
819 2115 919 2156 optio-

250 2174 321 2194 nem
338 2162 366 2194 ei
382 2162 447 2198 dat,
465 2168 567 2193 utrum
589 2163 674 2194 solus
689 2163 767 2194 velit
783 2164 814 2194 in
837 2165 919 2196 coelo

250 2213 406 2248 habitare,
419 2222 460 2243 an
475 2218 590 2243 sonem
604 2212 712 2254 partiri
725 2223 796 2243 cum
813 2213 918 2251 fratre,

249 2267 285 2293 ut
315 2261 482 2293 dimidium
512 2268 637 2303 tempus
669 2262 708 2293 sit
738 2263 796 2293 sub
827 2268 918 2301 terra,

249 2311 415 2342 dimidium
436 2310 468 2341 in
493 2311 586 2342 coelo.
631 2311 743 2342 Pollux
764 2313 919 2354 posterius

247 2360 385 2402 praefert.
429 2360 481 2390 Ita
497 2360 631 2391 alterum
648 2360 731 2391 diem
751 2371 823 2393 cum
839 2363 918 2394 Jove

249 2410 281 2441 in
309 2410 459 2452 Olympo,
488 2410 621 2440 alterum
647 2410 679 2441 in
706 2411 852 2452 sepulcro
878 2413 918 2443 ad

248 2461 430 2502 Therapnas
446 2458 589 2500 exigunt.
620 2459 682 2490 Sed
699 2461 782 2502 apud
799 2462 917 2492 Home—

248 2521 328 2547 rum,
345 2509 408 2541 Orl.
424 2513 459 2540 Δ.
477 2509 551 2539 302.
569 2509 678 2540 vivunt
702 2515 834 2552 uterque
858 2513 915 2542 sub

248 2567 342 2596 terra,
360 2559 540 2601 habentque
564 2559 622 2590 hoc
647 2570 665 2590 a
689 2561 781 2596 Jove,
804 2567 838 2592 ut
862 2573 918 2603 per

249 2611 334 2641 vices
357 2608 441 2639 diem
465 2618 559 2650 supra
582 2614 694 2639 terram
723 2608 862 2650 exigant,
887 2617 918 2641 et

248 2660 356 2691 divino
372 2658 486 2689 honore
502 2658 656 2688 fruantur.
705 2659 755 2689 De
775 2659 916 2691 dissensu

248 2716 388 2739 veterum
412 2717 505 2749 super
530 2707 587 2737 hac
611 2718 655 2741 re,
684 2719 747 2749 quc
772 2709 823 2739 alii
851 2715 914 2740 sta-

1564 1172 1662 1216 720

989 1374 1096 1406 tuunt,
1127 1369 1257 1400 alternis
1296 1369 1429 1400 alterum
1469 1368 1500 1399 in
1538 1368 1658 1405 inferis,

989 1418 1123 1449 alterum
1159 1418 1243 1449 coelo
1279 1428 1358 1454 esse,
1389 1417 1456 1454 alii,
1488 1423 1658 1460 utrumque

988 1467 1081 1499 simul
1097 1468 1159 1499 alio
1174 1468 1225 1499 die
1243 1468 1327 1510 apud
1348 1467 1474 1505 inferos,
1491 1467 1553 1499 alio
1573 1468 1659 1510 apud

987 1528 1114 1559 superos
1149 1528 1231 1553 esse,
1264 1517 1337 1548 vide
1366 1517 1589 1549 Hemsterhus.
1619 1517 1660 1549 ad

991 1567 1178 1602 Lucianum,
1196 1567 1327 1609 Dialog.
1354 1568 1508 1604 Deorum,
1532 1573 1609 1598 tom.
1627 1567 1660 1598 ii.

989 1627 1062 1658 pag.
1079 1619 1130 1648 88.
1146 1617 1222 1648 edit.
1240 1617 1368 1660 Bipont.
1416 1617 1532 1648 Nostro
1547 1617 1660 1648 diebus

989 1667 1118 1697 alternis
1140 1667 1307 1698 stationem
1327 1666 1402 1698 coeli
1425 1667 1660 1708 inferorumque

989 1716 1071 1747 inter
1087 1728 1120 1748 se
1141 1723 1276 1748 mutant.
1323 1716 1507 1748 Eustathius
1528 1717 1568 1748 ad
1594 1717 1659 1748 Ho-

991 1766 1065 1797 meri
1083 1766 1203 1798 dietum
1225 1767 1330 1798 locum
1353 1766 1492 1798 fabulam
1513 1767 1660 1798 transfert

991 1816 1031 1847 ad
1053 1817 1140 1848 sidus
1162 1816 1383 1852 Geminorum,
1403 1816 1470 1858 qui,
1488 1816 1564 1848 dum
1587 1823 1660 1848 sunt

989 1866 1048 1896 sub
1071 1871 1165 1902 terra,
1185 1865 1331 1897 videntur
1353 1865 1465 1897 mortui
1489 1876 1568 1903 esse,
1583 1866 1658 1897 dum

989 1914 1140 1951 oriuntur,
1165 1915 1285 1947 vivunt.
1332 1915 1434 1946 Aliter
1463 1915 1658 1952 Macrobius,

988 1964 1008 1994 i.
1025 1965 1150 1996 Saturn.
1165 1966 1202 1995 21
1223 1977 1229 1995 ι
1255 1969 1276 1982 “
1289 1964 1428 2001 Gemini,
1451 1964 1505 2006 qui
1530 1965 1661 1997 alternis

989 2015 1139 2046 mortibus
1155 2015 1257 2046 vivere
1273 2014 1456 2051 creduntur,
1469 2014 1546 2056 quid
1560 2015 1657 2051 aliud,

989 2063 1048 2094 nisi
1071 2065 1168 2095 solem
1187 2074 1284 2095 unum
1305 2063 1516 2105 eumdemque
1537 2064 1656 2106 signifi-

988 2119 1072 2148 cant,
1111 2112 1203 2143 modo
1243 2112 1487 2144 descendentem
1525 2112 1557 2144 in
1594 2114 1659 2146 ima

988 2162 1110 2198 mundi,
1129 2162 1221 2193 modo
1237 2162 1347 2193 mundi
1364 2162 1395 2193 in
1411 2173 1565 2194 summam
1582 2164 1655 2195 alti-

988 2211 1129 2243 tudinem
1160 2218 1384 2253 resurgentem.
1436 2213 1567 2243 Alterna
1595 2221 1656 2245 sta-

987 2264 1066 2292 tione
1094 2263 1231 2297 redemit,
1252 2260 1443 2303 impetravit,
1465 2267 1511 2298 ut,
1533 2263 1656 2304 quoties

987 2310 1053 2353 ipse
1069 2311 1108 2342 ad
1125 2310 1239 2342 inferos
1255 2311 1481 2347 descendisset,
1497 2312 1594 2343 frater
1607 2313 1654 2343 in-

987 2366 1073 2391 terea
1087 2360 1211 2392 eoelesti
1227 2360 1342 2391 honore
1358 2361 1520 2392 frueretur.
1551 2362 1656 2394 Etiam

987 2410 1100 2452 virgil,
1119 2410 1246 2441 AEneid.
1268 2410 1311 2442 vi.
1330 2411 1386 2440 121
1404 2424 1409 2440 :
1437 2415 1457 2428 “
1471 2411 1501 2442 Si
1526 2411 1652 2444 fratrem

991 2460 1103 2490 Pollux
1121 2459 1242 2490 alterna
1256 2466 1352 2490 morte
1364 2459 1498 2491 redemit
1509 2460 1543 2499 ;’'
1559 2472 1654 2503 quem

984 2510 1087 2540 locum
1103 2510 1219 2541 Noster
1234 2510 1399 2551 expressit.
1443 2510 1527 2542 Utile
1541 2513 1652 2543 sollici-

986 2567 1021 2589 ηε
1056 2561 1139 2596 rati,·
1178 2560 1240 2589 vim
1271 2559 1363 2601 hujus
1392 2559 1500 2591 sideris
1529 2561 1654 2603 egregie

985 2610 1105 2641 notavit
1143 2609 1303 2645 Horatius,
1341 2609 1370 2640 I.
1409 2609 1472 2641 Od.
1509 2610 1566 2642 xii.
1599 2612 1653 2642 27.

984 2660 1083 2689 Erant
1112 2659 1195 2690 enim
1227 2659 1343 2701 gemini
1370 2659 1521 2691 salutaria
1548 2660 1652 2691 nautis

985 2710 1126 2744 numina,
1145 2708 1378 2751 ιἰρωγοναῦται
1393 2708 1556 2752 δαίμονες.
