1830 3220
560 162 907 204 FASTORUM
942 162 1062 204 LIB.
1094 162 1153 203 II.
1507 160 1562 202 81

143 278 259 337 Hic,
287 280 373 328 ubi
399 295 532 327 nunc
558 279 665 327 fora
689 286 823 335 sunt,
852 279 1026 326 lintres
1053 293 1215 325 errare
1240 275 1464 334 videres3

210 356 426 421 Quaque
445 359 619 421 jacent
643 357 816 412 valles,
845 355 1064 404 maxime
1093 356 1259 411 Circe,
1287 361 1407 401 tuae.

144 433 259 482 Huc
285 434 369 482 ubi
395 441 658 491 venerunt,
686 450 779 482 nec
800 435 905 498 jam
933 435 1208 498 procedere
1233 439 1449 497 possunt

174 560 178 563 ,
211 512 452 575 Longius,
480 529 544 560 ex
570 513 668 560 illis
695 529 842 569 unus,
872 529 935 560 an
963 513 1106 568 alter,
1135 512 1234 560 ait:

141 590 213 637 At
239 606 392 653 quam
419 597 538 638 sunt
557 589 776 638 similes!
805 597 856 637 at
875 606 1029 653 quam
1050 590 1298 637 formosus
1320 588 1558 652 uterque!

212 668 337 716 Plus
362 675 533 716 tamen
560 685 625 716 ex
652 669 749 716 illis
775 668 869 716 iste
894 669 1078 732 vigoris
1104 668 1275 715 habet.

1461 668 1559 713 396

147 746 202 794 Si
228 764 388 810 genus
415 747 640 810 arguitur
663 747 824 803 vultu,
855 747 906 794 ni
932 747 1060 794 fallit
1085 746 1268 809 imago,

213 824 402 872 Nescio
429 841 583 888 quem
606 824 749 871 vobis
776 825 1004 888 suspicor
1030 841 1143 872 esse
1170 823 1354 871 Deum.

143 902 213 950 At
237 902 279 950 si
305 903 419 966 quis
443 909 622 949 vestrae
651 901 794 950 Deus
820 908 957 949 esset
983 902 1186 964 originis
1213 907 1406 956 auctor,

213 980 274 1027 In
299 987 403 1028 tam
428 979 677 1044 praecipiti
705 986 934 1043 tempore
967 979 1120 1027 ferret
1144 995 1322 1043 opem3

1465 978 1564 1023 400

146 1057 322 1106 Ferret
347 1074 496 1122 opem
522 1065 675 1114 certe,
705 1058 746 1105 si
773 1073 873 1104 non
901 1074 998 1122 ope
1024 1064 1184 1105 mater
1210 1061 1413 1119 egeret:

215 1135 340 1191 Quae
365 1135 499 1184 faeta
523 1142 601 1183 est
626 1151 726 1182 uno
752 1141 913 1182 mater
939 1141 990 1182 et
1015 1135 1138 1182 orba
1162 1133 1262 1181 die.

148 1213 284 1262 Nata
309 1214 473 1270 simul,
501 1213 723 1278 peritura
749 1212 916 1269 simul,
945 1212 1094 1260 simul
1120 1212 1188 1259 ite
1214 1211 1309 1258 sub
1337 1208 1496 1258 undas

217 1292 460 1356 Corpora.

526 1291 789 1350 Desierat;
832 1291 1172 1354 deposuitque
1199 1289 1328 1337 sinu.

145 1369 426 1433 Vagierunt
450 1370 667 1417 clamore
691 1369 826 1433 pari:
868 1368 1054 1416 sentire
1081 1374 1305 1432 putares.

1466 1369 1564 1415 405

215 1447 285 1495 Hi
311 1448 525 1496 redeunt
550 1446 662 1494 udis
690 1447 738 1494 in
765 1463 856 1494 sua
880 1453 1017 1494 tecta
1042 1446 1202 1510 genis.

150 1525 380 1573 Sustinet
404 1524 668 1589 impositos
695 1541 893 1573 summa
917 1541 1070 1573 cavus
1097 1525 1268 1572 alveus
1297 1523 1460 1571 unda:

218 1603 362 1651 Heu!
402 1610 648 1667 quantum
674 1602 761 1651 fati
788 1620 940 1668 parva
966 1603 1154 1651 tabella
1178 1602 1339 1650 vehit!

194 1750 270 1781 391.
293 1748 475 1780 Secundum
497 1749 539 1786 Q.
555 1748 690 1780 Fabium
714 1749 823 1781 Picto-

150 1810 216 1831 rem
246 1799 331 1842 apud
362 1798 496 1840 Dionys·
525 1798 571 1828 illi
601 1799 641 1829 de
671 1799 824 1830 Pallantii

149 1850 268 1881 vertice
285 1848 518 1880 descenderunt
532 1848 571 1879 ad
589 1859 706 1891 aquam
722 1849 826 1891 proxi·

150 1910 247 1936 mam,
263 1899 353 1930 collis
368 1898 493 1930 radices
509 1899 696 1929 alluentem.
738 1899 826 1930 Circo

150 1951 278 1980 maximo
290 1948 400 1979 tribuit
415 1949 507 1979 valles
520 1959 529 1985 ,·
546 1948 579 1978 in
595 1948 826 1990 longitudinem

150 1999 234 2031 enim
250 1999 381 2041 patebat
396 1997 457 2029 tria
470 1998 574 2029 stadia
589 2009 662 2029 cum
679 1998 822 2033 dimidio,

150 2049 182 2080 in
198 2048 400 2080 latitudinem
420 2059 517 2079 unum
540 2047 691 2078 stadium.
737 2048 826 2078 Illud

150 2098 286 2140 spatium
310 2103 475 2129 extensum
500 2097 634 2140 desuper
652 2096 826 2138 spectanti-

150 2149 210 2179 bus
231 2149 321 2178 vallis
342 2158 410 2178 esse
428 2146 607 2178 videbatur.
654 2147 764 2178 Jacere
788 2146 827 2177 de

150 2198 229 2229 locis
251 2197 409 2240 depressis
433 2197 575 2235 dicitur3
598 2197 680 2227 Met.
702 2196 736 2227 ii.
755 2197 827 2228 179.

151 2248 296 2278 Pliaeton
319 2247 452 2289 despicit
473 2247 511 2278 ad
528 2247 645 2278 aethere
663 2253 759 2277 terras
776 2258 828 2287 pe-

152 2300 411 2338 nit1tsjctce11te55
438 2295 480 2327 ib.
496 2296 562 2328 viii.
579 2298 652 2328 750.
669 2297 727 2327 sub
748 2296 828 2328 silva

143 2350 231 2387 jacet
248 2348 352 2378 herba.

196 2398 271 2428 395.
297 2398 339 2427 At
362 2407 446 2427 nunc
473 2402 521 2427 est
545 2407 605 2427 vox
630 2393 827 2427 admirantis.

152 2447 253 2478 Plane
276 2445 321 2477 sic
342 2447 476 2477 Metam.
493 2457 524 2476 x.
541 2446 618 2476 631.
635 2450 657 2462 “
673 2445 718 2475 At
733 2455 828 2486 quam

154 2496 317 2539 virgineus
332 2495 445 2537 puerili
462 2495 568 2526 vultus
585 2495 617 2526 in
636 2495 728 2526 ore!'’
769 2494 831 2525 Iste

154 2546 292 2588 positum
331 2544 503 2582 δεικτικῶς.
553 2546 712 2587 Arguitur
749 2544 831 2574 bono

155 2606 261 2632 sensu,
283 2594 454 2632 indicatur,
478 2593 634 2637 proditur.
655 2594 749 2625 Trist.
770 2593 832 2625 IV.

155 2645 203 2675 iii.
231 2646 286 2675 80.
318 2645 451 2685 Apparet
491 2645 600 2680 virtus,
631 2645 835 2686 arguiturque

156 2695 245 2725 malis
260 2694 365 2725 rebus.
389 2694 478 2730 Tres,
491 2695 633 2734 suspicer,
645 2699 680 2724 ut
697 2692 837 2735 pendeat

156 2754 175 2775 a
201 2754 272 2774 voc.
289 2745 400 2774 nescio.
448 2743 557 2774 Fuisse
583 2748 689 2774 autem
715 2742 746 2773 in
771 2741 836 2772 Ro-

210 2793 315 2824 VOL.
331 2793 375 2825 V.

895 1750 982 1781 mulo
1004 1755 1036 1781 et
1058 1750 1160 1781 Remo
1182 1747 1304 1790 aliquid
1329 1746 1469 1789 augusti,
1487 1745 1572 1778 unde

895 1799 1006 1831 divina
1029 1809 1137 1830 eorum
1162 1798 1249 1838 origo
1275 1801 1509 1838 agnosceretur,
1531 1807 1569 1826 ex

895 1848 1023 1890 hymnis
1044 1854 1185 1879 veterum
1212 1847 1432 1877 Romanorum
1457 1845 1571 1876 refere-

894 1899 950 1929 bat
965 1899 1008 1935 Q.
1027 1896 1146 1928 Fabius
1160 1909 1166 1926 ;
1193 1895 1264 1927 vide
1280 1894 1415 1936 Dionys.
1432 1894 1464 1925 d.
1480 1894 1502 1925 Ι.

941 1949 1015 1979 400.
1042 1948 1188 1986 PraecePS,
1204 1945 1429 1988 periculosum.
1464 1944 1572 1986 Vagie--

896 2004 984 2033 runt,
1004 2003 1065 2028 etc.
1113 1996 1230 2027 Confer
1245 1993 1376 2025 Heroid.
1392 1992 1438 2024 xi.
1455 1993 1509 2024 85.

940 2047 1014 2077 407.
1050 2046 1174 2081 Aloeus,
1200 2042 1357 2085 quidquid
1384 2041 1417 2072 in
1440 2041 1573 2073 formam

896 2095 1163 2127 semicircularem
1189 2098 1380 2124 excavatum
1404 2096 1463 2122 est.
1508 2091 1574 2122 Ita-

897 2157 959 2188 que
975 2156 1067 2177 carus
1086 2145 1196 2175 abesse
1217 2142 1346 2184 quidem
1368 2147 1494 2183 posset;
1518 2141 1575 2172 sed

896 2202 990 2238 poeta
1021 2206 1058 2226 eo
1089 2204 1219 2225 causam
1254 2192 1372 2223 diserte
1402 2190 1576 2233 exprimere

897 2245 1008 2282 voluit,
1025 2255 1080 2275 cur
1096 2254 1181 2285 aqua
1202 2241 1387 2274 sustinuerit
1400 2240 1574 2283 impositos.

898 2294 1036 2325 Strothio
1053 2294 1094 2325 ad
1107 2293 1179 2324 Liv.
1193 2293 1215 2324 i.
1229 2293 1260 2322 4.
1271 2302 1383 2333 parum
1399 2291 1575 2322 verosimile

898 2345 1035 2381 videtur,
1052 2354 1165 2386 pueros
1180 2345 1211 2374 in
1229 2343 1313 2373 alveo
1329 2352 1396 2372 esse
1412 2340 1576 2382 impositos

900 2405 1004 2435 aquae,
1023 2404 1121 2436 quum
1138 2392 1214 2423 nudi
1231 2392 1264 2422 in
1280 2402 1351 2421 eam
1368 2389 1463 2432 abjici
1485 2396 1576 2431 potu-

899 2443 1008 2475 issent.
1045 2445 1113 2485 Ego
1130 2453 1204 2473 vero
1220 2442 1253 2473 in
1269 2441 1328 2472 hoc
1345 2451 1408 2471 non
1422 2439 1578 2470 haeserim.

900 2493 1022 2531 Quidni
1055 2503 1169 2535 pueros
1208 2492 1241 2522 in
1279 2491 1370 2522 alveo
1406 2490 1581 2532 portarint?

904 2543 1015 2585 quidni
1033 2554 1086 2574 eos
1102 2542 1157 2578 sic,
1173 2548 1209 2572 ut
1224 2546 1399 2584 portarant‚
1414 2550 1505 2581 aquae
1521 2538 1580 2569 im-

904 2593 1086 2635 posuerint'?
1117 2590 1359 2631 Quantumsati,
1371 2587 1481 2631 quanti
1493 2586 1579 2628 regni

907 2642 1099 2673 conditorem
1124 2652 1162 2672 ex
1186 2641 1251 2671 fato
1277 2640 1427 2670 futurum.
1473 2637 1543 2667 Liv.
1561 2636 1582 2667 i.

909 2693 940 2723 4.
956 2696 976 2710 “
994 2691 1185 2722 Debebatur
1206 2689 1280 2721 fatis
1300 2694 1395 2719 tantae
1419 2685 1504 2727 origo
1526 2696 1579 2716 ur-

909 2742 997 2774 bis.''
1026 2742 1065 2772 Jn
1081 2740 1184 2772 verbis
1199 2745 1347 2781 quantum
1355 2738 1423 2779 sati
1441 2742 1471 2766 et
1484 2746 1580 2775 parva

1040 2791 1078 2821 M
