1830 3220
582 186 936 230 FASTORUM
970 187 1093 230 LIB.
1117 187 1180 231 ΙΙ.
1542 193 1601 234 95

172 302 277 352 Vos
303 303 374 351 illi
401 304 451 352 in
478 304 641 370 prima
665 304 878 370 fugienti
903 305 1136 355 obsistite
1161 307 1287 372 ripa,

242 382 323 431 Ne
349 399 442 431 sua
465 383 708 433 fluminea
732 401 947 450 corpora
969 391 1169 449 mergat
1195 402 1345 450 aqua.

173 461 415 510 Dixerat:
447 471 735 511 annuerunt
761 462 1022 528 Nymphae
1048 463 1371 513 Tiberinides
1391 480 1569 514 omnes
1591 484 1604 524 ;

241 539 475 606 Quaeque
501 541 677 590 colunt
702 542 971 598 thalamos,
997 541 1093 590 Ilia
1117 540 1250 599 diva,
1278 549 1410 591 tuos.

173 617 324 668 Forte
349 619 444 668 fuit
473 619 616 678 Nais,
647 619 777 668 Lara
802 619 1034 668 nomine:
1077 619 1241 684 prima
1266 620 1359 668 sed
1385 620 1457 668 illi

245 697 400 746 Dicta
423 699 502 747 bis
530 698 799 763 antiquum
826 699 1027 764 syllaba
1051 715 1237 747 nomen
1263 706 1387 756 erat,

176 774 257 824 Ex
282 777 402 826 vitio
427 778 650 843 positum
675 795 685 826 :
728 793 865 842 saepe
891 776 964 824 illi
987 777 1187 825 dixerat
1208 777 1376 834 Almo,

243 854 397 913 Nata,
421 863 537 905 tene
562 856 819 920 linguam:
861 871 955 904 nec
981 862 1156 903 tamen
1182 856 1270 904 illa
1289 862 1450 905 tenet.

177 932 304 988 Quae
332 935 483 983 simul
510 952 569 984 ac
596 935 768 999 tetigit
792 933 823 982 J
829 942 1026 983 uturnae
1054 942 1239 999 stagna
1268 935 1468 992 sororis,

248 1012 453 1078 Effuge,
482 1016 567 1072 ait,
595 1015 763 1080 ripas;
805 1015 946 1063 dicta
970 1013 1226 1079 refertque
1252 1012 1410 1062 Jovis.

178 1091 275 1141 Illa
299 1093 452 1142 etiam
478 1093 508 1141 J
515 1109 733 1142 unonem
760 1093 909 1151 adiit;
950 1093 1295 1157 miserataque
1322 1098 1550 1157 nuptam,

247 1170 418 1220 Naida
435 1171 466 1220 J
471 1179 707 1221 uturnam
733 1173 807 1220 vir
832 1179 968 1230 tuus,
997 1171 1181 1236 inquit,
1211 1177 1363 1219 amat.
1507 1173 1606 1219 606

177 1249 380 1316 Jupiter
404 1251 672 1300 intumuit:
707 1267 912 1316 quaque
938 1257 1019 1299 est
1043 1267 1145 1298 non
1170 1265 1264 1297 usa
1289 1248 1535 1305 modeste,

247 1328 452 1396 Eripuit
474 1330 701 1394 linguam
720 1348 730 1388 ;
774 1328 1197 1393 Mercuriumque
1221 1334 1385 1375 vocat.

179 1407 312 1466 Duc,
340 1409 427 1467 ait,
456 1410 522 1458 ad
547 1408 762 1459 Manes:
790 1409 933 1458 locus
957 1407 1043 1457 ille
1071 1406 1343 1455 silentibus
1370 1412 1520 1471 aptus
1543 1423 1552 1454 :

247 1487 510 1554 Nympha,
529 1489 620 1537 sed
640 1488 848 1537 infernae
866 1486 1114 1552 Nympha
1131 1485 1355 1551 paludis,
1375 1484 1485 1534 erit.
1509 1487 1610 1533 610

1501 311 1600 358 595

1507 702 1608 748 600

177 1566 208 1615 J
213 1584 333 1616 ussa
357 1567 388 1616 J
393 1568 500 1616 ovis
526 1567 682 1617 fiunt:
724 1566 926 1632 accepit
949 1565 1096 1613 lucus
1118 1571 1300 1613 euntes
1324 1580 1335 1612 :

247 1646 452 1695 Dicitur
477 1647 564 1696 illa
588 1647 707 1696 duci
733 1653 843 1695 tum
868 1644 1124 1711 placuisse
1153 1643 1284 1692 Deo.

221 1748 298 1780 595.
306 1748 346 1779 In
355 1751 456 1789 prima
468 1750 550 1789 ripa,
563 1747 658 1780 simul
671 1758 708 1779 ac
721 1746 862 1789 tetigerit

177 1796 292 1840 ripam.
320 1797 427 1834 Iliam,
443 1797 575 1829 Romuli
598 1803 745 1835 matrem,
762 1797 861 1829 etiam
888 1816 892 1819 ·

178 1847 288 1880 Amor.
302 1848 368 1879 III.
384 1849 426 1880 vi.
444 1850 497 1880 45.
524 1848 602 1880 facit
624 1848 759 1880 Anienis
781 1858 860 1879 uxo-

178 1910 245 1930 rem
259 1911 268 1939 ;
283 1899 340 1931 sed
351 1899 406 1931 alii
415 1899 522 1931 Tiberi
531 1900 686 1942 jungunt,
699 1905 736 1930 ut
747 1899 860 1930 Horat.

178 1949 207 1981 I.
220 1949 328 1981 Od.ii.
341 1950 379 1981 17
396 1962 404 1989 3
423 1949 598 1982 Claudian.
610 1948 720 1980 i.225.
734 1948 860 1990 Nempe

178 1999 303 2031 Amulii
333 2011 404 2032 eam
431 2000 523 2043 jussu
554 1998 610 2031 alii
636 1998 776 2035 Aniene,
804 1998 858 2029 alii

177 2050 286 2082 Tiberi
315 2061 453 2082 mersam
478 2050 660 2081 tradebant.
701 2049 860 2080 Thalamos

179 2107 257 2133 tuos.
295 2100 445 2136 Antrum,
460 2111 500 2132 ex
523 2110 586 2142 quo
606 2099 675 2131 fons
694 2098 858 2142 prodibat,

180 2150 298 2182 habere
318 2150 498 2193 fingebatur
518 2150 665 2181 thalamos
686 2148 752 2180 sive
768 2148 857 2180 cubi-

180 2201 255 2232 cula
270 2201 426 2232 Deorum.
470 2200 555 2232 Vide
570 2200 662 2242 Virg.
679 2199 799 2241 Georg.
816 2199 860 2231 iv.

178 2251 257 2282 333.
305 2250 396 2282 Male
424 2250 579 2282 Krebsius
603 2250 707 2293 ripam
735 2249 860 2281 Tiberis

180 2300 273 2333 intel.
288 2301 321 2331 in
337 2311 404 2343 qua
424 2300 487 2332 Ilia
502 2299 662 2332 dormiens
678 2299 862 2343 conceperit

181 2350 336 2393 gemellos
351 2360 391 2382 ex
408 2351 516 2381 Marte
532 2350 578 2382 iii.
598 2351 648 2382 13.

227 2401 303 2432 599.
313 2401 464 2432 Lactant.
477 2400 518 2431 de
532 2399 629 2431 Falsa
642 2398 754 2442 Relig.
765 2399 795 2431 I.
807 2410 862 2430 xx.

182 2452 225 2483 35
239 2463 245 2481 :
271 2455 292 2469 “
309 2451 403 2482 Hanc
422 2451 548 2491 (Deam
564 2449 711 2491 Mutam)
727 2460 797 2481 esse
813 2449 861 2482 di-

181 2506 271 2538 cunt,
285 2511 324 2533 ex
341 2511 407 2543 qua
421 2499 485 2532 sint
500 2501 568 2531 nati
583 2501 692 2537 Lares,
707 2506 740 2532 et
759 2499 862 2544 ipsam

184 2552 301 2583 Laram
338 2549 515 2587 nominant,
546 2549 597 2582 vel
637 2549 860 2582 Larundam.''

180 2600 236 2633 Sic
260 2607 293 2632 et
315 2601 418 2632 Varro
437 2605 541 2632 vocat.
588 2600 685 2632 Dicta
706 2602 760 2632 bis.
785 2601 862 2632 Non

184 2652 317 2689 Latara,
333 2656 370 2682 ut
388 2650 526 2693 Neapol.
541 2651 690 2694 putabat,
708 2650 767 2682 illa
786 2650 863 2682 olim

184 2702 284 2739 dicta,
295 2701 352 2733 sed
364 2701 458 2738 Lala,
474 2701 661 2738 locutuleia.
672 2712 745 2744 quae
755 2707 862 2733 tacere

185 2762 351 2795 nunquam
374 2751 457 2788 vult,
486 2751 638 2794 loquendi
667 2751 754 2784 vices
782 2762 862 2783 nun-

187 2813 283 2844 quam
301 2802 371 2834 aliis
387 2801 522 2834 tradere.
561 2802 646 2834 Vide
665 2802 807 2835 Casaub.
823 2801 863 2833 ad

929 1750 1090 1793 'Ilieoplin
1107 1749 1204 1782 Char.
1230 1750 1250 1781 3
1271 1748 1342 1781 init.
1366 1749 1472 1786 Plato,
1492 1749 1609 1786 λαλιά,

930 1800 1078 1843 ἀκρασία
1099 1799 1204 1843 λόγου
1219 1800 1356 1843 ἄλογος.
1395 1799 1470 1831 Jam
1492 1799 1585 1832 litera
1602 1801 1614 1830 l

931 1861 950 1882 a
967 1849 1090 1882 Graecis
1102 1849 1134 1880 in
1150 1849 1296 1892 pluribus
1307 1849 1473 1881 vocabulis
1488 1855 1614 1882 mutata

930 1900 1025 1932 estin
1040 1912 1066 1931 r.
1114 1900 1162 1931 Ex
1185 1898 1358 1942 ποδαλγία
1384 1899 1528 1931 fecerunt
1551 1912 1615 1932 πο-

930 1950 1064 1993 δαργία,
1077 1961 1116 1982 ex
1128 1949 1277 1993 ἀμέλγω,
1293 1949 1438 1993 ἁμέργω,
1450 1956 1512 1982 etc.
1529 1950 1614 1983 Vide

929 2001 1040 2033 Schol.
1060 2000 1226 2044 Aristoph.
1242 2001 1283 2032 ad
1302 2001 1390 2032 Plut.
1408 2002 1437 2032 l.
1482 2000 1514 2032 A
1541 2001 1614 2033 Ma-

930 2052 1020 2083 crob.
1049 2051 1117 2082 Sat.
1138 2050 1162 2081 i.
1187 2051 1218 2083 7.
1244 2057 1325 2083 extr.
1349 2056 1512 2094 praeeunte
1528 2051 1612 2083 Var-

930 2112 1016 2139 rone,
1030 2101 1145 2133 eadem
1162 2101 1275 2132 Mania
1289 2106 1434 2138 vocatur,
1445 2100 1523 2144 quia
1537 2102 1612 2133 Ma-

930 2151 1019 2184 nium
1035 2158 1138 2183 mater
1151 2151 1342 2184 credebatur
1357 2164 1365 2191 ;
1391 2152 1516 2184 Arnob.
1537 2152 1614 2185 adv.

931 2202 1067 2239 Gentes,
1092 2201 1139 2233 iii.
1159 2213 1192 2245 p.
1216 2202 1291 2234 124.
1337 2202 1386 2234 Ex
1412 2204 1498 2240 vitio,
1524 2212 1544 2234 a
1566 2203 1614 2234 lo-

931 2253 1110 2295 quacitate.

976 2303 1053 2335 602.
1081 2302 1173 2339 Tene,
1190 2301 1303 2339 retine,
1320 2312 1446 2334 coerce.
1487 2303 1614 2346 Effuge,

931 2353 1009 2390 vita,
1026 2363 1118 2390 cave,
1134 2363 1173 2384 ne
1187 2352 1324 2384 accedas
1339 2353 1379 2384 ad
1393 2353 1490 2396 ripas.
1521 2354 1613 2395 Nup-

933 2410 1007 2436 tam.
1047 2403 1156 2446 Vulgo
1184 2410 1299 2444 nuptas
1309 2415 1321 2442 3
1354 2404 1490 2435 Strozzae
1519 2403 1612 2442 liber,

931 2457 1071 2492 maritas,
1087 2459 1123 2486 ut
1134 2453 1175 2485 sit
1191 2453 1350 2486 sententia
1359 2454 1531 2496 generalis,
1540 2465 1612 2497 quae

931 2510 1039 2536 tamen
1054 2504 1089 2535 h.
1105 2505 1131 2536 1.
1143 2515 1207 2535 non
1223 2503 1300 2535 satis
1315 2504 1493 2536 commoda.
1530 2504 1614 2536 Nais

931 2554 1026 2587 unius
1055 2553 1193 2586 Junonis
1216 2552 1434 2586 misericordia
1459 2565 1493 2587 se
1522 2554 1611 2597 tangi

931 2604 1087 2641 declarat,
1104 2603 1190 2647 quod
1207 2609 1308 2647 nupta
1323 2603 1377 2636 sit.

975 2655 1052 2687 607.
1078 2655 1225 2694 Matiene,
1263 2654 1400 2692 modice,
1437 2654 1611 2687 moderate.

977 2705 1056 2737 611.
1083 2706 1207 2746 Accipit
1234 2715 1290 2736 nos
1312 2705 1415 2741 locus,
1442 2714 1537 2746 quem
1561 2704 1610 2735 in-

933 2755 1116 2798 gredimur3
1138 2757 1237 2787 mittit
1257 2766 1326 2792 nos,
1341 2765 1398 2798 per
1411 2765 1506 2798 quem
1521 2761 1608 2788 tran-

934 2805 1043 2839 simus.
1090 2806 1182 2848 Virg.
1197 2807 1314 2848 Georg.
1329 2805 1372 2838 iv.
1387 2806 1451 2837 362
1468 2818 1475 2837 :
1501 2810 1524 2824 “
1542 2806 1609 2838 Ae-
