1809 3220
185 146 274 188 264·

574 143 625 184 P.
660 141 774 183 OVI
783 140 877 182 DII
912 138 1198 182 NASONIS

185 262 302 311 Vox
327 267 436 310 erat
461 260 511 307 in
537 274 718 307 cursu:
760 257 954 305 vultum
981 255 1260 303 dubitantis
1287 253 1569 302 habebam:

258 339 447 388 Nescio
476 337 617 402 quid,
649 334 911 400 Nymphe,
940 350 1091 399 posse
1115 332 1320 388 videris,
1349 332 1436 380 ait.

1510 332 1610 377 246

186 418 286 466 Ter
305 417 440 465 volui
460 415 755 481 promittere
782 429 950 478 opem,
974 420 1051 460 ter
1075 411 1251 475 lingua
1274 415 1476 458 retenta
1500 414 1607 456 est:

258 495 341 543 Ira
365 494 505 542 Jovis
531 493 702 557 magni
728 508 883 540 causa
906 490 1101 538 timoris
1128 497 1251 538 erat.

191 574 302 630 Fer,
331 589 525 638 precor,
553 572 816 628 auxilium,
844 570 1004 627 dixit3
1046 568 1295 617 celabitur
1320 573 1523 615 auctor:

261 651 330 699 Et
357 651 551 716 Stygiae
578 667 766 698 numen
790 649 1095 697 testificatur
1121 662 1285 711 aquae.

1514 646 1614 691 250

192 728 342 785 Quod
368 730 516 794 petis,
543 728 756 785 Oleniis,
780 727 1006 791 inquam,
1034 726 1155 773 mihi
1181 724 1367 773 missus
1393 723 1457 771 ab
1483 721 1613 770 arvis

264 808 380 856 Flos
406 807 576 856 dabit:
619 814 697 855 est
721 806 878 854 hortis
905 805 1086 853 unicus
1112 805 1195 852 ille
1221 803 1364 851 meis.

191 886 290 942 Qui
307 887 478 943 dabat,
498 885 628 943 Hoc,
642 886 786 943 dixit,
801 884 1024 933 sterilem
1041 899 1248 948 quoque
1269 890 1420 944 tange
1434 881 1614 944 juven-

260 964 429 1013 Mater
454 965 575 1013 erit:
605 965 776 1028 tetigi3
807 981 901 1012 nec
926 979 1082 1018 mora,
1111 969 1272 1009 mater
1297 966 1420 1008 erat.
1459 958 1611 1021 [cam‚

193 1043 432 1091 Protinus
458 1043 734 1091 haerentem
761 1042 995 1107 decerpsi
1021 1040 1205 1106 pollice
1231 1039 1439 1086 florem:

1515 1037 1614 1083 255

261 1121 536 1185 Tangitur;
579 1128 631 1169 et
655 1128 793 1169 tacto
819 1119 1046 1184 concipit
1071 1119 1157 1167 illa
1181 1118 1321 1175 sinu;

191 1200 414 1264 Jamque
431 1200 595 1263 gravis
607 1198 858 1256 Thracen,
873 1207 924 1246 et
937 1199 1063 1246 laeva
1078 1195 1420 1262 Propontidos
1436 1194 1613 1249 intrat;

264 1278 452 1343 Fitque
478 1286 660 1342 potens
687 1277 817 1335 voti;
861 1276 1107 1340 Marsque
1133 1281 1336 1323 creatus
1361 1279 1485 1321 erat.

196 1356 297 1413 Qui
324 1373 517 1405 memor
542 1357 742 1420 accepti
767 1373 857 1421 per
882 1372 963 1403 me
990 1353 1203 1412 natalis3
1248 1351 1452 1400 Habeto

264 1434 342 1483 Tu
370 1451 576 1499 quoque
607 1434 872 1492 Romulea,
901 1434 1048 1490 dixit,
1078 1433 1126 1480 in
1152 1432 1276 1480 urbe
1302 1431 1487 1478 locum.
1516 1431 1617 1476 260

239 1589 317 1619 245.
344 1587 453 1619 Verba
474 1599 527 1618 τοι
542 1594 607 1617 erut
626 1589 658 1618 in
674 1598 767 1618 cursu
784 1593 815 1618 et
832 1587 872 1618 ad

194 1637 356 1669 Juuonern
370 1637 452 1667 etad
470 1637 594 1668 Floram
610 1637 716 1668 referri
731 1643 874 1679 possunt.

195 1688 228 1718 Si
245 1687 285 1719 ad
302 1687 403 1723 illam,
419 1698 528 1719 sensus
543 1701 547 1717 :
575 1688 666 1730 plura
682 1688 770 1730 loqui
787 1687 872 1718 vole-

195 1737 262 1774 bat,
286 1744 321 1768 ut
344 1737 388 1768 vi.
415 1738 492 1768 362.
519 1749 581 1777 spes
610 1744 677 1768 erat
703 1740 735 1768 in
765 1749 870 1774 cursu,

195 1788 320 1829 longius
337 1787 480 1830 progredi
500 1798 590 1830 posse
607 1786 786 1818 videbatur.
816 1787 873 1818 In-

195 1844 315 1880 terpres
345 1837 490 1869 Gallicus
521 1837 562 1868 ad
591 1838 717 1869 Floram
751 1838 871 1874 retulit,

197 1888 253 1919 sed
270 1891 300 1919 in
318 1900 410 1920 cursu
428 1900 487 1920 esse
502 1889 606 1931 potius
623 1888 782 1919 notionem
798 1899 873 1919 con-

198 1937 384 1970 tinuationis
409 1939 516 1970 habet.
563 1939 638 1970 Non
659 1945 765 1970 autem
785 1938 875 1970 audi-

198 1988 300 2019 endus
317 1995 366 2020 est
380 1989 567 2020 Taubnerus
590 1988 644 2030 qui
665 1988 758 2019 deam
784 1994 876 2031 putat

197 2037 267 2069 haec
303 2039 444 2069 locutam
479 2049 559 2074 esse,
589 2049 688 2080 quum
723 2044 875 2069 curreret.

199 2088 365 2125 Dubitare,
396 2088 583 2124 deliberare,
614 2094 649 2119 ut
675 2088 805 2120 AEneid.
832 2087 875 2119 ix.

201 2138 281 2169 190:
310 2143 332 2155 “
351 2138 484 2180 Percipe
502 2137 579 2180 quid
595 2137 772 2169 dubitem.'·'

244 2190 322 2220 251.
354 2189 468 2226 Qualis
498 2190 554 2220 flos
584 2189 783 2230 intelligatur
813 2199 875 2219 non

200 2245 336 2270 constat.
364 2239 479 2270 Olenus
493 2245 525 2270 et
541 2239 674 2270 Achaiae
691 2246 723 2270 et
738 2238 875 2270 Boeotiae

200 2288 363 2331 oppidum.
412 2289 528 2325 Mater,
559 2289 703 2331 gravida.

202 2337 328 2369 frondes
352 2346 383 2370 et
406 2349 499 2380 poma
526 2338 676 2370 dicuntur
698 2339 731 2370 in
757 2340 876 2375 arbore,

200 2388 292 2418 flores
306 2388 339 2419 in
360 2389 451 2420 caule
465 2389 583 2429 plantae
597 2401 604 2427 3
629 2400 702 2430 ergo
719 2390 878 2420 horrentem

201 2449 286 2470 nunc
301 2438 510 2481 plenitudinis
525 2446 649 2470 tantum
668 2449 766 2470 causa
785 2439 876 2470 addi-

203 2495 284 2520 tum.
330 2489 507 2532 Tangitur,-
524 2489 679 2530 Neapolis
693 2488 783 2530 legit,
797 2489 878 2520 Tan-

200 2541 248 2582 git
272 2546 300 2570 et
326 2541 451 2570 intacto.
497 2540 579 2570 Eum
596 2539 754 2581 vituperat
778 2539 877 2571 Hein-

202 2590 278 2626 sius,
299 2589 375 2632 quia
398 2589 438 2620 de
459 2590 587 2622 Junone
611 2589 726 2630 agitur,
751 2599 812 2620 non
839 2589 878 2620 de

199 2640 362 2682 juvenca3
388 2639 444 2671 sed
459 2640 661 2670 Burmannus
680 2645 798 2675 monet,
816 2650 878 2670 non

206 2689 286 2721 adeo
310 2690 451 2732 ineptam
480 2700 548 2721 esse
579 2689 661 2720 hanc
688 2689 880 2728 lectionem5

207 2750 278 2771 eam
299 2740 488 2782 capiendam
509 2744 576 2771 esse
598 2739 637 2771 de
653 2740 792 2775 Junonc,
810 2750 879 2781 quae

751 2289 877 2320 Hoerere

941 1593 1054 1629 tangat
1077 1586 1185 1617 florem
1209 1596 1228 1616 a
1250 1583 1345 1616 Flora
1367 1583 1567 1626 decerptum,
1587 1587 1618 1612 et

941 1637 1048 1668 statim
1079 1636 1261 1679 concipiat;
1299 1645 1332 1666 se
1361 1639 1468 1665 tamen
1499 1632 1615 1663 malle:

946 1687 1059 1730 Tangit
1076 1694 1123 1723 ut,
1141 1689 1256 1718 intacto
1270 1687 1415 1725 concipit.

986 1739 1062 1769 257.
1088 1738 1213 1773 Gratis,
1234 1734 1376 1777 gravida.
1422 1734 1462 1765 Iu
1488 1733 1620 1764 Thracia

943 1789 1034 1819 Mars
1048 1794 1141 1818 natus
1155 1799 1163 1825 3
1180 1786 1347 1827 Vegetius,
1364 1784 1385 1815 i.
1402 1785 1456 1816 28.
1480 1782 1621 1814 Vulcani

943 1837 1080 1869 vinculis
1103 1837 1223 1868 solutus
1244 1835 1277 1867 in
1292 1835 1463 1866 Thraciam
1487 1833 1622 1875 migrat;

945 1888 1113 1924 Homerus,
1130 1887 1170 1918 Il.
1187 1890 1227 1918 θ.
1246 1886 1324 1917 361.
1371 1884 1422 1916 lbi
1445 1883 1535 1915 sedet
1557 1882 1622 1914 alto

944 1939 977 1969 in
1002 1939 1118 1970 vertice
1148 1937 1271 1976 Haemi3
1299 1934 1520 1968 Callimachus
1543 1933 1620 1965 Del.

945 1990 1000 2020 63.
1031 1988 1166 2019 Thracia
1183 1987 1223 2019 ad
1242 1989 1314 2018 laeva
1333 1986 1536 2026 Propontidos
1550 1983 1622 2015 sita.

947 2039 1060 2069 Potens
1084 2040 1154 2074 voti,
1176 2048 1275 2079 quum
1298 2036 1333 2067 fit
1357 2034 1442 2078 quod
1465 2039 1622 2076 optamus,

945 2089 1042 2120 etiam
1071 2088 1155 2118 Met.
1181 2086 1247 2118 viii.
1272 2087 1325 2117 80.
1348 2091 1381 2117 et
1408 2085 1494 2122 4093
1520 2093 1623 2114 votum

943 2145 1056 2179 potens,
1084 2137 1163 2168 ibid.
1188 2138 1273 2175 7453
1290 2137 1375 2176 jussi
1398 2141 1512 2176 potens,
1537 2140 1622 2176 post-

946 2199 1041 2230 quam
1063 2188 1221 2224 effecerat,
1237 2185 1322 2228 quod
1341 2186 1432 2228 jussa
1452 2189 1531 2221 erat,
1547 2184 1621 2214 Me-

945 2245 1022 2270 tam.
1038 2239 1080 2269 iv.
1098 2239 1172 2269 509.

990 2289 1179 2320 261—274.
1210 2287 1309 2318 Florae
1334 2291 1474 2328 potestas
1496 2290 1529 2316 et
1551 2294 1623 2325 reg-

947 2350 1021 2370 num
1048 2349 1144 2380 quarn
1162 2337 1227 2368 late
1248 2341 1366 2379 pateat.
1413 2334 1532 2366 Omnia
1554 2344 1620 2365 am-

947 2388 1107 2431 plectitur,
1123 2388 1239 2430 quibus
1251 2387 1315 2428 flos
1332 2385 1490 2416 tribuitur.
1537 2383 1622 2415 Hinc

948 2438 1096 2474 Floralia,
1119 2444 1246 2469 auctore
1271 2435 1375 2467 Plinio
1399 2434 1487 2466 xviii.
1501 2435 1557 2466 29.
1575 2434 1622 2465 in-

948 2491 1070 2525 stituta,
1095 2492 1115 2505 “
1134 2494 1169 2519 ut
1195 2486 1301 2517 omnia
1326 2486 1408 2517 bene
1436 2484 1623 2516 defloresce-

948 2539 1054 2570 rent.’'
1102 2539 1236 2568 Coronas
1263 2536 1368 2578 posuit
1397 2546 1454 2578 pro
1483 2534 1625 2566 floribus.

951 2590 1089 2631 Tangere
1104 2600 1160 2620 nos
1175 2588 1324 2619 dicuntur
1339 2586 1445 2618 omnia
1461 2596 1532 2627 quae
1555 2585 1622 2616 ani-

948 2651 1032 2670 mum
1050 2649 1252 2682 quocumque
1267 2637 1372 2674 modo,
1386 2636 1483 2668 etiam
1501 2645 1577 2666 cura
1591 2641 1624 2666 et

948 2689 1162 2721 sollicitudine
1178 2692 1389 2719 commovent.
1435 2687 1516 2716 Area
1531 2686 1625 2720 dives,

950 2735 1073 2781 quia‘in
1089 2750 1173 2775 area,
1190 2737 1247 2770 soli
1262 2737 1338 2768 data
1357 2737 1423 2779 agri
1438 2740 1540 2778 parte,
1560 2735 1624 2766 sru-
