1809 3220
213 176 302 219 2:22

613 174 663 216 Ρ.
697 173 915 215 OVIDII
950 173 1237 217 NASONIS

215 294 320 342 Cur
345 292 496 357 igitur
521 291 688 339 missae
714 291 897 338 vinctis
924 291 1154 339 ardentia
1180 292 1325 340 taedis

275 371 441 434 Terga
465 369 630 418 ferant
653 369 849 433 vulpes,
878 385 1034 418 causa
1058 369 1292 419 docenda
1317 370 1458 418 mihi.

207 461 412 524 Frigida
440 460 714 516 Carseolis,
743 476 836 508 nec
862 460 1006 508 olivis
1033 467 1153 525 apta
1177 459 1417 517 ferendis,

274 539 444 596 Terra,
473 538 565 586 sed
592 539 656 587 ad
683 548 886 603 segetes
912 539 1206 602 ingeniosus
1234 555 1372 603 ager.

207 616 319 665 Hac
347 633 442 681 ego
471 617 730 680 Pelignos,
759 616 949 665 natalia
974 633 1104 673 rura,
1133 617 1390 682 petebam,

1531 619 1630 666 685

274 695 454 752 Parva,
484 695 575 743 sed
602 695 821 743 assiduis
851 695 1061 743 humida
1082 712 1284 760 semper
1309 695 1474 760 aquis.

208 773 440 839 Hospitis
466 774 663 838 antiqui
690 774 865 823 solitas
892 774 1188 823 intravimus
1215 775 1379 823 aedes:

276 852 548 901 Demserat
573 852 794 900 emeritis
815 853 923 916 jam
943 853 1072 917 juga
1096 852 1326 900 Phoebus
1353 853 1515 917 equis,

207 929 258 978 Is
285 930 407 977 mihi
434 931 595 978 multa
615 930 841 995 quidem,
867 932 957 980 sed
983 940 1034 980 et
1058 932 1166 980 haec
1187 948 1389 980 narrare
1415 931 1631 989 solebat,

276 1007 427 1057 Unde
454 1025 623 1056 meum
651 1025 876 1073 praesens
903 1010 1238 1058 instrueretur
1263 1026 1421 1074 opus:

1532 1012 1632 1058 690

205 1085 337 1145 Hoc,
366 1087 450 1143 ait,
474 1088 525 1135 in
552 1104 751 1152 campo,
776 1104 1118 1153 campumque
1143 1088 1385 1145 ostendit,
1411 1088 1634 1136 habebat

272 1165 382 1213 Rus
408 1166 559 1214 breve
586 1183 702 1214 cum
729 1167 855 1215 duro
882 1183 1034 1232 parca
1059 1167 1240 1215 colona
1264 1167 1382 1215 viro.

206 1243 300 1292 Ille
327 1260 469 1292 suam
498 1245 778 1309 peragebat
803 1246 1043 1294 humum:
1075 1247 1180 1294 sive
1208 1263 1330 1294 usus
1357 1245 1525 1302 aratri,

275 1321 393 1370 Sive
419 1339 554 1370 cavae
581 1322 741 1379 falcis,
771 1324 875 1372 sive
902 1324 1123 1372 bidentis
1151 1332 1275 1372 erat.

203 1398 330 1448 Haec
358 1400 508 1448 modo
533 1402 767 1449 verrebat
788 1408 1010 1450 stantem
1037 1402 1246 1451 tibicine
1272 1402 1443 1450 villam
1465 1421 1476 1462 ;
1531 1405 1630 1451 695

271 1478 319 1526 N
328 1495 422 1526 unc
448 1479 623 1527 matris
650 1479 836 1543 plumis
864 1497 956 1528 ova
981 1480 1196 1529 fovenda
1220 1481 1403 1529 dabat:

242 1624 320 1655 683.
348 1624 391 1655 Ut
405 1635 509 1655 rerum
530 1624 708 1665 graviorum
729 1636 844 1657 causas
860 1636 878 1656 a

198 1673 282 1710 Diis,
300 1674 345 1705 sic
366 1674 469 1706 levem
489 1674 571 1706 lianc
594 1675 745 1706 fabellam
770 1686 787 1706 a
811 1687 879 1707 rus-

197 1724 260 1755 tico
290 1724 484 1756 Carseolano
509 1724 569 1755 sibi
600 1725 750 1756 traditam
777 1726 878 1757 varie-

196 1774 272 1806 tatis
296 1785 393 1806 causa
419 1775 521 1817 fingit.
568 1775 703 1806 Carseoli
729 1776 769 1807 ad
793 1776 877 1808 viam

196 1824 372 1861 Valeriam,
404 1835 477 1867 quae
515 1824 620 1856 Roma
658 1825 798 1856 ducebat
838 1826 878 1857 ad

196 1874 360 1916 Pelignus.
398 1874 511 1905 Heins.
539 1885 556 1906 e
581 1875 766 1917 conjectura
791 1874 881 1907 dedit

199 1923 344 1961 Carseoli,
360 1931 396 1955 ut
419 1931 501 1955 esset
517 1924 684 1967 appositio.
724 1924 831 1956 Etiam
848 1925 879 1956 in

195 1973 307 2005 Tuscis
337 1973 494 2005 “coelum
532 1974 634 2005 hieme
667 1974 815 2015 frigidum
848 1981 880 2006 et

194 2023 336 2065 gelidum
363 2029 482 2065 myrtos
511 2029 543 2054 et
563 2023 650 2054 oleas
671 2023 880 2066 adspernatur

195 2082 232 2103 ac
262 2073 381 2115 respuit
395 2072 426 2112 ;'’
454 2071 590 2108 Plinius,
616 2073 658 2104 V.
690 2074 748 2115 Ep.
774 2074 815 2104 vi.
842 2075 874 2105 4.

196 2122 361 2165 Ingenium
393 2133 477 2164 saepe
501 2122 541 2153 de
573 2128 686 2153 natura
713 2130 745 2154 et
768 2123 875 2156 indole

194 2173 425 2215 cujuscumque
451 2172 516 2211 rei;
549 2183 633 2203 nunc
661 2180 766 2204 tamen
794 2184 876 2205 nove

193 2223 379 2264 ingeniosus,
396 2228 509 2253 natura
531 2232 590 2253 sua
608 2228 712 2265 aptus,
729 2225 768 2253 ud
793 2234 874 2265 sege-

196 2279 238 2302 tes
274 2271 431 2303 ferendas.
478 2271 638 2303 Caeterum
677 2272 745 2304 haec
785 2278 874 2304 terrae

195 2321 396 2353 Carseolanae
419 2322 538 2353 notatio
557 2322 637 2353 nihil
658 2322 696 2353 ad
723 2334 787 2354 rem
804 2334 875 2366 per-

194 2371 285 2408 tinet,
296 2371 398 2403 obiter
413 2378 537 2403 tantum
555 2372 682 2415 adjecta
695 2379 754 2404 est.
778 2373 875 2412 Quod

193 2421 280 2452 valet
302 2422 399 2452 etiam
430 2422 470 2453 de
499 2423 648 2465 Pelignis‚
675 2423 730 2465 qui
761 2424 806 2455 sic
834 2425 875 2456 ab

194 2481 348 2513 aquarum
371 2471 559 2503 salubritate
580 2479 612 2503 et
633 2472 727 2515 copia
749 2480 781 2504 et
797 2474 875 2505 alibi

194 2521 467 2558 commendantur,
489 2530 524 2553 ut
541 2522 651 2554 Amor.
674 2523 721 2554 II.
744 2524 808 2555 xvi.
834 2525 847 2554 1
865 2537 872 2555 :

194 2575 215 2589 “
231 2572 311 2602 Pars
332 2582 382 2603 me
401 2572 510 2603 Sulmo
531 2577 619 2604 tenet
635 2573 759 2615 Peligni
781 2574 874 2606 tertia

192 2621 283 2656 ruris,
300 2621 414 2659 Parva,
436 2622 492 2653 sed
513 2622 637 2663 irriguis
657 2633 711 2654 ora
737 2624 874 2655 salubris

195 2670 319 2713 aquis.'’
358 2671 455 2702 Adde
471 2672 582 2703 Amor.
594 2671 659 2702 III.
675 2683 729 2705 xv.
743 2674 792 2703 ll.

238 2721 316 2752 687.
332 2720 444 2752 Solitas
464 2721 545 2752 bene
566 2731 600 2752 se
616 2721 724 2759 habet,
741 2733 870 2754 causam

194 2769 279 2801 enim
309 2770 462 2807 continet,
491 2781 548 2802 cur
578 2781 662 2802 nune
692 2771 869 2804 intraverit.

952 1627 1093 1664 Emerui,
1113 1627 1169 1669 qui
1196 1637 1323 1658 cursum
1346 1627 1494 1659 diurnum
1523 1626 1626 1658 absol·

949 1684 1084 1709 verunt:
1103 1678 1189 1709 conf.
1208 1677 1253 1708 iii.
1269 1678 1324 1708 43.
1373 1677 1479 1708 Multa
1495 1679 1629 1719 quidem,

948 1731 997 1759 sed
1013 1735 1041 1759 ee
1059 1729 1142 1766 haer,·
1168 1729 1284 1759 Graeco
1305 1738 1402 1764 more,
1419 1738 1492 1759 cum
1515 1727 1627 1762 multa.

948 1784 1014 1809 tuni
1040 1778 1121 1810 haec.
1169 1779 1396 1815 lustr-nerem,
1412 1783 1629 1813 exornaretur,

949 1834 1129 1870 augeretur.
1175 1828 1280 1864 Rrere,
1297 1828 1462 1870 exiguum.
1505 1828 1627 1866 Durus,

949 1877 1112 1909 laboribus
1134 1877 1329 1921 perferendis
1352 1877 1528 1916 adsuetus3
1554 1878 1630 1910 Me-

948 1934 1024 1959 tam.
1041 1928 1098 1959 xii.
1112 1929 1190 1959 515.
1203 1929 1277 1960 duri
1299 1929 1430 1959 humeri.
1475 1927 1528 1959 Sic
1554 1929 1629 1959 duri

948 1987 1113 2013 messores,
1126 1977 1270 2020 juvenci,
1287 1983 1349 2008 etc.
1396 1976 1498 2008 Grata
1521 1976 1630 2020 sequi-

949 2033 999 2058 tur
1022 2026 1128 2069 imago
1151 2027 1314 2068 diligentis
1337 2032 1369 2058 et
1393 2026 1498 2058 coloni
1519 2033 1551 2058 et
1575 2037 1630 2058 co-

948 2075 1041 2108 lonae.
1106 2076 1258 2119 Peragere
1289 2077 1414 2107 humum
1450 2076 1528 2107 mihi
1565 2087 1628 2108 non

946 2126 1023 2157 satis
1048 2126 1179 2168 placet;
1204 2126 1302 2158 codd.
1328 2131 1437 2158 tamen
1467 2126 1544 2157 nihil
1570 2136 1627 2158 va-

945 2175 1068 2207 rietatis
1094 2176 1314 2218 suppeditant.
1361 2177 1430 2207 Sire
1455 2187 1538 2212 usus,
1562 2182 1628 2208 etc.

944 2225 990 2256 ita
1002 2232 1036 2256 ut
1053 2236 1137 2257 nunc
1150 2232 1253 2257 aratro
1266 2231 1419 2263 uteretur,
1430 2235 1515 2257 nunc
1531 2226 1626 2258 falce.

946 2275 1050 2306 Falcis
1065 2286 1141 2307 usus
1163 2282 1230 2307 erat
1251 2276 1347 2307 etiam
1370 2275 1411 2307 ad
1433 2276 1624 2318 premendas

945 2326 1073 2357 umbras
1087 2325 1168 2357 ruris
1184 2325 1275 2368 opaci
1292 2338 1301 2365 ;
1327 2325 1446 2368 Virgil.
1463 2326 1583 2369 Georg.
1600 2327 1623 2359 i.

947 2375 1009 2406 155
1024 2386 1111 2418 sqq-3
1136 2376 1221 2407 unde
1245 2382 1388 2419 apparet,
1411 2376 1548 2408 describi
1572 2377 1624 2409 hic

944 2425 1222 2467 diligentissimum
1265 2427 1428 2457 colonum.
1498 2426 1623 2465 Bidens,

944 2481 1076 2507 ra÷trum
1101 2476 1226 2508 duobus
1248 2475 1413 2513 dentibus,
1431 2486 1495 2519 quo
1518 2477 1622 2519 glebae

945 2526 1237 2568 confringebantur.

987 2576 1063 2607 695.
1091 2575 1264 2613 Tibicine53
1289 2580 1384 2607 rectae
1414 2575 1448 2606 in
1476 2574 1622 2607 aedificiis

943 2626 1058 2662 trabes,
1076 2625 1194 2668 quibus
1213 2632 1299 2657 tecta
1321 2626 1448 2657 ruinam
1471 2624 1622 2656 minitan-

942 2674 987 2706 tia
1001 2675 1216 2716 sustinentur;
1240 2676 1312 2708 vide
1329 2676 1440 2718 Neap.
1454 2675 1521 2706 viii.
1534 2675 1618 2707 Met.

942 2725 1018 2755 700.
1032 2726 1140 2767 furcae
1155 2725 1316 2757 dicuntur.
1366 2725 1477 2757 Malvae
1491 2724 1523 2756 in
1540 2724 1620 2756 cibis

939 2774 1064 2806 rusticis
1076 2775 1172 2807 etiarn
1186 2777 1302 2807 Horat.
1315 2774 1416 2818 Epod.
1430 2775 1472 2806 58
1485 2787 1492 2806 :
1511 2779 1532 2794 ‘⁸
1543 2784 1619 2816 gra‘
