<?xml version="1.0" encoding="UTF-8"?>
<!DOCTYPE html PUBLIC "-//W3C//DTD XHTML 1.0 Transitional//EN"
    "http://www.w3.org/TR/xhtml1/DTD/xhtml1-transitional.dtd">
<html xmlns="http://www.w3.org/1999/xhtml" xml:lang="en" lang="en">
 <head>
  <title>
</title>
<meta http-equiv="Content-Type" content="text/html;charset=utf-8" />
  <meta name='ocr-system' content='tesseract 3.04.00' />
  <meta name='ocr-capabilities' content='ocr_page ocr_carea ocr_par ocr_line ocrx_word'/>
</head>
<body>
  <div class='ocr_page' id='page_1' title='image "./povidiinasonisop05oviduoft_0361.png"; bbox 0 0 1830 3220; ppageno 0'>
   <div class='ocr_carea' id='block_1_1' title="bbox 524 187 1151 231">
    <p class='ocr_par' dir='ltr' id='par_1_1' title="bbox 524 187 1151 231">
     <span class='ocr_line' id='line_1_1' title="bbox 524 187 1151 231; baseline 0 -1"><span class='ocrx_word' id='word_1_1' title='bbox 524 187 873 231; x_wconf 89' lang='lat' dir='ltr'><strong>FASTORUM</strong></span> <span class='ocrx_word' id='word_1_2' title='bbox 908 187 1029 229; x_wconf 89' lang='lat' dir='ltr'>LIB.</span> <span class='ocrx_word' id='word_1_3' title='bbox 1066 187 1151 230; x_wconf 88' lang='lat' dir='ltr'>VI.</span> 
     </span>
    </p>
   </div>
   <div class='ocr_carea' id='block_1_2' title="bbox 1465 186 1552 228">
    <p class='ocr_par' dir='ltr' id='par_1_2' title="bbox 1465 186 1552 228">
     <span class='ocr_line' id='line_1_2' title="bbox 1465 186 1552 228; baseline -0.011 0"><span class='ocrx_word' id='word_1_4' title='bbox 1465 186 1552 228; x_wconf 89' lang='lat'>333</span> 
     </span>
    </p>
   </div>
   <div class='ocr_carea' id='block_1_3' title="bbox 127 303 1553 1308">
    <p class='ocr_par' dir='ltr' id='par_1_3' title="bbox 127 303 1298 448">
     <span class='ocr_line' id='line_1_3' title="bbox 127 303 1298 370; baseline -0.001 -18"><span class='ocrx_word' id='word_1_5' title='bbox 127 305 377 354; x_wconf 88' lang='lat' dir='ltr'><strong>Intumuit</strong></span> <span class='ocrx_word' id='word_1_6' title='bbox 401 303 431 352; x_wconf 89' lang='lat' dir='ltr'><strong>J</strong></span> <span class='ocrx_word' id='word_1_7' title='bbox 441 321 554 361; x_wconf 91' lang='lat' dir='ltr'>uno,</span> <span class='ocrx_word' id='word_1_8' title='bbox 583 312 727 370; x_wconf 85' lang='lat' dir='ltr'>rapta</span> <span class='ocrx_word' id='word_1_9' title='bbox 753 305 891 369; x_wconf 93' lang='lat' dir='ltr'>quod</span> <span class='ocrx_word' id='word_1_10' title='bbox 917 304 1099 369; x_wconf 79' lang='lat' dir='ltr'>pellice</span> <span class='ocrx_word' id='word_1_11' title='bbox 1124 310 1298 352; x_wconf 86' lang='lat' dir='ltr'>natum</span> 
     </span>
     <span class='ocr_line' id='line_1_4' title="bbox 196 383 1217 448; baseline -0.001 -17"><span class='ocrx_word' id='word_1_12' title='bbox 196 384 425 432; x_wconf 82' lang='lat' dir='ltr'><strong>Educet:</strong></span> <span class='ocrx_word' id='word_1_13' title='bbox 467 390 518 431; x_wconf 86' lang='lat' dir='ltr'>at</span> <span class='ocrx_word' id='word_1_14' title='bbox 543 385 748 448; x_wconf 81' lang='lat' dir='ltr'>sanguis</span> <span class='ocrx_word' id='word_1_15' title='bbox 773 385 857 432; x_wconf 89' lang='lat' dir='ltr'>ille</span> <span class='ocrx_word' id='word_1_16' title='bbox 883 383 1067 431; x_wconf 88' lang='lat' dir='ltr'>sororis</span> <span class='ocrx_word' id='word_1_17' title='bbox 1094 391 1217 431; x_wconf 89' lang='lat' dir='ltr'>erat.</span> 
     </span>
    </p>

    <p class='ocr_par' dir='ltr' id='par_1_4' title="bbox 133 460 1550 604">
     <span class='ocr_line' id='line_1_5' title="bbox 133 460 1404 525; baseline 0 -16"><span class='ocrx_word' id='word_1_18' title='bbox 133 461 267 510; x_wconf 89' lang='lat' dir='ltr'>Hinc</span> <span class='ocrx_word' id='word_1_19' title='bbox 294 462 458 525; x_wconf 85' lang='lat' dir='ltr'>agitur</span> <span class='ocrx_word' id='word_1_20' title='bbox 483 460 626 509; x_wconf 83' lang='lat' dir='ltr'>furiis</span> <span class='ocrx_word' id='word_1_21' title='bbox 652 462 900 509; x_wconf 76' lang='lat' dir='ltr'>Athamas</span> <span class='ocrx_word' id='word_1_22' title='bbox 927 469 978 509; x_wconf 90' lang='lat' dir='ltr'>et</span> <span class='ocrx_word' id='word_1_23' title='bbox 1004 461 1224 524; x_wconf 76' lang='lat' dir='ltr'>imagine</span> <span class='ocrx_word' id='word_1_24' title='bbox 1249 460 1404 509; x_wconf 84' lang='lat' dir='ltr'>falsa:</span> 
     </span>
     <span class='ocr_line' id='line_1_6' title="bbox 196 539 1550 604; baseline -0.001 -17"><span class='ocrx_word' id='word_1_25' title='bbox 196 540 378 604; x_wconf 88' lang='lat' dir='ltr'><strong>Tuque</strong></span> <span class='ocrx_word' id='word_1_26' title='bbox 405 539 545 587; x_wconf 89' lang='lat' dir='ltr'>cadis</span> <span class='ocrx_word' id='word_1_27' title='bbox 572 540 750 604; x_wconf 84' lang='lat' dir='ltr'>patria,</span> <span class='ocrx_word' id='word_1_28' title='bbox 778 556 930 604; x_wconf 83' lang='lat' dir='ltr'>parve</span> <span class='ocrx_word' id='word_1_29' title='bbox 959 539 1202 596; x_wconf 82' lang='lat' dir='ltr'>Learche,</span> <span class='ocrx_word' id='word_1_30' title='bbox 1230 555 1402 587; x_wconf 88' lang='lat' dir='ltr'>manu.</span> <span class='ocrx_word' id='word_1_31' title='bbox 1450 541 1550 587; x_wconf 81' lang='lat'>490</span> 
     </span>
    </p>

    <p class='ocr_par' dir='ltr' id='par_1_5' title="bbox 129 617 1434 759">
     <span class='ocr_line' id='line_1_7' title="bbox 129 617 1434 674; baseline -0.002 -8"><span class='ocrx_word' id='word_1_32' title='bbox 129 618 320 666; x_wconf 86' lang='lat' dir='ltr'>Moesta</span> <span class='ocrx_word' id='word_1_33' title='bbox 346 617 629 665; x_wconf 80' lang='lat' dir='ltr'>Learcheas</span> <span class='ocrx_word' id='word_1_34' title='bbox 656 625 818 665; x_wconf 88' lang='lat' dir='ltr'>mater</span> <span class='ocrx_word' id='word_1_35' title='bbox 841 617 1179 664; x_wconf 82' lang='lat' dir='ltr'>tumulaverat</span> <span class='ocrx_word' id='word_1_36' title='bbox 1203 618 1434 674; x_wconf 90' lang='lat' dir='ltr'>umbras;</span> 
     </span>
     <span class='ocr_line' id='line_1_8' title="bbox 200 696 1252 759; baseline -0.001 -16"><span class='ocrx_word' id='word_1_37' title='bbox 200 696 266 744; x_wconf 89' lang='lat' dir='ltr'>Et</span> <span class='ocrx_word' id='word_1_38' title='bbox 291 697 502 744; x_wconf 85' lang='lat' dir='ltr'>dederat</span> <span class='ocrx_word' id='word_1_39' title='bbox 528 696 724 744; x_wconf 85' lang='lat' dir='ltr'>miseris</span> <span class='ocrx_word' id='word_1_40' title='bbox 751 696 919 743; x_wconf 89' lang='lat' dir='ltr'>omnia</span> <span class='ocrx_word' id='word_1_41' title='bbox 938 697 1078 759; x_wconf 84' lang='lat' dir='ltr'>justa</span> <span class='ocrx_word' id='word_1_42' title='bbox 1103 696 1252 758; x_wconf 80' lang='lat' dir='ltr'>rogis.</span> 
     </span>
    </p>

    <p class='ocr_par' dir='ltr' id='par_1_6' title="bbox 131 773 1444 916">
     <span class='ocr_line' id='line_1_9' title="bbox 131 773 1444 839; baseline 0 -17"><span class='ocrx_word' id='word_1_43' title='bbox 131 773 257 822; x_wconf 86' lang='lat' dir='ltr'>Haec</span> <span class='ocrx_word' id='word_1_44' title='bbox 287 791 508 839; x_wconf 66' lang='lat' dir='ltr'>quoque,</span> <span class='ocrx_word' id='word_1_45' title='bbox 537 774 764 823; x_wconf 83' lang='lat' dir='ltr'>funestos</span> <span class='ocrx_word' id='word_1_46' title='bbox 790 781 848 821; x_wconf 93' lang='lat' dir='ltr'>ut</span> <span class='ocrx_word' id='word_1_47' title='bbox 873 780 979 821; x_wconf 88' lang='lat' dir='ltr'>erat</span> <span class='ocrx_word' id='word_1_48' title='bbox 1003 773 1192 820; x_wconf 87' lang='lat' dir='ltr'>laniata</span> <span class='ocrx_word' id='word_1_49' title='bbox 1217 773 1444 838; x_wconf 83' lang='lat' dir='ltr'>capilIOS‚</span> 
     </span>
     <span class='ocr_line' id='line_1_10' title="bbox 199 851 1282 916; baseline 0 -17"><span class='ocrx_word' id='word_1_50' title='bbox 199 852 437 910; x_wconf 89' lang='lat' dir='ltr'>Prosilit;</span> <span class='ocrx_word' id='word_1_51' title='bbox 480 860 531 900; x_wconf 91' lang='lat' dir='ltr'>et</span> <span class='ocrx_word' id='word_1_52' title='bbox 556 853 699 900; x_wconf 91' lang='lat' dir='ltr'>cunis</span> <span class='ocrx_word' id='word_1_53' title='bbox 720 859 788 909; x_wconf 90' lang='lat' dir='ltr'>te,</span> <span class='ocrx_word' id='word_1_54' title='bbox 818 852 1102 908; x_wconf 85' lang='lat' dir='ltr'>Melicerta,</span> <span class='ocrx_word' id='word_1_55' title='bbox 1131 851 1282 916; x_wconf 88' lang='lat' dir='ltr'>rapit.</span> 
     </span>
    </p>

    <p class='ocr_par' dir='ltr' id='par_1_7' title="bbox 132 929 1553 1074">
     <span class='ocr_line' id='line_1_11' title="bbox 132 929 1553 995; baseline -0.001 -16"><span class='ocrx_word' id='word_1_56' title='bbox 132 930 227 979; x_wconf 91' lang='lat' dir='ltr'>Est</span> <span class='ocrx_word' id='word_1_57' title='bbox 252 931 417 995; x_wconf 88' lang='lat' dir='ltr'>spatio</span> <span class='ocrx_word' id='word_1_58' title='bbox 442 937 706 978; x_wconf 82' lang='lat' dir='ltr'>contracta</span> <span class='ocrx_word' id='word_1_59' title='bbox 730 930 884 986; x_wconf 90' lang='lat' dir='ltr'>brevi,</span> <span class='ocrx_word' id='word_1_60' title='bbox 912 929 1040 978; x_wconf 88' lang='lat' dir='ltr'>freta</span> <span class='ocrx_word' id='word_1_61' title='bbox 1065 930 1184 977; x_wconf 90' lang='lat' dir='ltr'>bina</span> <span class='ocrx_word' id='word_1_62' title='bbox 1208 929 1427 994; x_wconf 85' lang='lat' dir='ltr'>repellit,</span> <span class='ocrx_word' id='word_1_63' title='bbox 1454 931 1553 977; x_wconf 81' lang='lat'>495</span> 
     </span>
     <span class='ocr_line' id='line_1_12' title="bbox 201 1008 1250 1074; baseline 0 -18"><span class='ocrx_word' id='word_1_64' title='bbox 201 1009 422 1073; x_wconf 85' lang='lat' dir='ltr'>Unaque</span> <span class='ocrx_word' id='word_1_65' title='bbox 447 1010 680 1074; x_wconf 85' lang='lat' dir='ltr'>pulsatur</span> <span class='ocrx_word' id='word_1_66' title='bbox 705 1016 840 1057; x_wconf 86' lang='lat' dir='ltr'>terra</span> <span class='ocrx_word' id='word_1_67' title='bbox 863 1009 1061 1056; x_wconf 86' lang='lat' dir='ltr'>duabus</span> <span class='ocrx_word' id='word_1_68' title='bbox 1087 1008 1250 1072; x_wconf 89' lang='lat' dir='ltr'>aquis.</span> 
     </span>
    </p>

    <p class='ocr_par' dir='ltr' id='par_1_8' title="bbox 133 1086 1383 1230">
     <span class='ocr_line' id='line_1_13' title="bbox 133 1086 1383 1152; baseline 0 -18"><span class='ocrx_word' id='word_1_69' title='bbox 133 1086 249 1135; x_wconf 93' lang='lat' dir='ltr'>Huc</span> <span class='ocrx_word' id='word_1_70' title='bbox 274 1088 413 1135; x_wconf 89' lang='lat' dir='ltr'>venit</span> <span class='ocrx_word' id='word_1_71' title='bbox 438 1087 629 1135; x_wconf 87' lang='lat' dir='ltr'>insanis</span> <span class='ocrx_word' id='word_1_72' title='bbox 655 1095 830 1135; x_wconf 86' lang='lat' dir='ltr'>natum</span> <span class='ocrx_word' id='word_1_73' title='bbox 856 1088 1127 1152; x_wconf 85' lang='lat' dir='ltr'>complexa</span> <span class='ocrx_word' id='word_1_74' title='bbox 1151 1087 1383 1145; x_wconf 87' lang='lat' dir='ltr'>lacertis;</span> 
     </span>
     <span class='ocr_line' id='line_1_14' title="bbox 203 1164 1232 1230; baseline 0.001 -18"><span class='ocrx_word' id='word_1_75' title='bbox 203 1164 272 1213; x_wconf 92' lang='lat' dir='ltr'>Et</span> <span class='ocrx_word' id='word_1_76' title='bbox 297 1181 470 1213; x_wconf 90' lang='lat' dir='ltr'>secum</span> <span class='ocrx_word' id='word_1_77' title='bbox 497 1182 524 1214; x_wconf 92' lang='lat' dir='ltr'>e</span> <span class='ocrx_word' id='word_1_78' title='bbox 550 1167 687 1213; x_wconf 91' lang='lat' dir='ltr'>celso</span> <span class='ocrx_word' id='word_1_79' title='bbox 713 1165 868 1213; x_wconf 92' lang='lat' dir='ltr'>mittit</span> <span class='ocrx_word' id='word_1_80' title='bbox 892 1166 944 1212; x_wconf 92' lang='lat' dir='ltr'>in</span> <span class='ocrx_word' id='word_1_81' title='bbox 970 1166 1071 1213; x_wconf 88' lang='lat' dir='ltr'>alta</span> <span class='ocrx_word' id='word_1_82' title='bbox 1091 1167 1232 1230; x_wconf 83' lang='lat' dir='ltr'>jugo.</span> 
     </span>
    </p>

    <p class='ocr_par' dir='ltr' id='par_1_9' title="bbox 135 1243 1383 1308">
     <span class='ocr_line' id='line_1_15' title="bbox 135 1243 1383 1308; baseline -0.001 -17"><span class='ocrx_word' id='word_1_83' title='bbox 135 1243 344 1308; x_wconf 88' lang='lat' dir='ltr'>Excipit</span> <span class='ocrx_word' id='word_1_84' title='bbox 367 1244 551 1291; x_wconf 88' lang='lat' dir='ltr'>illaesos</span> <span class='ocrx_word' id='word_1_85' title='bbox 578 1243 806 1308; x_wconf 88' lang='lat' dir='ltr'>Panope,</span> <span class='ocrx_word' id='word_1_86' title='bbox 835 1250 1146 1307; x_wconf 88' lang='lat' dir='ltr'>centumque</span> <span class='ocrx_word' id='word_1_87' title='bbox 1173 1258 1383 1299; x_wconf 88' lang='lat' dir='ltr'>sorores,</span> 
     </span>
    </p>
   </div>
   <div class='ocr_carea' id='block_1_4' title="bbox 204 1320 1294 1386">
    <p class='ocr_par' dir='ltr' id='par_1_10' title="bbox 204 1320 1294 1386">
     <span class='ocr_line' id='line_1_16' title="bbox 204 1320 1294 1386; baseline 0 -18"><span class='ocrx_word' id='word_1_88' title='bbox 204 1320 271 1369; x_wconf 90' lang='lat' dir='ltr'>Et</span> <span class='ocrx_word' id='word_1_89' title='bbox 297 1321 497 1386; x_wconf 91' lang='lat' dir='ltr'>placido</span> <span class='ocrx_word' id='word_1_90' title='bbox 524 1322 671 1386; x_wconf 87' lang='lat' dir='ltr'>lapsu</span> <span class='ocrx_word' id='word_1_91' title='bbox 698 1338 788 1386; x_wconf 86' lang='lat' dir='ltr'>per</span> <span class='ocrx_word' id='word_1_92' title='bbox 814 1337 906 1369; x_wconf 89' lang='lat' dir='ltr'>sua</span> <span class='ocrx_word' id='word_1_93' title='bbox 931 1337 1088 1384; x_wconf 83' lang='lat' dir='ltr'>regna</span> <span class='ocrx_word' id='word_1_94' title='bbox 1111 1320 1294 1369; x_wconf 88' lang='lat' dir='ltr'>ferunt.</span> 
     </span>
    </p>
   </div>
   <div class='ocr_carea' id='block_1_5' title="bbox 1460 1323 1557 1368">
    <p class='ocr_par' dir='ltr' id='par_1_11' title="bbox 1460 1323 1557 1368">
     <span class='ocr_line' id='line_1_17' title="bbox 1460 1323 1557 1368; baseline 0 0"><span class='ocrx_word' id='word_1_95' title='bbox 1460 1323 1557 1368; x_wconf 87' lang='lat'>500</span> 
     </span>
    </p>
   </div>
   <div class='ocr_carea' id='block_1_6' title="bbox 136 1398 1515 1527">
    <p class='ocr_par' dir='ltr' id='par_1_12' title="bbox 136 1398 1515 1527">
     <span class='ocr_line' id='line_1_18' title="bbox 136 1398 1515 1463; baseline -0.001 -16"><span class='ocrx_word' id='word_1_96' title='bbox 136 1399 377 1447; x_wconf 91' lang='lat' dir='ltr'>Nondum</span> <span class='ocrx_word' id='word_1_97' title='bbox 407 1399 712 1455; x_wconf 87' lang='lat' dir='ltr'>Leucothee,</span> <span class='ocrx_word' id='word_1_98' title='bbox 742 1400 965 1446; x_wconf 91' lang='lat' dir='ltr'>nondum</span> <span class='ocrx_word' id='word_1_99' title='bbox 992 1415 1118 1463; x_wconf 90' lang='lat' dir='ltr'>puer</span> <span class='ocrx_word' id='word_1_100' title='bbox 1142 1399 1228 1446; x_wconf 90' lang='lat' dir='ltr'>ille</span> <span class='ocrx_word' id='word_1_101' title='bbox 1254 1398 1515 1446; x_wconf 85' lang='lat' dir='ltr'>Palaemon</span> 
     </span>
     <span class='ocr_line' id='line_1_19' title="bbox 203 1477 1244 1527; baseline 0 -2"><span class='ocrx_word' id='word_1_102' title='bbox 203 1477 495 1526; x_wconf 88' lang='lat' dir='ltr'>Vorticibus</span> <span class='ocrx_word' id='word_1_103' title='bbox 521 1478 666 1527; x_wconf 89' lang='lat' dir='ltr'>densi</span> <span class='ocrx_word' id='word_1_104' title='bbox 693 1477 913 1526; x_wconf 88' lang='lat' dir='ltr'>Tibridis</span> <span class='ocrx_word' id='word_1_105' title='bbox 940 1494 1027 1525; x_wconf 89' lang='lat' dir='ltr'>ora</span> <span class='ocrx_word' id='word_1_106' title='bbox 1051 1484 1244 1526; x_wconf 88' lang='lat' dir='ltr'>tenent.</span> 
     </span>
    </p>
   </div>
   <div class='ocr_carea' id='block_1_7' title="bbox 138 1642 828 2735">
    <p class='ocr_par' dir='ltr' id='par_1_13' title="bbox 138 1642 819 2124">
     <span class='ocr_line' id='line_1_20' title="bbox 140 1642 813 1685; baseline 0.003 -13"><span class='ocrx_word' id='word_1_107' title='bbox 140 1642 244 1682; x_wconf 79' lang='lat' dir='ltr'>Rapta</span> <span class='ocrx_word' id='word_1_108' title='bbox 265 1642 342 1673; x_wconf 87' lang='lat' dir='ltr'>mihi</span> <span class='ocrx_word' id='word_1_109' title='bbox 360 1653 422 1674; x_wconf 90' lang='lat' dir='ltr'>non</span> <span class='ocrx_word' id='word_1_110' title='bbox 442 1642 568 1685; x_wconf 87' lang='lat' dir='ltr'>placet;</span> <span class='ocrx_word' id='word_1_111' title='bbox 594 1648 718 1674; x_wconf 75' lang='lat' dir='ltr'>veteres</span> <span class='ocrx_word' id='word_1_112' title='bbox 742 1642 813 1685; x_wconf 91' lang='lat' dir='ltr'>plu-</span> 
     </span>
     <span class='ocr_line' id='line_1_21' title="bbox 138 1691 815 1735; baseline 0.001 -13"><span class='ocrx_word' id='word_1_113' title='bbox 138 1691 210 1723; x_wconf 89' lang='lat' dir='ltr'>rimi</span> <span class='ocrx_word' id='word_1_114' title='bbox 225 1699 359 1733; x_wconf 82' lang='lat' dir='ltr'>raptum,</span> <span class='ocrx_word' id='word_1_115' title='bbox 377 1693 462 1735; x_wconf 89' lang='lat' dir='ltr'>quod</span> <span class='ocrx_word' id='word_1_116' title='bbox 473 1693 663 1724; x_wconf 85' lang='lat' dir='ltr'>Taubnerus</span> <span class='ocrx_word' id='word_1_117' title='bbox 677 1692 815 1735; x_wconf 83' lang='lat' dir='ltr'>praesert,</span> 
     </span>
     <span class='ocr_line' id='line_1_22' title="bbox 140 1741 817 1784; baseline -0.001 -11"><span class='ocrx_word' id='word_1_118' title='bbox 140 1748 176 1773; x_wconf 88' lang='lat' dir='ltr'>ut</span> <span class='ocrx_word' id='word_1_119' title='bbox 198 1741 335 1784; x_wconf 79' lang='lat' dir='ltr'>intellig.</span> <span class='ocrx_word' id='word_1_120' title='bbox 351 1745 519 1784; x_wconf 79' lang='lat' dir='ltr'>genetricis</span> <span class='ocrx_word' id='word_1_121' title='bbox 539 1744 576 1774; x_wconf 86' lang='lat' dir='ltr'>ab</span> <span class='ocrx_word' id='word_1_122' title='bbox 595 1743 664 1774; x_wconf 83' lang='lat' dir='ltr'>alvo</span> <span class='ocrx_word' id='word_1_123' title='bbox 686 1748 817 1782; x_wconf 82' lang='lat' dir='ltr'>ereptus,</span> 
     </span>
     <span class='ocr_line' id='line_1_23' title="bbox 141 1791 817 1834; baseline 0 -12"><span class='ocrx_word' id='word_1_124' title='bbox 141 1791 227 1823; x_wconf 90' lang='lat' dir='ltr'>Met.</span> <span class='ocrx_word' id='word_1_125' title='bbox 250 1791 297 1822; x_wconf 92' lang='lat' dir='ltr'>iii.</span> <span class='ocrx_word' id='word_1_126' title='bbox 323 1793 409 1831; x_wconf 80' lang='lat'>3113</span> <span class='ocrx_word' id='word_1_127' title='bbox 436 1792 494 1823; x_wconf 86' lang='lat' dir='ltr'>sed</span> <span class='ocrx_word' id='word_1_128' title='bbox 513 1793 622 1833; x_wconf 79' lang='lat' dir='ltr'>pellice</span> <span class='ocrx_word' id='word_1_129' title='bbox 646 1791 752 1834; x_wconf 78' lang='lat' dir='ltr'>potius</span> <span class='ocrx_word' id='word_1_130' title='bbox 776 1791 817 1823; x_wconf 88' lang='lat' dir='ltr'>ad</span> 
     </span>
     <span class='ocr_line' id='line_1_24' title="bbox 141 1841 819 1884; baseline 0 -12"><span class='ocrx_word' id='word_1_131' title='bbox 141 1848 251 1873; x_wconf 76' lang='lat' dir='ltr'>natum</span> <span class='ocrx_word' id='word_1_132' title='bbox 276 1842 425 1884; x_wconf 84' lang='lat' dir='ltr'>pertinet,</span> <span class='ocrx_word' id='word_1_133' title='bbox 452 1848 485 1874; x_wconf 91' lang='lat' dir='ltr'>et</span> <span class='ocrx_word' id='word_1_134' title='bbox 512 1842 558 1874; x_wconf 88' lang='lat' dir='ltr'>ita</span> <span class='ocrx_word' id='word_1_135' title='bbox 585 1848 709 1883; x_wconf 81' lang='lat' dir='ltr'>raptum</span> <span class='ocrx_word' id='word_1_136' title='bbox 739 1841 819 1874; x_wconf 85' lang='lat' dir='ltr'>foret</span> 
     </span>
     <span class='ocr_line' id='line_1_25' title="bbox 141 1891 816 1935; baseline 0 -12"><span class='ocrx_word' id='word_1_137' title='bbox 141 1891 288 1923; x_wconf 85' lang='lat' dir='ltr'>otiosum.</span> <span class='ocrx_word' id='word_1_138' title='bbox 344 1893 498 1935; x_wconf 42' lang='lat' dir='ltr'>Sangui&amp;</span> <span class='ocrx_word' id='word_1_139' title='bbox 539 1893 584 1924; x_wconf 82' lang='lat' dir='ltr'>ita</span> <span class='ocrx_word' id='word_1_140' title='bbox 616 1893 751 1924; x_wconf 85' lang='lat' dir='ltr'>Metam.</span> <span class='ocrx_word' id='word_1_141' title='bbox 783 1904 816 1924; x_wconf 90' lang='lat' dir='ltr'>v.</span> 
     </span>
     <span class='ocr_line' id='line_1_26' title="bbox 142 1943 818 1986; baseline 0 -12"><span class='ocrx_word' id='word_1_142' title='bbox 142 1944 220 1974; x_wconf 88' lang='lat'>515.</span> <span class='ocrx_word' id='word_1_143' title='bbox 251 1943 348 1974; x_wconf 87' lang='lat' dir='ltr'>Ceres</span> <span class='ocrx_word' id='word_1_144' title='bbox 378 1943 599 1986; x_wconf 84' lang='lat' dir='ltr'>Proserpinam</span> <span class='ocrx_word' id='word_1_145' title='bbox 636 1944 818 1985; x_wconf 81' lang='lat' dir='ltr'>sanguinem</span> 
     </span>
     <span class='ocr_line' id='line_1_27' title="bbox 142 1993 818 2025; baseline 0 -1"><span class='ocrx_word' id='word_1_146' title='bbox 142 2003 235 2024; x_wconf 87' lang='lat' dir='ltr'>suum</span> <span class='ocrx_word' id='word_1_147' title='bbox 256 1999 288 2024; x_wconf 87' lang='lat' dir='ltr'>et</span> <span class='ocrx_word' id='word_1_148' title='bbox 303 1993 393 2025; x_wconf 89' lang='lat' dir='ltr'>Jovis</span> <span class='ocrx_word' id='word_1_149' title='bbox 413 1999 518 2025; x_wconf 89' lang='lat' dir='ltr'>vocat.</span> <span class='ocrx_word' id='word_1_150' title='bbox 566 1993 694 2024; x_wconf 84' lang='lat' dir='ltr'>Plenior</span> <span class='ocrx_word' id='word_1_151' title='bbox 719 1994 818 2024; x_wconf 84' lang='lat' dir='ltr'>forma</span> 
     </span>
     <span class='ocr_line' id='line_1_28' title="bbox 143 2042 817 2084; baseline 0.001 -11"><span class='ocrx_word' id='word_1_152' title='bbox 143 2047 192 2074; x_wconf 87' lang='lat' dir='ltr'>est</span> <span class='ocrx_word' id='word_1_153' title='bbox 204 2043 287 2074; x_wconf 91' lang='lat' dir='ltr'>Met.</span> <span class='ocrx_word' id='word_1_154' title='bbox 298 2042 340 2074; x_wconf 91' lang='lat' dir='ltr'>iv.</span> <span class='ocrx_word' id='word_1_155' title='bbox 352 2044 433 2075; x_wconf 88' lang='lat'>788:</span> <span class='ocrx_word' id='word_1_156' title='bbox 452 2048 473 2062; x_wconf 67' lang='lat'>‘³</span> <span class='ocrx_word' id='word_1_157' title='bbox 485 2043 596 2075; x_wconf 79' lang='lat' dir='ltr'>matris</span> <span class='ocrx_word' id='word_1_158' title='bbox 610 2043 650 2075; x_wconf 89' lang='lat' dir='ltr'>de</span> <span class='ocrx_word' id='word_1_159' title='bbox 663 2042 817 2084; x_wconf 75' lang='lat' dir='ltr'>sanguine</span> 
     </span>
     <span class='ocr_line' id='line_1_29' title="bbox 145 2092 274 2124; baseline 0 0"><span class='ocrx_word' id='word_1_160' title='bbox 145 2092 274 2124; x_wconf 87' lang='lat' dir='ltr'>natos.”</span> 
     </span>
    </p>

    <p class='ocr_par' dir='ltr' id='par_1_14' title="bbox 145 2143 828 2735">
     <span class='ocr_line' id='line_1_30' title="bbox 189 2143 817 2187; baseline 0 -13"><span class='ocrx_word' id='word_1_161' title='bbox 189 2144 265 2175; x_wconf 82' lang='lat'>489.</span> <span class='ocrx_word' id='word_1_162' title='bbox 281 2143 399 2180; x_wconf 80' lang='lat' dir='ltr'>Furiis,</span> <span class='ocrx_word' id='word_1_163' title='bbox 409 2144 513 2175; x_wconf 85' lang='lat' dir='ltr'>furore</span> <span class='ocrx_word' id='word_1_164' title='bbox 519 2143 719 2187; x_wconf 84' lang='lat' dir='ltr'>Tisiphones,</span> <span class='ocrx_word' id='word_1_165' title='bbox 731 2153 817 2186; x_wconf 84' lang='lat' dir='ltr'>quae,</span> 
     </span>
     <span class='ocr_line' id='line_1_31' title="bbox 145 2192 819 2231; baseline -0.001 -6"><span class='ocrx_word' id='word_1_166' title='bbox 145 2192 287 2225; x_wconf 88' lang='lat' dir='ltr'>excitata</span> <span class='ocrx_word' id='word_1_167' title='bbox 299 2204 317 2225; x_wconf 91' lang='lat' dir='ltr'>a</span> <span class='ocrx_word' id='word_1_168' title='bbox 327 2193 347 2224; x_wconf 90' lang='lat' dir='ltr'><strong>J</strong></span> <span class='ocrx_word' id='word_1_169' title='bbox 349 2205 465 2231; x_wconf 89' lang='lat' dir='ltr'>unone,</span> <span class='ocrx_word' id='word_1_170' title='bbox 473 2193 663 2225; x_wconf 86' lang='lat' dir='ltr'>Athamanti</span> <span class='ocrx_word' id='word_1_171' title='bbox 676 2199 707 2225; x_wconf 88' lang='lat' dir='ltr'>et</span> <span class='ocrx_word' id='word_1_172' title='bbox 719 2193 819 2230; x_wconf 84' lang='lat' dir='ltr'>uxori,</span> 
     </span>
     <span class='ocr_line' id='line_1_32' title="bbox 146 2243 820 2286; baseline 0 -12"><span class='ocrx_word' id='word_1_173' title='bbox 146 2244 275 2275; x_wconf 82' lang='lat' dir='ltr'>admoto</span> <span class='ocrx_word' id='word_1_174' title='bbox 289 2249 445 2286; x_wconf 82' lang='lat' dir='ltr'>serpente,</span> <span class='ocrx_word' id='word_1_175' title='bbox 456 2254 570 2286; x_wconf 83' lang='lat' dir='ltr'>graves</span> <span class='ocrx_word' id='word_1_176' title='bbox 584 2243 708 2275; x_wconf 85' lang='lat' dir='ltr'>animas</span> <span class='ocrx_word' id='word_1_177' title='bbox 721 2243 820 2285; x_wconf 87' lang='lat' dir='ltr'>inspi-</span> 
     </span>
     <span class='ocr_line' id='line_1_33' title="bbox 146 2292 821 2336; baseline -0.001 -11"><span class='ocrx_word' id='word_1_178' title='bbox 146 2294 242 2325; x_wconf 82' lang='lat' dir='ltr'>ravit.</span> <span class='ocrx_word' id='word_1_179' title='bbox 269 2293 355 2324; x_wconf 90' lang='lat' dir='ltr'>Hinc</span> <span class='ocrx_word' id='word_1_180' title='bbox 367 2292 557 2325; x_wconf 86' lang='lat' dir='ltr'>Athamanti</span> <span class='ocrx_word' id='word_1_181' title='bbox 572 2293 699 2336; x_wconf 86' lang='lat' dir='ltr'>objecta</span> <span class='ocrx_word' id='word_1_182' title='bbox 711 2295 821 2335; x_wconf 84' lang='lat' dir='ltr'>imago,</span> 
     </span>
     <span class='ocr_line' id='line_1_34' title="bbox 148 2343 824 2385; baseline 0.001 -12"><span class='ocrx_word' id='word_1_183' title='bbox 148 2348 184 2374; x_wconf 85' lang='lat' dir='ltr'>ut</span> <span class='ocrx_word' id='word_1_184' title='bbox 209 2353 342 2374; x_wconf 86' lang='lat' dir='ltr'>uxorem</span> <span class='ocrx_word' id='word_1_185' title='bbox 366 2349 398 2374; x_wconf 91' lang='lat' dir='ltr'>et</span> <span class='ocrx_word' id='word_1_186' title='bbox 423 2343 502 2375; x_wconf 90' lang='lat' dir='ltr'>duos</span> <span class='ocrx_word' id='word_1_187' title='bbox 530 2343 612 2375; x_wconf 87' lang='lat' dir='ltr'>filios</span> <span class='ocrx_word' id='word_1_188' title='bbox 640 2354 696 2385; x_wconf 85' lang='lat' dir='ltr'>pro</span> <span class='ocrx_word' id='word_1_189' title='bbox 719 2343 824 2374; x_wconf 88' lang='lat' dir='ltr'>leaena</span> 
     </span>
     <span class='ocr_line' id='line_1_35' title="bbox 148 2392 823 2436; baseline -0.001 -12"><span class='ocrx_word' id='word_1_190' title='bbox 148 2393 282 2424; x_wconf 83' lang='lat' dir='ltr'>haberet</span> <span class='ocrx_word' id='word_1_191' title='bbox 296 2403 370 2424; x_wconf 83' lang='lat' dir='ltr'>cum</span> <span class='ocrx_word' id='word_1_192' title='bbox 385 2392 514 2434; x_wconf 85' lang='lat' dir='ltr'>gemina</span> <span class='ocrx_word' id='word_1_193' title='bbox 525 2393 625 2436; x_wconf 85' lang='lat' dir='ltr'>prole,</span> <span class='ocrx_word' id='word_1_194' title='bbox 637 2393 823 2430; x_wconf 74' lang='lat' dir='ltr'>Learchum,</span> 
     </span>
     <span class='ocr_line' id='line_1_36' title="bbox 149 2442 824 2485; baseline 0 -11"><span class='ocrx_word' id='word_1_195' title='bbox 149 2449 268 2480; x_wconf 87' lang='lat' dir='ltr'>autem,</span> <span class='ocrx_word' id='word_1_196' title='bbox 291 2442 427 2474; x_wconf 87' lang='lat' dir='ltr'>alterum</span> <span class='ocrx_word' id='word_1_197' title='bbox 456 2443 602 2480; x_wconf 86' lang='lat' dir='ltr'>filiolum,</span> <span class='ocrx_word' id='word_1_198' title='bbox 629 2448 754 2485; x_wconf 78' lang='lat' dir='ltr'>raptum</span> <span class='ocrx_word' id='word_1_199' title='bbox 784 2442 824 2474; x_wconf 90' lang='lat' dir='ltr'>de</span> 
     </span>
     <span class='ocr_line' id='line_1_37' title="bbox 150 2492 826 2525; baseline 0 -1"><span class='ocrx_word' id='word_1_200' title='bbox 150 2492 222 2525; x_wconf 87' lang='lat' dir='ltr'>sinu</span> <span class='ocrx_word' id='word_1_201' title='bbox 237 2492 348 2524; x_wconf 83' lang='lat' dir='ltr'>matris</span> <span class='ocrx_word' id='word_1_202' title='bbox 363 2503 438 2524; x_wconf 87' lang='lat' dir='ltr'>saxo</span> <span class='ocrx_word' id='word_1_203' title='bbox 454 2492 607 2524; x_wconf 86' lang='lat' dir='ltr'>illideret.</span> <span class='ocrx_word' id='word_1_204' title='bbox 632 2494 712 2524; x_wconf 81' lang='lat' dir='ltr'>Mox</span> <span class='ocrx_word' id='word_1_205' title='bbox 725 2500 826 2524; x_wconf 85' lang='lat' dir='ltr'>mater</span> 
     </span>
     <span class='ocr_line' id='line_1_38' title="bbox 152 2543 825 2586; baseline -0.001 -11"><span class='ocrx_word' id='word_1_206' title='bbox 152 2553 278 2586; x_wconf 89' lang='lat' dir='ltr'>quoque</span> <span class='ocrx_word' id='word_1_207' title='bbox 290 2543 394 2574; x_wconf 87' lang='lat' dir='ltr'>furore</span> <span class='ocrx_word' id='word_1_208' title='bbox 405 2549 550 2585; x_wconf 86' lang='lat' dir='ltr'>correpta</span> <span class='ocrx_word' id='word_1_209' title='bbox 559 2554 633 2574; x_wconf 85' lang='lat' dir='ltr'>cum</span> <span class='ocrx_word' id='word_1_210' title='bbox 644 2543 825 2580; x_wconf 80' lang='lat' dir='ltr'>Melicerta,</span> 
     </span>
     <span class='ocr_line' id='line_1_39' title="bbox 153 2592 827 2636; baseline -0.001 -12"><span class='ocrx_word' id='word_1_211' title='bbox 153 2593 218 2624; x_wconf 86' lang='lat' dir='ltr'>filio</span> <span class='ocrx_word' id='word_1_212' title='bbox 237 2593 348 2630; x_wconf 87' lang='lat' dir='ltr'>altero,</span> <span class='ocrx_word' id='word_1_213' title='bbox 363 2603 381 2624; x_wconf 92' lang='lat' dir='ltr'>e</span> <span class='ocrx_word' id='word_1_214' title='bbox 402 2593 532 2636; x_wconf 87' lang='lat' dir='ltr'>scopulo</span> <span class='ocrx_word' id='word_1_215' title='bbox 548 2604 581 2625; x_wconf 92' lang='lat' dir='ltr'>se</span> <span class='ocrx_word' id='word_1_216' title='bbox 597 2592 827 2635; x_wconf 73' lang='lat' dir='ltr'>praecipitat-in</span> 
     </span>
     <span class='ocr_line' id='line_1_40' title="bbox 151 2642 825 2682; baseline -0.003 -8"><span class='ocrx_word' id='word_1_217' title='bbox 151 2653 238 2674; x_wconf 88' lang='lat' dir='ltr'>mare</span> <span class='ocrx_word' id='word_1_218' title='bbox 254 2654 262 2682; x_wconf 76' lang='lat'><em>3</em></span> <span class='ocrx_word' id='word_1_219' title='bbox 289 2642 436 2680; x_wconf 82' lang='lat' dir='ltr'>Ovidius,</span> <span class='ocrx_word' id='word_1_220' title='bbox 453 2642 538 2674; x_wconf 89' lang='lat' dir='ltr'>dicto</span> <span class='ocrx_word' id='word_1_221' title='bbox 553 2642 634 2674; x_wconf 84' lang='lat' dir='ltr'>loco.</span> <span class='ocrx_word' id='word_1_222' title='bbox 676 2642 825 2673; x_wconf 81' lang='lat' dir='ltr'>Tumula-</span> 
     </span>
     <span class='ocr_line' id='line_1_41' title="bbox 152 2691 828 2735; baseline -0.003 -11"><span class='ocrx_word' id='word_1_223' title='bbox 152 2700 239 2724; x_wconf 83' lang='lat' dir='ltr'>verat</span> <span class='ocrx_word' id='word_1_224' title='bbox 255 2693 377 2723; x_wconf 80' lang='lat' dir='ltr'>umbras</span> <span class='ocrx_word' id='word_1_225' title='bbox 387 2703 397 2730; x_wconf 77' lang='lat'>3</span> <span class='ocrx_word' id='word_1_226' title='bbox 422 2692 547 2735; x_wconf 87' lang='lat' dir='ltr'>sepulto</span> <span class='ocrx_word' id='word_1_227' title='bbox 562 2702 705 2735; x_wconf 83' lang='lat' dir='ltr'>corpore,</span> <span class='ocrx_word' id='word_1_228' title='bbox 722 2691 828 2723; x_wconf 89' lang='lat' dir='ltr'>anima</span> 
     </span>
    </p>
   </div>
   <div class='ocr_carea' id='block_1_8' title="bbox 154 2741 825 2826">
    <p class='ocr_par' dir='ltr' id='par_1_15' title="bbox 154 2741 825 2826">
     <span class='ocr_line' id='line_1_42' title="bbox 154 2741 825 2783; baseline -0.001 -9"><span class='ocrx_word' id='word_1_229' title='bbox 154 2748 211 2774; x_wconf 89' lang='lat' dir='ltr'>aut</span> <span class='ocrx_word' id='word_1_230' title='bbox 233 2745 342 2774; x_wconf 78' lang='grc' dir='ltr'><em>ἰιηιόνα</em></span> <span class='ocrx_word' id='word_1_231' title='bbox 365 2743 502 2783; x_wconf 79' lang='lat' dir='ltr'>sepulcro</span> <span class='ocrx_word' id='word_1_232' title='bbox 528 2743 618 2774; x_wconf 78' lang='lat' dir='ltr'>condi</span> <span class='ocrx_word' id='word_1_233' title='bbox 643 2741 825 2781; x_wconf 85' lang='lat' dir='ltr'>dieebatur3</span> 
     </span>
     <span class='ocr_line' id='line_1_43' title="bbox 156 2792 424 2826; baseline -0.007 0"><span class='ocrx_word' id='word_1_234' title='bbox 156 2792 227 2826; x_wconf 73' lang='lat' dir='ltr'>vide</span> <span class='ocrx_word' id='word_1_235' title='bbox 244 2792 285 2825; x_wconf 90' lang='lat' dir='ltr'>ad</span> <span class='ocrx_word' id='word_1_236' title='bbox 301 2804 332 2825; x_wconf 87' lang='lat' dir='ltr'>v.</span> <span class='ocrx_word' id='word_1_237' title='bbox 347 2793 424 2825; x_wconf 85' lang='lat'>451.</span> 
     </span>
    </p>
   </div>
   <div class='ocr_carea' id='block_1_9' title="bbox 883 1639 1570 2784">
    <p class='ocr_par' dir='ltr' id='par_1_16' title="bbox 883 1639 1563 1937">
     <span class='ocr_line' id='line_1_44' title="bbox 928 1639 1559 1674; baseline -0.005 -1"><span class='ocrx_word' id='word_1_238' title='bbox 928 1643 1006 1674; x_wconf 85' lang='lat'>495.</span> <span class='ocrx_word' id='word_1_239' title='bbox 1032 1641 1174 1672; x_wconf 86' lang='lat' dir='ltr'>Isthmus</span> <span class='ocrx_word' id='word_1_240' title='bbox 1189 1640 1425 1673; x_wconf 86' lang='lat' dir='ltr'>Corinthiorum</span> <span class='ocrx_word' id='word_1_241' title='bbox 1441 1639 1559 1671; x_wconf 84' lang='lat' dir='ltr'>deseri-</span> 
     </span>
     <span class='ocr_line' id='line_1_45' title="bbox 883 1689 1560 1733; baseline -0.001 -10"><span class='ocrx_word' id='word_1_242' title='bbox 883 1691 988 1731; x_wconf 82' lang='lat' dir='ltr'>bitur3</span> <span class='ocrx_word' id='word_1_243' title='bbox 1012 1691 1057 1722; x_wconf 88' lang='lat' dir='ltr'>ibi</span> <span class='ocrx_word' id='word_1_244' title='bbox 1073 1691 1210 1722; x_wconf 83' lang='lat' dir='ltr'>Moluris</span> <span class='ocrx_word' id='word_1_245' title='bbox 1225 1690 1385 1733; x_wconf 79' lang='lat' dir='ltr'>scopuluS,</span> <span class='ocrx_word' id='word_1_246' title='bbox 1402 1689 1486 1722; x_wconf 88' lang='lat' dir='ltr'>unde</span> <span class='ocrx_word' id='word_1_247' title='bbox 1503 1690 1560 1722; x_wconf 91' lang='lat' dir='ltr'>Ino</span> 
     </span>
     <span class='ocr_line' id='line_1_46' title="bbox 884 1739 1561 1784; baseline -0.003 -11"><span class='ocrx_word' id='word_1_248' title='bbox 884 1752 917 1773; x_wconf 89' lang='lat' dir='ltr'>se</span> <span class='ocrx_word' id='word_1_249' title='bbox 936 1752 1010 1773; x_wconf 89' lang='lat' dir='ltr'>cum</span> <span class='ocrx_word' id='word_1_250' title='bbox 1029 1741 1095 1772; x_wconf 84' lang='lat' dir='ltr'>filio</span> <span class='ocrx_word' id='word_1_251' title='bbox 1115 1740 1331 1784; x_wconf 67' lang='lat' dir='ltr'>praecipitasse</span> <span class='ocrx_word' id='word_1_252' title='bbox 1353 1739 1561 1779; x_wconf 81' lang='lat' dir='ltr'>credebatur3</span> 
     </span>
     <span class='ocr_line' id='line_1_47' title="bbox 885 1790 1560 1833; baseline -0.003 -10"><span class='ocrx_word' id='word_1_253' title='bbox 885 1791 1073 1827; x_wconf 82' lang='lat' dir='ltr'>Pausanias,</span> <span class='ocrx_word' id='word_1_254' title='bbox 1088 1790 1187 1822; x_wconf 89' lang='lat' dir='ltr'>Attic.</span> <span class='ocrx_word' id='word_1_255' title='bbox 1204 1802 1235 1833; x_wconf 86' lang='lat' dir='ltr'>p.</span> <span class='ocrx_word' id='word_1_256' title='bbox 1254 1792 1329 1822; x_wconf 88' lang='lat'>108.</span> <span class='ocrx_word' id='word_1_257' title='bbox 1375 1790 1485 1827; x_wconf 78' lang='lat' dir='ltr'>Breve,</span> <span class='ocrx_word' id='word_1_258' title='bbox 1505 1801 1560 1822; x_wconf 84' lang='lat' dir='ltr'>an-</span> 
     </span>
     <span class='ocr_line' id='line_1_48' title="bbox 886 1841 1563 1884; baseline -0.001 -12"><span class='ocrx_word' id='word_1_259' title='bbox 886 1848 1026 1884; x_wconf 85' lang='lat' dir='ltr'>gustum,</span> <span class='ocrx_word' id='word_1_260' title='bbox 1042 1852 1104 1873; x_wconf 90' lang='lat' dir='ltr'>non</span> <span class='ocrx_word' id='word_1_261' title='bbox 1121 1841 1235 1872; x_wconf 83' lang='lat' dir='ltr'>latum.</span> <span class='ocrx_word' id='word_1_262' title='bbox 1273 1841 1440 1873; x_wconf 76' lang='lat' dir='ltr'>Contracta</span> <span class='ocrx_word' id='word_1_263' title='bbox 1455 1843 1563 1881; x_wconf 79' lang='lat' dir='ltr'>spatio,</span> 
     </span>
     <span class='ocr_line' id='line_1_49' title="bbox 887 1891 1264 1937; baseline -0.005 -14"><span class='ocrx_word' id='word_1_264' title='bbox 887 1898 1049 1937; x_wconf 66' lang='lat' dir='ltr'>contracta</span> <span class='ocrx_word' id='word_1_265' title='bbox 1064 1891 1097 1921; x_wconf 92' lang='lat' dir='ltr'>in</span> <span class='ocrx_word' id='word_1_266' title='bbox 1113 1891 1264 1933; x_wconf 86' lang='lat' dir='ltr'>spatium.</span> 
     </span>
    </p>

    <p class='ocr_par' dir='ltr' id='par_1_17' title="bbox 887 1941 1570 2784">
     <span class='ocr_line' id='line_1_50' title="bbox 932 1941 1564 1984; baseline -0.002 -11"><span class='ocrx_word' id='word_1_267' title='bbox 932 1942 1007 1973; x_wconf 83' lang='lat'>499.</span> <span class='ocrx_word' id='word_1_268' title='bbox 1031 1942 1125 1972; x_wconf 87' lang='lat' dir='ltr'>Hanc</span> <span class='ocrx_word' id='word_1_269' title='bbox 1148 1941 1264 1972; x_wconf 82' lang='lat' dir='ltr'>fabulae</span> <span class='ocrx_word' id='word_1_270' title='bbox 1285 1946 1408 1984; x_wconf 82' lang='lat' dir='ltr'>partem</span> <span class='ocrx_word' id='word_1_271' title='bbox 1427 1941 1564 1972; x_wconf 86' lang='lat' dir='ltr'>Metam.</span> 
     </span>
     <span class='ocr_line' id='line_1_51' title="bbox 888 1990 1565 2034; baseline -0.001 -11"><span class='ocrx_word' id='word_1_272' title='bbox 888 1992 920 2023; x_wconf 91' lang='lat' dir='ltr'>d.</span> <span class='ocrx_word' id='word_1_273' title='bbox 936 1991 960 2022; x_wconf 93' lang='lat' dir='ltr'>l.</span> <span class='ocrx_word' id='word_1_274' title='bbox 977 1990 1179 2034; x_wconf 80' lang='lat' dir='ltr'>paucissimis</span> <span class='ocrx_word' id='word_1_275' title='bbox 1193 1990 1298 2022; x_wconf 89' lang='lat' dir='ltr'>verbis</span> <span class='ocrx_word' id='word_1_276' title='bbox 1311 1990 1418 2032; x_wconf 79' lang='lat' dir='ltr'>attigit</span> <span class='ocrx_word' id='word_1_277' title='bbox 1427 1995 1460 2022; x_wconf 88' lang='lat' dir='ltr'>et</span> <span class='ocrx_word' id='word_1_278' title='bbox 1473 1990 1565 2022; x_wconf 87' lang='lat' dir='ltr'>aliter</span> 
     </span>
     <span class='ocr_line' id='line_1_52' title="bbox 888 2040 1564 2082; baseline -0.001 -10"><span class='ocrx_word' id='word_1_279' title='bbox 888 2041 1038 2072; x_wconf 81' lang='lat' dir='ltr'>narravit.</span> <span class='ocrx_word' id='word_1_280' title='bbox 1084 2042 1181 2072; x_wconf 88' lang='lat' dir='ltr'>Nunc</span> <span class='ocrx_word' id='word_1_281' title='bbox 1203 2040 1235 2071; x_wconf 86' lang='lat' dir='ltr'>id</span> <span class='ocrx_word' id='word_1_282' title='bbox 1262 2040 1340 2082; x_wconf 84' lang='lat' dir='ltr'>agit,</span> <span class='ocrx_word' id='word_1_283' title='bbox 1358 2046 1393 2071; x_wconf 92' lang='lat' dir='ltr'>ut</span> <span class='ocrx_word' id='word_1_284' title='bbox 1411 2041 1471 2071; x_wconf 91' lang='lat' dir='ltr'>Ino</span> <span class='ocrx_word' id='word_1_285' title='bbox 1491 2051 1564 2072; x_wconf 84' lang='lat' dir='ltr'>cum</span> 
     </span>
     <span class='ocr_line' id='line_1_53' title="bbox 887 2089 1566 2133; baseline -0.001 -11"><span class='ocrx_word' id='word_1_286' title='bbox 887 2091 952 2122; x_wconf 88' lang='lat' dir='ltr'>filio</span> <span class='ocrx_word' id='word_1_287' title='bbox 979 2091 1011 2122; x_wconf 88' lang='lat' dir='ltr'>in</span> <span class='ocrx_word' id='word_1_288' title='bbox 1040 2090 1170 2122; x_wconf 83' lang='lat' dir='ltr'>Italiam</span> <span class='ocrx_word' id='word_1_289' title='bbox 1197 2091 1368 2127; x_wconf 83' lang='lat' dir='ltr'>deferatur,</span> <span class='ocrx_word' id='word_1_290' title='bbox 1394 2089 1503 2133; x_wconf 89' lang='lat' dir='ltr'>ibique</span> <span class='ocrx_word' id='word_1_291' title='bbox 1533 2089 1566 2121; x_wconf 90' lang='lat' dir='ltr'>in</span> 
     </span>
     <span class='ocr_line' id='line_1_54' title="bbox 888 2140 1566 2178; baseline -0.001 -6"><span class='ocrx_word' id='word_1_292' title='bbox 888 2143 1051 2173; x_wconf 83' lang='lat' dir='ltr'>Matutam</span> <span class='ocrx_word' id='word_1_293' title='bbox 1073 2141 1178 2178; x_wconf 83' lang='lat' dir='ltr'>deam,</span> <span class='ocrx_word' id='word_1_294' title='bbox 1197 2141 1382 2172; x_wconf 84' lang='lat' dir='ltr'>Melicertes</span> <span class='ocrx_word' id='word_1_295' title='bbox 1403 2146 1509 2172; x_wconf 88' lang='lat' dir='ltr'>autem</span> <span class='ocrx_word' id='word_1_296' title='bbox 1533 2140 1566 2171; x_wconf 89' lang='lat' dir='ltr'>iu</span> 
     </span>
     <span class='ocr_line' id='line_1_55' title="bbox 889 2190 1566 2223; baseline -0.001 -1"><span class='ocrx_word' id='word_1_297' title='bbox 889 2192 1068 2223; x_wconf 86' lang='lat' dir='ltr'>Portunum</span> <span class='ocrx_word' id='word_1_298' title='bbox 1083 2197 1234 2223; x_wconf 85' lang='lat' dir='ltr'>mutetur.</span> <span class='ocrx_word' id='word_1_299' title='bbox 1268 2190 1331 2222; x_wconf 83' lang='lat' dir='ltr'>Illa</span> <span class='ocrx_word' id='word_1_300' title='bbox 1344 2190 1467 2222; x_wconf 86' lang='lat' dir='ltr'>Graecis</span> <span class='ocrx_word' id='word_1_301' title='bbox 1482 2191 1566 2222; x_wconf 81' lang='lat' dir='ltr'>Leu-</span> 
     </span>
     <span class='ocr_line' id='line_1_56' title="bbox 889 2241 1566 2282; baseline -0.003 -8"><span class='ocrx_word' id='word_1_302' title='bbox 889 2244 1000 2280; x_wconf 81' lang='lat' dir='ltr'>cothee,</span> <span class='ocrx_word' id='word_1_303' title='bbox 1014 2242 1067 2274; x_wconf 90' lang='lat' dir='ltr'>hic</span> <span class='ocrx_word' id='word_1_304' title='bbox 1084 2243 1251 2273; x_wconf 82' lang='lat' dir='ltr'>Palaemon.</span> <span class='ocrx_word' id='word_1_305' title='bbox 1297 2241 1432 2282; x_wconf 80' lang='lat' dir='ltr'>Panope,</span> <span class='ocrx_word' id='word_1_306' title='bbox 1447 2251 1512 2272; x_wconf 89' lang='lat' dir='ltr'>una</span> <span class='ocrx_word' id='word_1_307' title='bbox 1527 2252 1566 2272; x_wconf 87' lang='lat' dir='ltr'>ex</span> 
     </span>
     <span class='ocr_line' id='line_1_57' title="bbox 891 2291 1568 2336; baseline -0.004 -12"><span class='ocrx_word' id='word_1_308' title='bbox 891 2292 1127 2336; x_wconf 87' lang='lat' dir='ltr'>quinquaginta</span> <span class='ocrx_word' id='word_1_309' title='bbox 1138 2291 1342 2328; x_wconf 89' lang='lat' dir='ltr'>Nereidibus,</span> <span class='ocrx_word' id='word_1_310' title='bbox 1356 2301 1490 2333; x_wconf 88' lang='lat' dir='ltr'>quarum</span> <span class='ocrx_word' id='word_1_311' title='bbox 1501 2301 1568 2322; x_wconf 90' lang='lat' dir='ltr'>om·</span> 
     </span>
     <span class='ocr_line' id='line_1_58' title="bbox 891 2341 1567 2382; baseline -0.004 -8"><span class='ocrx_word' id='word_1_312' title='bbox 891 2342 979 2374; x_wconf 91' lang='lat' dir='ltr'>nium</span> <span class='ocrx_word' id='word_1_313' title='bbox 1003 2341 1133 2373; x_wconf 86' lang='lat' dir='ltr'>nomina</span> <span class='ocrx_word' id='word_1_314' title='bbox 1156 2341 1327 2378; x_wconf 83' lang='lat' dir='ltr'>Hesiodus,</span> <span class='ocrx_word' id='word_1_315' title='bbox 1347 2341 1469 2382; x_wconf 84' lang='lat' dir='ltr'>Theog.</span> <span class='ocrx_word' id='word_1_316' title='bbox 1488 2342 1567 2372; x_wconf 85' lang='lat'>240.</span> 
     </span>
     <span class='ocr_line' id='line_1_59' title="bbox 891 2391 1569 2432; baseline -0.001 -10"><span class='ocrx_word' id='word_1_317' title='bbox 891 2392 999 2423; x_wconf 80' lang='lat' dir='ltr'>habet.</span> <span class='ocrx_word' id='word_1_318' title='bbox 1048 2391 1167 2432; x_wconf 79' lang='lat' dir='ltr'>Lapsus</span> <span class='ocrx_word' id='word_1_319' title='bbox 1179 2392 1261 2423; x_wconf 86' lang='lat' dir='ltr'>bene</span> <span class='ocrx_word' id='word_1_320' title='bbox 1276 2391 1316 2422; x_wconf 92' lang='lat' dir='ltr'>de</span> <span class='ocrx_word' id='word_1_321' title='bbox 1332 2401 1381 2428; x_wconf 87' lang='lat' dir='ltr'>ea,</span> <span class='ocrx_word' id='word_1_322' title='bbox 1395 2401 1466 2432; x_wconf 88' lang='lat' dir='ltr'>quae</span> <span class='ocrx_word' id='word_1_323' title='bbox 1483 2401 1569 2422; x_wconf 90' lang='lat' dir='ltr'>more</span> 
     </span>
     <span class='ocr_line' id='line_1_60' title="bbox 893 2439 1568 2484; baseline -0.003 -12"><span class='ocrx_word' id='word_1_324' title='bbox 893 2440 1069 2474; x_wconf 83' lang='lat' dir='ltr'>Nereidum</span> <span class='ocrx_word' id='word_1_325' title='bbox 1086 2452 1142 2484; x_wconf 85' lang='lat' dir='ltr'>per</span> <span class='ocrx_word' id='word_1_326' title='bbox 1161 2452 1248 2473; x_wconf 82' lang='lat' dir='ltr'>mare</span> <span class='ocrx_word' id='word_1_327' title='bbox 1271 2447 1373 2472; x_wconf 82' lang='lat' dir='ltr'>natat.</span> <span class='ocrx_word' id='word_1_328' title='bbox 1421 2439 1568 2471; x_wconf 85' lang='lat' dir='ltr'>Nondum</span> 
     </span>
     <span class='ocr_line' id='line_1_61' title="bbox 896 2489 1568 2532; baseline -0.003 -10"><span class='ocrx_word' id='word_1_329' title='bbox 896 2492 1076 2528; x_wconf 83' lang='lat' dir='ltr'>Leucothee,</span> <span class='ocrx_word' id='word_1_330' title='bbox 1103 2497 1166 2523; x_wconf 88' lang='lat' dir='ltr'>etc.</span> <span class='ocrx_word' id='word_1_331' title='bbox 1224 2491 1285 2527; x_wconf 90' lang='lat' dir='ltr'>Ea,</span> <span class='ocrx_word' id='word_1_332' title='bbox 1319 2501 1390 2532; x_wconf 88' lang='lat' dir='ltr'>quae</span> <span class='ocrx_word' id='word_1_333' title='bbox 1429 2489 1568 2520; x_wconf 90' lang='lat' dir='ltr'>nondum</span> 
     </span>
     <span class='ocr_line' id='line_1_62' title="bbox 895 2539 1569 2582; baseline -0.006 -9"><span class='ocrx_word' id='word_1_334' title='bbox 895 2541 1075 2573; x_wconf 84' lang='lat' dir='ltr'>Leucothee</span> <span class='ocrx_word' id='word_1_335' title='bbox 1100 2541 1161 2572; x_wconf 89' lang='lat' dir='ltr'>dea</span> <span class='ocrx_word' id='word_1_336' title='bbox 1184 2546 1262 2578; x_wconf 85' lang='lat' dir='ltr'>erat,</span> <span class='ocrx_word' id='word_1_337' title='bbox 1286 2541 1326 2577; x_wconf 88' lang='lat' dir='ltr'>is,</span> <span class='ocrx_word' id='word_1_338' title='bbox 1350 2539 1405 2582; x_wconf 86' lang='lat' dir='ltr'>qui</span> <span class='ocrx_word' id='word_1_339' title='bbox 1428 2539 1569 2570; x_wconf 89' lang='lat' dir='ltr'>nondum</span> 
     </span>
     <span class='ocr_line' id='line_1_63' title="bbox 895 2588 1569 2634; baseline -0.007 -11"><span class='ocrx_word' id='word_1_340' title='bbox 895 2592 1073 2628; x_wconf 85' lang='lat' dir='ltr'>Palaemon,</span> <span class='ocrx_word' id='word_1_341' title='bbox 1092 2591 1160 2634; x_wconf 85' lang='lat' dir='ltr'>jam</span> <span class='ocrx_word' id='word_1_342' title='bbox 1183 2591 1336 2622; x_wconf 87' lang='lat' dir='ltr'>tenebant</span> <span class='ocrx_word' id='word_1_343' title='bbox 1357 2601 1423 2626; x_wconf 83' lang='lat' dir='ltr'>ora,</span> <span class='ocrx_word' id='word_1_344' title='bbox 1442 2588 1569 2626; x_wconf 84' lang='lat' dir='ltr'>ostium,</span> 
     </span>
     <span class='ocr_line' id='line_1_64' title="bbox 895 2640 1570 2674; baseline -0.003 -1"><span class='ocrx_word' id='word_1_345' title='bbox 895 2642 1044 2674; x_wconf 83' lang='lat' dir='ltr'>Tibridis.</span> <span class='ocrx_word' id='word_1_346' title='bbox 1105 2643 1216 2674; x_wconf 83' lang='lat' dir='ltr'>Densis</span> <span class='ocrx_word' id='word_1_347' title='bbox 1253 2640 1406 2673; x_wconf 77' lang='lat' dir='ltr'>Heinsius</span> <span class='ocrx_word' id='word_1_348' title='bbox 1434 2640 1570 2672; x_wconf 82' lang='lat' dir='ltr'>mutavit</span> 
     </span>
     <span class='ocr_line' id='line_1_65' title="bbox 895 2688 1570 2732; baseline -0.003 -9"><span class='ocrx_word' id='word_1_349' title='bbox 895 2692 929 2723; x_wconf 90' lang='lat' dir='ltr'>in</span> <span class='ocrx_word' id='word_1_350' title='bbox 966 2693 1072 2730; x_wconf 79' lang='lat' dir='ltr'>densi;</span> <span class='ocrx_word' id='word_1_351' title='bbox 1110 2694 1219 2724; x_wconf 77' lang='lat' dir='ltr'>densus</span> <span class='ocrx_word' id='word_1_352' title='bbox 1258 2691 1344 2724; x_wconf 88' lang='lat' dir='ltr'>idem</span> <span class='ocrx_word' id='word_1_353' title='bbox 1380 2689 1466 2732; x_wconf 87' lang='lat' dir='ltr'>quod</span> <span class='ocrx_word' id='word_1_354' title='bbox 1509 2688 1570 2722; x_wconf 88' lang='lat' dir='ltr'>fre-</span> 
     </span>
     <span class='ocr_line' id='line_1_66' title="bbox 897 2753 1010 2784; baseline 0 -10"><span class='ocrx_word' id='word_1_355' title='bbox 897 2753 1010 2784; x_wconf 79' lang='lat' dir='ltr'>quens,</span> 
     </span>
    </p>
   </div>
  </div>
 </body>
</html>
