1830 3220
628 182 1031 225 HALlEUTICO
1042 181 1100 224 N.

1491 184 1578 224 453

151 299 368 346 Attollat
392 305 563 363 caput,
593 307 644 347 et
667 299 805 362 vulgi
833 316 887 347 se
914 300 1142 347 venditet
1167 300 1335 346 aurae?
1511 302 1576 346 70

152 376 371 424 Celsave
397 393 556 441 quum
583 393 716 425 caeso
742 378 1011 426 decoratur
1036 385 1181 441 terga
1205 378 1369 433 leone,

152 453 319 509 Quam
343 455 587 512 tumidus,
617 463 913 518 quantoque
939 456 1076 503 venit
1102 454 1398 519 spectabilis
1424 461 1559 511 actu,

153 532 571 597 Compescatque
599 533 763 580 solum
791 550 1038 596 generoso
1065 533 1266 582 concita
1291 533 1443 598 pulsu

154 609 362 674 Ungula
387 612 482 659 sub
509 610 684 675 spoliis
712 611 928 674 graviter
956 611 1214 659 redeuntis
1242 611 1452 675 opimis:
1513 613 1575 658 74

221 687 349 743 Quae
366 689 476 737 laus
494 689 657 753 prima
670 689 900 736 Canum?
924 690 1109 752 quibus
1127 697 1206 737 est
1223 689 1437 736 audacia
1452 704 1578 753 prae-

154 765 492 831 Venandique
510 784 668 831 sagax
681 768 1104 832 vi1·tus,viresque
1123 767 1389 832 sequendi.
1417 769 1579 831 [ceps‚

154 843 280 899 Quae
308 862 441 893 nunc
469 846 613 894 elatis
640 845 885 893 rimantur
912 847 1117 894 naribus
1145 862 1309 902 auras,

156 921 224 970 Et
249 939 382 971 nunc
411 923 634 972 demisso
661 931 897 988 quaerunt
921 925 1136 988 vestigia
1160 930 1351 980 rostro3

158 999 226 1047 Et
250 1002 472 1066 produnt
497 1003 718 1050 clamore
744 1002 917 1059 feram,
946 1003 1312 1066 dominumque
1338 1004 1566 1052 vocando

158 1078 504 1145 Increpitant:
547 1097 701 1144 quem
728 1081 768 1128 si
795 1081 992 1128 collatis
1019 1079 1199 1144 effugit
1225 1081 1392 1137 armiS‚
1518 1085 1583 1129 80

158 1156 454 1222 Insequitur
465 1159 791 1223 tumulosque
803 1159 944 1208 canis
956 1175 1268 1223 camposque
1280 1176 1369 1224 per
1379 1176 1555 1208 omnes
1570 1178 1580 1209 :

158 1235 349 1285 Noster
374 1238 423 1285 in
450 1245 556 1286 arte
582 1239 724 1287 labor
750 1239 976 1304 positus;
1021 1255 1138 1303 spes
1166 1238 1329 1285 omnis
1355 1238 1406 1285 in
1432 1238 1532 1286 illa.

195 1383 248 1414 72.
268 1383 451 1424 Quantoque
464 1384 834 1425 venitspectabilisactw]

159 1433 253 1464 MSS.
277 1440 398 1464 actum:
426 1434 494 1476 pari
523 1434 640 1465 mendo
666 1445 761 1476 supra
786 1447 837 1465 ca-

158 1488 218 1514 teso
233 1494 288 1525 pro
306 1496 395 1515 creso:
421 1486 465 1515 leo
483 1495 538 1526 pro
556 1485 657 1516 leone:
681 1484 766 1515 unde
783 1484 837 1515 de-

158 1534 266 1571 cessit,
291 1534 375 1576 quod
401 1534 452 1566 hic
477 1535 631 1566 accrevit.
680 1534 838 1566 Luculen-

157 1584 280 1628 tissima
312 1591 418 1617 autem
449 1585 519 1616 haec
551 1585 671 1617 locutio
705 1591 738 1617 et
767 1596 839 1617 vere

158 1634 328 1666 Gratiana.
385 1635 604 1678 Cynegetico:
639 1639 750 1676 primns
783 1647 837 1666 ⁷12-

157 1687 324 1726 quidquam
351 1686 518 1728 offenderet
543 1693 641 1718 actus.
668 1686 709 1717 V.
766 1687 839 1717 Ma-

160 1733 227 1771 lim,
243 1742 357 1776 quauto
377 1738 481 1767 veniat
493 1749 502 1767 .·
527 1736 589 1772 vel,
606 1742 720 1778 quanto
739 1743 775 1767 ut
793 1747 839 1767 ve-

160 1786 240 1816 niat.
267 1785 386 1817 HEINS.

205 1835 257 1867 73.
285 1836 515 1878 compes-eatque
537 1836 666 1877 solum]
695 1835 785 1866 Nihil
810 1836 842 1866 in

159 1885 219 1917 hoc
236 1897 327 1918 versu
345 1887 502 1918 desidem.
540 1887 720 1918 Astericum
736 1895 843 1918 tamen

160 1935 341 1978 appositum
369 1937 494 1979 reliqui.
548 1937 600 1968 Sic
634 1943 666 1968 et
692 1938 842 1969 Lucanus

161 1986 324 2027 eleganter
339 1987 420 2018 dixit
434 2000 440 2017 :
472 1987 578 2019 Undas
598 1999 778 2028 compescere
792 1999 840 2018 re-

162 2038 227 2068 mis.
253 2038 358 2069 GEsN.
405 2038 457 2069 Ita
482 2038 575 2069 MSS.
599 2045 631 2069 et
653 2038 708 2069 Al.
725 2039 841 2078 conpis-

161 2094 270 2129 catque
310 2088 400 2119 Pith.
463 2088 694 2130 Compescatque
736 2090 842 2119 solum.

161 2137 288 2169 Thuan.
331 2137 421 2176 forte,
467 2141 683 2180 concutiatque
734 2140 841 2170 solum.

163 2188 285 2220 HmNs.

208 2239 261 2270 75.
288 2239 549 2280 Quaelnusprima
561 2238 709 2279 Canum-J
728 2238 843 2273 Canes,

164 2289 338 2332 praesertim
361 2289 512 2325 venatici,
534 2288 679 2321 similiter
702 2295 736 2319 ut
758 2289 844 2330 equi,

165 2339 299 2370 animosi
316 2339 524 2382 generosique
536 2347 608 2371 sunt
622 2352 627 2370 :
655 2350 716 2370 non
731 2339 845 2376 timidi,

164 2401 227 2421 non
243 2400 315 2421 cum
333 2389 435 2421 furore
451 2390 603 2422 audaces.
629 2390 846 2422 (iussu—Au-

165 2442 256 2472 dacia
278 2451 419 2481 praeceps.
467 2442 561 2472 Mera
581 2440 687 2472 Gratii
712 2439 846 2482 phrasis,

166 2491 206 2522 de
225 2501 304 2522 cane
321 2491 492 2532 Hyrcano:
518 2492 567 2522 sed
588 2502 718 2531 praeceps
735 2492 846 2527 virtus,

166 2546 228 2572 etc.
275 2540 418 2572 Pertinet
438 2540 498 2572 hoc
524 2540 565 2572 ad
589 2551 690 2582 genus
714 2539 846 2571 bellico-

166 2602 247 2628 sum,
262 2601 360 2634 quum
377 2598 463 2623 vorat
479 2598 607 2623 eati-emo
621 2592 673 2632 (ut
687 2590 730 2622 ibi
742 2591 845 2630 canit)

163 2653 294 2683 praeceps
319 2643 495 2672 discrimine
527 2641 658 2672 Mavors.
712 2641 766 2672 Ad
794 2652 844 2672 sa-

167 2702 274 2734 gaceS,
290 2691 376 2734 quod
391 2691 554 2733 sequitur:
586 2691 783 2732 Venandique
798 2702 845 2722 sa-

168 2754 227 2784 gas
253 2743 363 2773 virtus.
411 2741 537 2779 Quibus
561 2747 677 2772 natura
700 2753 794 2784 sagum
814 2747 846 2772 et

169 2794 291 2824 solertia
311 2794 397 2823 uaris
417 2792 457 2823 ab
479 2791 589 2823 eodem
612 2791 793 2823 attribuitur
812 2792 844 2822 in

909 1385 1033 1426 Cyneg.
1079 1384 1221 1415 Tertium
1243 1394 1343 1425 genus
1368 1383 1488 1415 faciunt
1507 1384 1585 1416 illa:

910 1436 1044 1475 viresque
1067 1435 1231 1474 sequemii;
1257 1433 1296 1464 de
1321 1444 1382 1475 quo
1406 1433 1438 1464 in
1463 1435 1589 1476 Cyneg.

909 1484 949 1515 ad
967 1496 996 1516 v.
1012 1484 1087 1514 200.
1103 1483 1230 1515 videsis.
1276 1484 1328 1515 De
1347 1484 1447 1515 tribus
1468 1483 1516 1515 his
1534 1496 1590 1527 ge-

909 1534 1036 1565 neribus
1053 1545 1150 1576 quum
1167 1534 1212 1565 ita
1227 1533 1376 1565 distincte
1393 1533 1443 1565 hic
1465 1541 1590 1577 agatur,

910 1583 982 1626 quis
997 1590 1157 1615 auctorem
1175 1595 1237 1614 non
1253 1583 1424 1625 agnoscit?
1463 1584 1590 1629 Nempe

909 1635 1012 1677 ipsum
1030 1635 1176 1667 Gratium
1193 1647 1201 1673 ;
1223 1634 1278 1677 qui
1295 1634 1416 1677 primus
1430 1635 1513 1667 inter
1528 1637 1590 1669 La-

909 1685 991 1716 tinos
1020 1685 1135 1728 triplex
1164 1695 1280 1716 canum
1311 1695 1411 1726 genus
1440 1684 1590 1718 instituit.

910 1735 1010 1767 Vm‘r.

956 1786 1008 1817 77.
1035 1785 1173 1816 Naribus
1189 1785 1315 1826 auras]
1343 1785 1459 1816 Noster
1475 1784 1507 1816 in
1524 1785 1589 1829 Cy-

913 1847 985 1877 neg.
1002 1846 1083 1867 vers.
1103 1837 1180 1867 239.
1199 1836 1320 1866 celsisve
1342 1836 1507 1875 adprensat
1532 1848 1588 1868 mz—

912 1887 996 1917 ribus
1014 1897 1119 1917 auras.
1166 1884 1230 1916 Ubi
1254 1890 1284 1916 et
1305 1884 1388 1916 hunc
1409 1884 1514 1916 locum
1534 1897 1589 1918 ex-

911 1935 1021 1978 plicui,
1040 1946 1111 1977 pag.
1131 1936 1204 1966 195.
1229 1935 1334 1966 Inmu.

957 1985 1009 2016 79.
1046 1985 1088 2016 Et
1120 1987 1255 2024 produnt
1294 1985 1425 2014 clamore
1447 1984 1586 2026 seram]

914 2036 1067 2078 Loquitur
1078 2035 1162 2066 enirn
1179 2035 1230 2066 hic
1246 2035 1286 2066 de
1301 2034 1434 2066 canibus
1447 2035 1591 2077 agmina-

912 2085 968 2116 tim
1001 2085 1240 2127 indagantibus,
1270 2085 1324 2126 qui
1361 2095 1423 2115 non
1459 2085 1590 2127 quidem

912 2147 1035 2179 semper
1060 2138 1130 2179 ἅμα
1161 2136 1269 2175 ὑλακὴ
1300 2134 1483 2173 διαθέοντες
1509 2136 1591 2167 indi-

913 2187 1030 2218 stincte
1060 2194 1092 2219 et
1119 2186 1336 2218 indesinenter
1364 2187 1503 2226 latrant;
1536 2187 1593 2218 sed

914 2242 980 2268 tum
1004 2237 1144 2274 demum,
1165 2247 1263 2279 quum
1290 2235 1331 2266 ad
1353 2235 1459 2266 cubile
1483 2247 1593 2279 perve-

915 2292 1041 2322 nerunt,
1062 2286 1316 2328 Clanzoreferum
1332 2287 1477 2325 produnt.
1523 2286 1595 2318 Hoc

915 2343 973 2374 est,
999 2336 1085 2379 quod
1115 2336 1270 2379 expressit
1297 2337 1392 2367 Maro
1418 2338 1450 2367 in
1476 2337 1595 2380 Georg.

915 2387 960 2418 iii.
977 2388 1059 2418 411:
1090 2388 1264 2418 Vocatubris
1286 2389 1387 2428 pulsos
1409 2388 1595 2419 silvestribus

915 2450 1002 2479 apros
1019 2438 1154 2469 Latratu
1172 2439 1308 2468 turbabis
1324 2449 1427 2480 agens,
1442 2442 1504 2468 etc.

960 2489 1013 2519 80.
1040 2487 1165 2531 Effugit
1189 2487 1311 2528 armis]
1340 2487 1373 2517 Si
1401 2486 1467 2518 fera
1491 2487 1594 2519 domi-

915 2550 991 2570 num
1007 2538 1167 2581 effugerit.
1192 2538 1300 2569 GESN.
1340 2537 1443 2567 Locus
1464 2537 1596 2569 mendo-

915 2601 987 2621 sus:
1014 2595 1103 2631 puto,
1114 2601 1177 2630 qua’
1189 2591 1214 2620 si
1229 2589 1348 2620 collutis
1360 2586 1471 2630 effitgit
1485 2590 1594 2620 armis.-

916 2647 951 2672 ut
967 2640 1008 2671 ad
1024 2639 1122 2671 feram
1138 2639 1305 2670 referatur.
1331 2639 1373 2669 H.

960 2692 1014 2721 82.
1039 2690 1079 2721 In
1099 2696 1166 2721 arte
1189 2689 1304 2730 labora]
1336 2689 1410 2720 Non
1433 2689 1519 2730 quod
1541 2700 1594 2721 ve-

915 2740 1004 2772 natio
1018 2739 1173 2782 pedestris
1187 2739 1219 2770 in
1235 2738 1353 2771 viribus
1369 2738 1481 2780 magis,
1498 2750 1596 2781 quam

915 2798 981 2822 arte
1001 2790 1152 2822 consistat
1163 2803 1172 2829 3
1196 2789 1252 2821 sed
1269 2789 1344 2831 quia
1361 2789 1452 2820 initio
1471 2802 1594 2832 παρεκ-
