1830 3220
647 188 1079 232 CONSOLATIO.

1496 193 1583 236 429

152 304 323 369 Dique
348 306 509 353 latent
535 307 741 370 templis
764 325 773 362 ;
805 323 971 371 neque
992 308 1170 372 iniqua
1190 309 1253 356 ad
1273 309 1451 359 funera
1472 312 1577 359 vul-

219 383 486 439 Praebent3
530 401 623 432 nec
652 393 872 448 poscunt
898 392 1011 433 tura
1036 386 1244 436 ferenda
1270 404 1406 452 rogo.
1472 391 1577 453 [tus

149 462 411 511 Obscuros
437 463 650 511 delubra
674 470 879 512 tenent:
922 466 1081 529 pudet
1107 482 1193 513 ora
1218 467 1477 516 colentum

217 540 515 606 Adspicere,
545 542 744 589 invidiae
772 559 926 606 quam
953 560 1182 592 meruere
1209 554 1366 595 metu.

1484 550 1577 596 190

147 618 321 684 Atque
343 620 526 684 aliquis
553 621 617 668 de
645 621 794 685 plebe
822 621 936 686 pius
963 639 1054 687 pro
1083 640 1307 689 paupere
1334 634 1451 674 nato

218 697 507 747 Sustulerat
532 699 737 747 timidas
759 700 926 748 sidera
952 702 1013 749 ad
1042 703 1144 750 alta
1170 720 1348 752 manus
1370 722 1379 752 :

145 776 368 841 Jamque
396 786 722 842 precaturus:
767 785 796 803 ‘⁶
820 780 942 843 quid
970 797 1064 844 ego
1092 789 1261 830 autem
1288 783 1577 841 credulus,”

218 863 248 880 ‘⁴
280 856 567 922 Suscipiam
595 858 645 904 in
671 858 836 906 nullos
863 858 1001 906 irrita
1025 867 1141 907 vota
1167 860 1341 908 Deos?
1370 862 1574 926 [inquit,

149 934 304 991 Livia,
332 952 432 983 non
459 936 570 984 illos
597 953 686 1001 pro
714 936 883 984 Druso
912 936 1053 986 Livia
1078 939 1262 988 movit:

1482 943 1574 989 195

217 1014 325 1062 Nos
352 1014 540 1062 erimus
566 1031 751 1078 magno
779 1015 1002 1064 maxima
1027 1033 1149 1065 cura
1172 1017 1285 1066 Jovi
1303 1019 1352 1066 ?''

150 1093 323 1142 Dixit:
365 1102 417 1142 et
442 1095 598 1142 iratus
624 1102 741 1143 vota
765 1095 1062 1160 insuscepta
1086 1097 1319 1161 reliquit;

217 1172 537 1238 Duravitque
564 1174 802 1229 animum,
831 1174 1167 1239 destituitque
1193 1192 1388 1240 preces.

150 1252 317 1301 Obvia
340 1254 489 1302 turba
514 1253 640 1310 ruit;
684 1253 1010 1318 lacrimisque
1037 1255 1318 1318 rigantibus
1345 1273 1433 1305 ora

217 1332 457 1380 Consulis
484 1332 647 1396 erepti
674 1332 881 1397 publica
906 1333 1094 1381 damna
1120 1334 1287 1382 refert.

1475 1340 1574 1385 200

149 1411 404 1459 Omnibus
430 1411 566 1459 idem
594 1411 756 1467 oculi;
799 1427 890 1476 par
915 1420 994 1459 est
1018 1414 1289 1462 concordia
1313 1415 1486 1463 flendi.

215 1489 428 1538 Funeris
454 1489 717 1554 exsequiis
744 1490 988 1538 adsumus
1014 1491 1178 1540 omnis
1207 1492 1399 1558 Eques.

147 1568 329 1617 Omnis
356 1569 504 1617 adest
524 1576 677 1617 aetas:
710 1577 926 1618 moerent
943 1571 1262 1635 juvenesque
1289 1589 1570 1638 senesque;

214 1647 456 1696 Ausoniae
482 1655 689 1705 matres,
718 1647 1063 1713 Ausoniaeque
1090 1666 1262 1699 nurus.

145 1726 486 1791 Auctorisque
513 1726 586 1774 sui
617 1725 879 1791 praefertur
904 1727 1121 1791 imagine
1148 1737 1344 1788 moesta,

1475 1733 1572 1779 205

214 1806 341 1862 Quae
366 1807 548 1855 victrix
575 1805 780 1871 templis
805 1807 980 1855 debita
1003 1808 1174 1856 laurus
1201 1817 1325 1857 erat.

148 1887 326 1935 Certat
350 1903 478 1934 onus
504 1886 624 1934 lecti
651 1902 896 1950 generosa
921 1886 1091 1936 subire
1110 1889 1370 1952 juventus,

215 1965 283 2013 Et
309 1966 482 2014 studet
507 1964 671 2013 officio
698 1965 876 2013 sedula
900 1966 1032 2014 colla
1056 1967 1193 2015 dare.

146 2043 215 2093 Et
238 2061 363 2093 voce
387 2052 440 2093 et
463 2043 684 2093 lacrimis
710 2045 946 2102 laudasti,
976 2045 1165 2103 Caesar,
1194 2048 1481 2107 alumnum3

212 2123 399 2172 Tristia
424 2140 581 2188 quum
607 2123 806 2172 medius
832 2133 1092 2190 rumperet
1117 2142 1231 2174 orsa
1256 2126 1414 2175 dolor.
1472 2130 1572 2176 210

194 2313 265 2343 190.
278 2311 420 2348 Invidiae,
436 2323 526 2352 quam
540 2321 688 2347 meruere,
706 2310 821 2352 metm]

147 2364 223 2394 Non
243 2361 344 2404 ignari
361 2367 520 2403 quantum
538 2361 571 2391 in
589 2360 676 2403 ipsos
695 2360 824 2392 invidiae

146 2419 211 2444 tam
224 2413 339 2444 acerba
355 2411 453 2443 Drusi
466 2422 550 2442 mors
562 2411 648 2453 apud
659 2411 825 2442 Romanos

147 2463 263 2495 debeat
278 2462 423 2494 incitare.
444 2471 454 2479 *

189 2514 268 2545 200.
295 2513 437 2544 Consulis
457 2514 551 2553 erepti
568 2513 691 2552 publica
712 2513 825 2542 damna

147 2564 271 2608 refert]
303 2565 478 2595 Enumerat
505 2563 723 2605 issacrymam,
747 2567 826 2604 quot

145 2621 330 2658 quantaque
346 2614 549 2656 Reipublicae
567 2615 652 2645 bona
670 2614 823 2650 Consulis,

147 2666 181 2698 id
208 2670 257 2697 est
284 2664 397 2702 Drusi,
423 2665 523 2696 letum
539 2663 701 2695 inviderit.
751 2663 822 2694 Nec

144 2717 213 2748 sine
235 2721 341 2747 mente
367 2716 551 2756 Reipublicae
576 2714 673 2745 dixit:
699 2713 824 2756 prolata

145 2767 230 2798 enim
246 2772 305 2804 est,
319 2765 475 2797 aTiberio
491 2765 598 2801 fratre,
609 2764 708 2795 Drusi
720 2762 823 2806 Epist.

146 2821 165 2833 ‘⁶
191 2827 256 2859 qua
279 2826 398 2852 secum,
421 2815 528 2857 inquit
556 2815 687 2846 Sueton.
715 2813 823 2844 Tiber.

895 2313 948 2343 50.
963 2311 1003 2342 de
1021 2311 1166 2353 cogendo
1186 2314 1226 2343 ad.
1239 2313 1461 2344 restituendam
1481 2315 1571 2345 liber-

895 2368 987 2393 tatem
1000 2362 1149 2404 Augusto
1166 2363 1318 2404 agebat.’'
1353 2363 1441 2401 Quid
1456 2364 1571 2396 mirum

894 2417 993 2443 nunc,
1011 2406 1095 2448 quod
1112 2407 1234 2438 incerto
1249 2407 1357 2438 mortis
1372 2418 1500 2450 genere,
1517 2410 1572 2440 tri-

894 2456 984 2499 ginta
999 2458 1052 2488 vix
1074 2468 1174 2489 annos
1194 2465 1300 2495 natus,
1321 2469 1338 2490 e
1358 2458 1441 2490 vivis
1456 2469 1568 2491 exces-

893 2507 988 2539 serit!

938 2559 1016 2590 209.
1032 2559 1073 2589 Et
1087 2570 1155 2590 voce
1170 2565 1199 2590 et
1215 2560 1362 2596 lacrimis,
1376 2559 1456 2601 etc.]
1477 2563 1498 2576 “
1513 2559 1571 2591 Vi-

894 2620 970 2640 vum
1000 2615 1165 2652 tantopere
1196 2609 1309 2641 dilexit
1332 2610 1510 2650 Augustus,
1535 2615 1571 2640 ut

892 2658 1083 2690 coheredem
1113 2670 1237 2701 semper
1276 2659 1349 2690 filiis
1387 2659 1570 2696 instituerit,

893 2710 975 2741 sicut
988 2711 1150 2752 quondam
1166 2710 1200 2741 in
1210 2715 1323 2741 senatu
1336 2709 1493 2752 professus
1503 2716 1551 2741 est
1563 2722 1572 2750 3

892 2767 925 2792 et
953 2760 1144 2792 defunctum
1173 2760 1219 2791 ita
1242 2771 1299 2802 pro
1323 2759 1476 2791 concione
1501 2760 1570 2792 lau-

894 2810 994 2847 davit,
1011 2816 1047 2842 ut
1062 2811 1152 2843 Deos
1170 2816 1320 2853 precatus
1339 2810 1391 2848 sit,
1408 2810 1527 2843 similes
1542 2810 1571 2842 ei
