1830 3220
595 194 944 237 FASTORUM
979 196 1100 238 LIB.
1136 198 1173 238 Ι.

190 307 417 357 Flamma
442 308 603 358 nitore
631 327 723 358 suo
749 312 1053 377 templorum
1079 314 1312 362 verberat
1337 331 1531 373 aurum,

255 386 322 434 Et
346 388 618 436 tremulum
646 406 843 438 summa
868 392 1062 456 spargit
1087 392 1137 439 in
1168 393 1277 441 aede
1296 395 1463 457 jubar.

184 464 426 514 Vestibus
453 465 657 514 intactis
685 466 925 532 Tarpeias
952 469 1052 517 itur
1076 470 1126 517 in
1156 486 1327 519 arces:

251 542 320 590 Et
344 545 563 608 populus
589 544 721 593 festo
747 548 983 594 concolor
1008 547 1118 612 ipse
1145 565 1236 596 suo
1263 556 1358 597 est.

1537 554 1601 598 80

181 619 402 685 Jamque
421 622 537 670 novi
559 631 789 687 praeeunt
807 624 996 683 fasces;
1026 642 1156 673 nova
1174 643 1398 691 purpura
1411 626 1595 692 fulget3

251 698 320 746 Et
344 716 474 747 nova
496 701 828 765 conspicuum
855 703 1083 767 pondera
1108 704 1265 751 sentit
1290 705 1430 752 ebur.

182 775 330 824 Colla
354 778 505 826 rudes
532 795 745 843 operum
771 782 1001 845 praebent
1025 781 1253 831 ferienda
1271 783 1493 846 juvenci,

247 854 388 909 Quos
415 855 540 904 aluit
564 858 760 922 campis
785 858 947 907 herba
974 859 1173 908 Falisca
1205 860 1326 908 suis.

180 931 400 997 Jupiter,
428 951 543 983 arce
569 952 661 984 sua
687 943 848 985 totum
874 954 1033 1002 quum
1061 946 1262 1003 spectet
1286 939 1336 986 in
1361 940 1553 995 orbem,

249 1010 336 1059 Nil
361 1012 457 1060 nisi
483 1012 791 1072 Romanum,
822 1017 962 1079 quod
988 1024 1206 1074 tueatur,
1234 1017 1405 1066 habet.
1537 1021 1599 1066 86

181 1088 349 1146 Salve,
377 1091 495 1139 laeta
519 1092 644 1149 dies,
673 1092 954 1157 meliorque
981 1102 1230 1147 revertere
1257 1111 1476 1160 semper,

246 1167 293 1215 A
318 1170 507 1234 populo
533 1188 701 1219 rerum
727 1173 882 1236 digna
907 1180 1116 1237 potente
1142 1173 1257 1222 coli.

180 1244 347 1301 Quem
372 1255 542 1296 tamen
569 1266 683 1298 esse
706 1250 875 1299 Deum
900 1258 952 1299 te
977 1252 1163 1308 dicam,
1185 1251 1215 1298 J
1221 1267 1316 1299 ane
1335 1251 1597 1299 biformis?

248 1324 383 1373 Nam
407 1326 500 1374 tibi
525 1344 616 1392 par
641 1329 836 1377 nullum
864 1329 1068 1378 Graecia
1093 1346 1282 1378 numen
1309 1330 1480 1378 habet.
1534 1332 1600 1377 90

215 1434 268 1465 79.
280 1434 360 1466 Inde
377 1435 417 1466 ab
433 1445 516 1467 anno
532 1436 575 1468 U.
591 1437 630 1469 C.
642 1437 717 1468 601.
733 1448 796 1479 quo
809 1439 851 1476 Q.

175 1484 306 1515 Fulvius
332 1484 490 1522 Nobilior,
514 1485 552 1516 T.
571 1486 699 1518 Annius
726 1488 852 1518 Luscus

171 1532 333 1575 designati
346 1534 504 1572 consules,
518 1535 595 1567 Kal.
604 1536 625 1568 J
628 1546 681 1566 an.
691 1535 851 1578 frequenti

174 1583 293 1625 populo
310 1584 465 1622 comitati,
482 1584 723 1617 adscendebant
736 1587 769 1617 in
785 1587 850 1618 Ca-

173 1633 334 1675 pitolium,
362 1634 524 1677 sacrisque
553 1635 708 1667 faciendis
736 1638 756 1669 J
760 1647 853 1668 ovem

175 1682 393 1715 conciliabant
418 1684 618 1727 reipublicae.
665 1685 783 1717 Confer
807 1685 853 1717 iii.

179 1734 262 1773 1473
284 1734 346 1766 IV.
361 1745 400 1766 ex
415 1736 519 1766 Ponto
535 1735 577 1766 iv.
587 1736 740 1775 23—32;
763 1742 795 1766 et
809 1735 851 1767 ix.

173 1783 248 1815 init.
267 1784 323 1815 ubi
343 1784 457 1816 eadem
478 1785 553 1822 sere,
570 1796 641 1827 quae
666 1785 729 1822 hic,
746 1786 852 1817 verba.

173 1834 268 1865 Aroes
290 1833 392 1876 poetis
415 1840 448 1865 et
470 1842 605 1872 montes,
620 1840 654 1866 et
676 1835 797 1878 templa
818 1835 851 1867 in

172 1883 334 1915 montibus
350 1884 464 1926 posita.
489 1883 631 1920 Intactis,
648 1885 746 1927 puris.
772 1885 850 1916 Con-

173 1934 266 1970 color,
281 1933 428 1966 candidis
443 1935 596 1972 vestibus,
612 1946 683 1977 quae
701 1935 850 1973 candido,

172 1983 206 2014 id
220 1989 280 2021 est,
295 1983 369 2015 laeto
385 1984 450 2015 diei
465 1985 682 2024 conveniunt3
698 1986 740 2016 V.
755 1985 850 2017 Trist.

173 2045 203 2065 v.
219 2035 253 2065 6.
271 2034 385 2066 eadem
401 2034 498 2066 vestis
512 2035 599 2071 alba,
617 2046 690 2078 quae
712 2041 777 2067 toto
797 2046 849 2067 su-

172 2084 271 2117 mitur
288 2096 383 2122 anno,
398 2087 528 2117 discolor
533 2087 619 2128 fatis
634 2092 736 2128 poetae
754 2096 849 2117 voca-

174 2140 239 2166 tur.
264 2135 429 2175 Purpura,
448 2136 507 2166 etsi
523 2146 561 2167 ea
574 2135 717 2167 omnium
733 2135 850 2176 magis-

173 2190 313 2216 tratuum
352 2190 426 2227 toga
468 2191 636 2227 praetexta,
675 2185 852 2218 consularis

172 2239 280 2265 tamen
316 2235 515 2277 potissimum
549 2235 715 2277 dignitatis
753 2235 852 2267 decus

171 2284 365 2316 habebatur.
427 2284 564 2322 Plinius,
598 2296 676 2328 pan.
707 2285 787 2317 lviii.
817 2287 850 2317 5.

171 2338 193 2352 “
206 2345 365 2367 summum
388 2345 537 2377 purpurae
558 2334 685 2366 decus''
705 2335 850 2366 consula-

172 2390 236 2422 tus,
249 2389 282 2416 et
301 2384 358 2415 lix.
373 2386 405 2415 2.
420 2389 441 2402 “
458 2384 591 2416 induere
612 2390 798 2428 praetextarn
820 2390 854 2416 et

173 2433 343 2466 ascendere
366 2434 544 2471 curulem,''
560 2445 685 2466 sumere
705 2434 851 2466 consula—

173 2489 252 2515 tum.
301 2485 455 2522 Pondera,
485 2485 554 2526 ipse
591 2485 702 2516 consul
739 2484 852 2516 sellam

170 2533 317 2565 curulem
333 2544 492 2576 premens.

219 2584 274 2615 83.
300 2583 407 2614 Rudes
423 2594 558 2623 operum,
575 2582 630 2625 qui
647 2582 787 2614 nondum
799 2582 852 2624 ju-

175 2643 250 2675 gum
290 2632 425 2664 subiere.
473 2632 613 2663 Faliscus
651 2642 737 2675 ager,
769 2631 854 2662 circa

174 2683 325 2719 Falerios,
357 2682 491 2714 Etruriae
521 2682 686 2725 oppidum,
715 2681 853 2713 victimis

175 2731 346 2774 pascendis
364 2731 501 2764 dicatus.
547 2731 688 2764 Candidi
703 2731 788 2763 enim
800 2731 852 2773 ju-

176 2781 266 2813 venci
288 2787 343 2813 aut
357 2782 457 2814 boves
473 2782 504 2813 in
525 2781 624 2813 sacris
644 2782 854 2824 praefereban-

225 2831 325 2863 VOL.
349 2831 391 2863 V.

921 1443 990 1478 tur3
1029 1438 1186 1470 Clitumni
1224 1444 1331 1469 autem
1370 1437 1473 1469 amnis
1517 1448 1601 1480 aqua

922 1494 1033 1530 potata
1048 1488 1203 1519 candidos
1218 1488 1315 1519 boves
1335 1487 1465 1518 reddere
1488 1488 1598 1519 crede-

920 1538 1035 1576 batur3
1059 1537 1193 1573 Plinius,
1219 1537 1252 1568 ii.
1272 1538 1345 1568 103.
1392 1539 1467 1573 Ara,
1488 1537 1600 1568 domus

920 1587 1010 1620 Jovis
1024 1587 1058 1618 in
1073 1598 1196 1618 summo
1212 1587 1306 1623 coelo,
1324 1587 1459 1618 Metam.
1476 1587 1498 1617 i.
1526 1588 1599 1618 163.

922 1637 1006 1668 unde
1022 1636 1159 1678 despicit
1174 1644 1273 1668 terras
1287 1649 1294 1675 3
1319 1636 1466 1678 Virgilio,
1488 1637 1562 1667 AEn.
1578 1637 1598 1667 i.

922 1688 998 1718 223.
1046 1686 1152 1718 Possis
1167 1692 1276 1718 tamen
1295 1686 1490 1729 Capitolium
1504 1686 1601 1718 intel-

920 1736 1031 1777 ligere,
1059 1736 1092 1767 in
1120 1736 1205 1778 quod
1232 1736 1361 1778 Jupiter
1390 1735 1445 1767 illo
1474 1735 1537 1772 die,
1566 1743 1601 1767 ut

920 1786 1020 1816 sacris
1063 1786 1128 1816 suis
1172 1786 1348 1822 interesset,
1389 1785 1600 1816 descenderit.

921 1835 1072 1877 Namque
1097 1835 1127 1865 1.
1143 1835 1239 1866 Trist.
1257 1847 1287 1866 v.
1301 1836 1355 1867 69.
1370 1834 1467 1866 etiam
1492 1835 1598 1865 Roma

920 1889 940 1902 “
953 1884 993 1915 de
1010 1891 1132 1927 septem
1145 1890 1245 1915 totum
1262 1884 1480 1926 circumspicit
1491 1885 1599 1915 orbem

919 1935 1122 1967 Montibus.”
1140 1936 1219 1966 Mox
1232 1934 1401 1977 imperium
1416 1934 1597 1965 Romanum

919 1985 1054 2027 superbe
1076 1984 1351 2026 circumloquitur‚
1370 1985 1426 2015 Nil
1442 1986 1514 2021 nisi,
1533 1990 1597 2015 etc.

919 2034 952 2065 ii.
980 2035 1054 2065 138.
1078 2034 1340 2076 “Quodcunque
1369 2039 1418 2065 est
1446 2033 1510 2065 alto
1540 2034 1598 2064 sub

919 2086 1012 2122 Jove,
1030 2084 1140 2116 Caesar
1164 2085 1294 2116 habet.¹'
1344 2085 1470 2121 Melior,
1487 2084 1600 2115 laetior.

921 2135 1038 2165 Rerum
1048 2141 1188 2175 potente:
1202 2135 1339 2165 Metam.
1354 2134 1387 2165 ii.
1397 2135 1473 2166 259.
1490 2139 1508 2151 ‘⁴
1522 2134 1601 2165 Cui-

920 2195 983 2226 que
1000 2184 1059 2216 fuit
1075 2195 1179 2216 rerum
1196 2183 1348 2226 promissa
1370 2184 1524 2226 potentia,
1541 2183 1597 2214 Ti-

919 2234 1019 2271 bris,’³
1035 2233 1205 2276 imperium
1222 2233 1306 2265 orbis
1323 2239 1489 2265 terrarum.
1536 2233 1598 2264 Re-

920 2296 991 2316 rum
1018 2290 1148 2315 rectores
1175 2283 1278 2315 Rutil.
1302 2283 1378 2315 Itin.
1399 2283 1423 2314 i.
1444 2285 1520 2315 555.
1544 2282 1599 2314 ubi

921 2334 986 2365 vid.
1002 2333 1201 2365 VVernsdorf.

966 2384 1018 2415 89.
1043 2384 1158 2420 Locus,
1175 2383 1230 2425 qui
1251 2383 1394 2424 sequitur
1413 2383 1510 2425 paulo
1530 2382 1599 2413 lon-

921 2433 999 2475 gior,
1024 2434 1102 2464 Ja-ni
1124 2434 1341 2475 mythologiam
1364 2431 1598 2474 complectitur„

922 2483 974 2514 De
1004 2493 1056 2519 ea,
1083 2494 1183 2525 quum
1212 2482 1291 2514 satis
1321 2488 1403 2513 esset
1433 2481 1598 2524 impedita,

917 2533 985 2575 jam
1010 2532 1204 2574 antiquiores
1231 2532 1371 2563 Romani
1394 2542 1511 2573 magna
1535 2531 1599 2562 dis-

922 2582 1065 2614 sentione
1089 2582 1308 2625 disputabant,
1325 2593 1425 2624 quum
1450 2581 1505 2613 alii
1529 2592 1599 2613 eam

923 2643 960 2664 ex
975 2632 1102 2664 historia
1111 2632 1318 2675 explicarent,
1331 2630 1383 2662 alii
1398 2642 1435 2663 ex
1448 2630 1599 2673 physicis,

923 2682 1007 2714 Vide
1022 2681 1240 2718 Macrobium,
1256 2682 1311 2713 Sat
1326 2681 1346 2712 i.
1361 2683 1391 2713 9.
1407 2687 1438 2712 et
1456 2692 1472 2712 e
1489 2690 1597 2711 recen-

923 2732 1055 2764 tioribus
1075 2732 1236 2774 Heynium
1253 2733 1286 2762 in
1309 2731 1388 2762 Exc.
1406 2731 1446 2761 V.
1464 2729 1504 2760 ad
1518 2730 1597 2760 AEn.

924 2781 977 2813 vii.
1023 2782 1073 2812 Ac
1095 2781 1147 2812 hic
1168 2781 1295 2823 quidem
1316 2781 1390 2812 Jani
1414 2779 1597 2820 religionem

1057 2830 1083 2861 C
