1830 3220
553 210 630 251 FA
640 208 849 250 STORU
860 208 903 249 M
938 207 1059 249 LlB.
1094 208 1150 249 V.

1476 208 1562 249 287

150 327 465 374 Addiderant
491 326 682 374 animos
712 325 1010 372 Crassorum
1036 323 1212 372 funera
1238 323 1391 386 genti,

218 404 387 459 Quum
413 403 562 468 periit
588 404 749 458 mileS‚
779 402 1026 466 signaque
1051 403 1263 465 duxque
1289 402 1454 449 simul.

151 481 322 544 Signa,
350 482 506 529 decus
533 481 669 536 belli,
699 479 918 527 Parthus
947 480 1181 527 Romana
1206 480 1440 535 tenebat;
1467 483 1564 528 585

220 559 565 621 Romanaeque
591 557 774 620 aquilae
802 557 1008 618 signifer
1034 557 1192 604 hostis
1219 564 1340 605 erat.

152 635 307 699 Isque
334 636 496 700 pudor
522 634 793 682 mansisset
818 635 1002 691 adhuc,
1031 634 1127 681 nisi
1152 634 1364 681 fortibus
1394 635 1542 682 armis

220 712 438 760 Caesaris
464 712 704 759 Ausoniae
732 719 1112 776 protegerentur
1138 729 1276 776 opes,

152 789 245 838 Ille
270 798 413 838 notas
440 799 653 846 veteres,
682 797 732 836 et
758 790 894 852 longi
921 790 1144 838 dedecus
1171 791 1260 837 aevi

223 869 468 916 Sustulit:
511 875 758 931 agnorunt
784 868 929 931 signa
953 877 1160 933 recepta
1186 885 1319 916 suos.
1470 871 1567 915 590

154 945 290 1001 Quid
316 947 405 994 tibi
432 963 562 994 nunc
592 945 751 993 solitae
779 947 911 994 mitti
938 954 1053 1010 post
1078 955 1221 1010 terga
1246 947 1458 1009 sagittae,

223 1023 357 1078 Quid
383 1024 510 1080 loca,
540 1023 661 1087 quid
690 1023 849 1087 rapidi
878 1024 1065 1088 profuit
1090 1041 1210 1071 usus
1237 1024 1372 1087 equi,

153 1100 376 1149 Parthe?
403 1101 557 1150 refers
586 1100 810 1164 aquilas:
841 1101 1001 1149 victos
1023 1118 1228 1166 quoque
1254 1100 1466 1165 porrigis
1493 1116 1567 1148 ar-

225 1178 443 1242 Pignora
462 1181 566 1243 jam
595 1178 752 1225 nostri
780 1179 915 1226 nulla
942 1179 1146 1243 pudoris
1173 1179 1348 1227 habes,

1425 1180 1565 1241 [cus:

156 1256 273 1305 Rite
300 1258 395 1305 deo
429 1257 778 1321 templumque
806 1256 997 1313 datum,
1026 1273 1314 1320 nomenque
1340 1256 1418 1304 bis
1445 1256 1566 1312 ulto,

224 1335 291 1382 Et
317 1336 522 1383 meritus
549 1335 676 1382 votis
702 1335 876 1382 debita
902 1336 1048 1383 solvit
1073 1336 1248 1383 honos.

1471 1336 1567 1382 596

159 1412 384 1461 Solemni
412 1414 557 1461 ludos
584 1412 717 1460 circo
743 1413 1015 1469 celebrate,
1045 1412 1296 1467 Quirites:

225 1491 340 1539 Non
366 1493 473 1540 visa
498 1499 576 1540 est
600 1490 780 1539 fortem
808 1508 963 1540 scena
987 1491 1168 1539 decere
1196 1490 1365 1538 deum.

156 1656 265 1686 Parthi
280 1657 361 1696 equis
379 1655 539 1686 metuendi
557 1667 595 1688 ae
611 1659 741 1699 sagittis,
759 1655 828 1698 qui-

155 1705 214 1735 bus
229 1715 246 1736 e
265 1704 415 1736 simulata
435 1705 510 1745 fuga
528 1712 608 1737 retro
629 1706 743 1742 missis,
760 1705 829 1735 hos-

156 1760 218 1784 tem
235 1755 362 1785 incaute
377 1762 619 1795 persequentem
636 1755 830 1791 obruebant;

157 1804 319 1839 Horatius,
336 1805 362 1835 I.
376 1803 439 1835 Od.
457 1803 521 1835 xix.
544 1807 576 1835 11
594 1817 601 1844 ς
626 1805 673 1836 11.
690 1804 753 1835 Od.
766 1803 832 1835 xiii.

161 1855 220 1893 173
243 1853 403 1889 Justinus,
431 1853 488 1884 xli.
511 1856 542 1885 ⁶2.
592 1856 699 1894 Campi
723 1863 830 1884 eorum

158 1903 304 1935 immensi
328 1908 360 1934 et
381 1903 471 1945 equis
497 1903 630 1940 alendis,
658 1910 689 1934 et
713 1902 832 1945 praeliis

158 1953 360 1996 equestribus
404 1952 639 1984 committendis
680 1952 829 1983 inservie-

157 2004 245 2035 bant.
271 2002 564 2045 C1·assoi·11m,patris
576 2010 607 2034 et
619 2003 674 2033 filii
688 2014 696 2042 3
709 2002 829 2037 Florus,

155 2053 200 2085 iii.
221 2054 256 2084 ll
273 2066 278 2084 :
306 2058 325 2070 ‘³
343 2052 512 2095 Cupiditas
529 2053 643 2089 Crassi,
660 2053 736 2083 dum
754 2052 828 2082 Par-

155 2102 243 2134 thico
264 2102 366 2133 inhiat
388 2112 474 2138 aur0,
494 2101 639 2133 undecim
658 2108 762 2142 strage
786 2101 829 2132 le-

156 2152 284 2194 gionum
297 2158 329 2183 et
344 2151 442 2194 ipsius
452 2151 556 2193 capite
573 2151 709 2182 multata
724 2155 831 2181 est.—

160 2202 274 2233 Filium
285 2201 376 2232 ducis
393 2212 482 2242 paene
495 2201 527 2231 in
543 2207 718 2243 conspectu
734 2199 831 2242 patris

158 2251 229 2282 telis
258 2251 446 2293 operuere-’¹
506 2250 662 2286 justinus,
693 2250 761 2281 xlii.
793 2251 829 2280 4:

156 2305 177 2319 ‘¹
194 2301 316 2332 Orodes
340 2300 489 2331 Crassum
514 2299 734 2342 imperatorem
759 2310 831 2330 cum

159 2350 223 2381 filio
246 2356 277 2381 et
302 2349 387 2380 omni
414 2349 555 2380 exercitu
580 2349 723 2380 Romano
747 2349 833 2379 dele-

158 2400 236 2431 vit.’'
283 2400 310 2430 E
339 2398 435 2441 signis
470 2399 659 2430 militaribus
697 2398 836 2430 maxima

159 2451 267 2480 decora
297 2454 386 2479 erant
414 2449 523 2489 aqnz'lae
553 2455 710 2490 argenteae
737 2448 833 2489 legio-

161 2509 248 2529 num.
295 2498 414 2533 Pudor,
433 2497 515 2528 idem
539 2497 622 2539 quod
645 2508 718 2528 mox
739 2503 833 2535 nota,-

165 2547 301 2585 Plinius‚
317 2557 430 2590 paneg.
445 2547 506 2579 xci.
517 2549 548 2578 2.
562 2553 663 2578 notam
673 2549 835 2587 pudorem-

162 2609 218 2639 que
233 2596 411 2640 conjungit.

208 2648 284 2679 589.
326 2646 431 2682 Notas,
470 2645 671 2687 ignominias,
715 2652 837 2684 veteres,

163 2709 235 2740 quae
258 2708 314 2740 per
335 2697 464 2738 triginta
484 2696 622 2738 amplius
642 2707 740 2728 annos
755 2697 837 2728 inul-

165 2753 206 2778 tae
229 2754 420 2779 manserant.
465 2746 548 2789 Ipsis
571 2749 666 2789 signis
686 2747 783 2778 vitam
807 2753 838 2778 et

164 2808 291 2828 sensum
314 2796 435 2834 tribuit,
460 2803 494 2828 ut
518 2796 652 2834 Plinius,
679 2807 794 2838 paneg.
815 2795 837 2827 i.

899 1657 930 1686 4.
947 1655 1058 1686 tectis:
1086 1659 1107 1672 ‘¹
1122 1653 1236 1684 sentire
1253 1660 1284 1684 et
1299 1652 1399 1684 laetari
1418 1652 1573 1690 videntur,

899 1705 985 1747 quod
1002 1704 1156 1735 niteant.”
1206 1703 1289 1738 Quid
1306 1704 1371 1738 tibi,
1387 1710 1448 1734 etc.
1493 1702 1572 1734 Haec

897 1761 1010 1786 exacte
1032 1754 1219 1796 respondent
1239 1753 1389 1795 superiori
1407 1763 1469 1784 ver.
1483 1752 1576 1794 581.)

898 1806 936 1835 In
962 1804 1098 1835 nummis
1120 1803 1310 1846 quibusdam
1333 1802 1471 1834 Parthus
1494 1802 1574 1834 flexo

900 1865 984 1896 genu
1013 1854 1142 1895 porrigit
1172 1853 1319 1894 Augusto
1349 1852 1449 1884 altera
1478 1862 1574 1884 manu

899 1904 1001 1945 signa,
1018 1903 1118 1934 altera
1139 1914 1211 1934 suos
1225 1913 1316 1934 arcus
1337 1908 1369 1933 et
1390 1901 1574 1944 pharetras3

899 1952 974 1983 inde
1002 1953 1164 1989 Horatius,
1187 1952 1216 1983 Ι.
1242 1952 1302 1994 Ep.
1326 1951 1380 1982 xii.
1402 1952 1461 1981 27:
1489 1951 1573 1993 “jus

899 2003 1131 2045 imperiumque
1170 2003 1325 2033 Phraates
1357 2000 1492 2032 Caesaris
1521 2012 1575 2033 ac-

902 2053 988 2095 cepit
1013 2053 1147 2095 genibus
1173 2052 1306 2083 minor.”
1353 2051 1404 2082 Sic
1434 2051 1480 2082 illi
1505 2054 1577 2082 victi

900 2103 964 2134 ‹lici
986 2108 1144 2145 poterant,
1159 2102 1234 2144 quia
1254 2102 1409 2133 victarum
1432 2101 1574 2142 gentium

899 2157 965 2183 erat
989 2162 1076 2183 arma
1099 2162 1157 2182 sua
1175 2153 1331 2193 porrigere
1355 2149 1475 2186 victori,
1498 2158 1534 2181 ut
1557 2150 1578 2182 i.

898 2203 982 2233 646:
1013 2202 1181 2232 Germania
1209 2203 1308 2232 crines
1338 2211 1404 2231 suas
1432 2202 1576 2242 porrigit.

901 2252 1040 2293 Pignora
1058 2253 1197 2291 pudoris,
1222 2261 1292 2292 quae
1316 2255 1471 2281 testantur
1487 2250 1577 2290 igno-

901 2301 1031 2332 miniam
1061 2307 1197 2332 nostram
1237 2300 1447 2342 pudendam3
1486 2299 1575 2342 igno-

900 2351 1029 2382 miniam
1053 2350 1140 2381 illam
1163 2349 1312 2381 describit
1332 2349 1494 2386 Horatius,
1512 2350 1576 2380 III.

903 2401 966 2432 Od.
983 2411 1013 2431 v.

946 2451 1024 2481 596.
1052 2449 1195 2486 Meritus,
1213 2449 1291 2490 etc.]
1320 2447 1483 2490 Augustus
1499 2449 1580 2481 votis

905 2500 969 2530 suis
999 2500 1146 2531 honorem
1170 2498 1299 2530 meritus
1328 2498 1422 2529 solvit
1459 2498 1578 2530 debita.

904 2549 1062 2580 sollemnis
1081 2550 1181 2579 circus
1205 2549 1286 2579 bene
1314 2547 1430 2579 dicitur
1457 2547 1489 2578 in
1515 2558 1578 2589 quo

905 2599 972 2630 ludi
989 2598 1189 2630 exhibentur.
1233 2600 1306 2629 Art.
1322 2598 1434 2628 Amat.
1455 2598 1476 2629 i.
1496 2598 1556 2629 133
1572 2609 1578 2626 :

906 2650 1063 2680 sollemnia
1079 2649 1209 2679 theatra.
1237 2647 1333 2678 Scena
1348 2648 1452 2678 decere
1462 2659 1472 2685 ‚·
1497 2646 1581 2678 conf.

907 2709 971 2730 ver.
988 2699 1062 2730 347.
1108 2697 1290 2739 Augustum
1315 2696 1505 2727 naumachia
1525 2707 1581 2727 ex-

906 2747 1007 2779 hibita
1021 2747 1131 2789 templi
1147 2746 1232 2778 ilhus
1247 2745 1481 2777 dedicationem
1497 2745 1581 2777 cele-

909 2799 1023 2833 brasse,
1039 2801 1144 2828 narrat
1160 2795 1316 2831 Velleius,
1334 2795 1367 2825 ii.
1388 2795 1460 2826 100.
