1830 3220
573 192 646 235 lN
681 190 899 234 OVIDII
934 189 1189 233 FASTOS.
1507 192 1595 234 405

169 315 259 351 tum
281 310 428 352 orbem
450 309 797 364 gravissimorum
821 314 985 350 naturae
1007 308 1398 363 phaemmenorum,
1419 315 1464 351 et
1486 315 1593 352 tem-

171 379 284 433 poris
317 386 436 421 certo
470 379 608 434 spatio
640 378 952 420 recurrentium
985 378 1198 432 designat,
1225 393 1382 419 annum
1412 379 1594 422 solarem

171 455 320 503 aperte
344 449 577 490 desiderat.
640 448 698 489 Et
723 447 894 489 omnino
924 447 1025 488 nihil
1057 454 1221 488 naturae
1252 449 1386 504 magis
1415 464 1594 492 consen-

169 523 344 561 taneum
369 527 449 568 est,
473 534 601 574 quam
626 526 673 560 ut
694 519 840 574 populi
862 519 992 559 rudes
1015 518 1122 560 hanc
1152 519 1374 574 periodum
1398 535 1422 562 a
1444 528 1597 564 natura

169 588 263 643 ipsa
280 589 572 635 constitutam,
589 594 633 629 et
654 588 840 629 maxime
863 587 903 628 in
928 588 1073 628 oculos
1090 589 1395 638 incurrentem,
1413 592 1466 632 ad
1489 599 1596 634 tem-

169 672 275 712 pora
311 659 550 713 digerenda
581 657 827 699 adhibeant.
893 657 940 698 Si
972 672 1073 698 vero
1106 657 1145 698 li.
1174 658 1198 699 l.
1223 673 1380 702 annum
1414 662 1597 704 solarem

170 728 382 782 ponimus,
407 730 461 770 de
486 728 696 770 mensium
721 742 898 768 numero
919 732 963 767 et
985 727 1149 768 ratione
1172 728 1400 771 difficultas
1422 732 1567 773 oritur.

233 796 298 838 II.
335 798 478 839 Fuere
492 798 582 854 jam
606 798 718 839 inter
740 803 925 845 veteres,
947 797 1020 852 qui
1042 812 1212 839 omnem
1235 798 1343 840 hanc
1367 801 1421 841 de
1444 801 1596 844 decem

172 868 391 909 mensibus
425 868 582 909 famam
620 874 847 922 negarent,
882 874 927 908 et
965 868 1130 908 nonnisi
1166 883 1223 910 ex
1260 870 1598 925 antiquariorum

171 938 573 994 conjectationibus,
612 939 727 993 quod
768 937 1002 990 Quinctilis
1044 944 1088 979 et
1130 938 1310 980 Sextilis
1352 955 1377 981 a
1420 955 1599 984 numero

172 1007 277 1049 dicti
308 1013 471 1058 essent,
502 1014 638 1049 ortam
671 1023 766 1050 esse
799 1008 1051 1049 scriberent.
1117 1007 1187 1049 Ita
1221 1008 1411 1051 Licinius
1447 1011 1600 1053 Macer

172 1082 218 1118 et
241 1076 490 1119 Fenestella
512 1078 626 1133 apud
651 1077 782 1119 Gens.
809 1084 854 1119 et
875 1092 899 1119 e
922 1084 1086 1119 recent.
1110 1077 1271 1133 Scalig.
1294 1081 1468 1122 emend.
1493 1088 1599 1123 tem-

171 1161 265 1202 por.
297 1147 341 1188 ii.
376 1163 417 1202 p.
450 1147 551 1189 172.
585 1148 781 1203 ejusdem
819 1147 1047 1190 sententiae
1084 1162 1131 1188 se
1170 1155 1396 1203 patronum
1429 1151 1600 1194 obtulit.

172 1216 386 1259 Eamdem
418 1217 511 1259 sere
544 1217 672 1272 paulo
705 1223 849 1258 tamen
887 1217 1154 1258 immutatam
1191 1219 1467 1272 amplectitur
1498 1221 1601 1263 Plu-

174 1286 306 1328 tarch.
336 1286 522 1339 (Numa,
547 1287 665 1328 xviii.
697 1301 784 1328 sec.
807 1286 832 1327 1
865 1292 910 1328 et
941 1287 1003 1335 2.)
1034 1287 1265 1328 duodecim
1292 1303 1462 1331 menses
1489 1292 1600 1333 acci-

172 1357 311 1412 piens,
336 1372 518 1412 quorum
541 1357 723 1412 primum
748 1356 887 1397 locum
912 1356 1111 1406 Martius,
1136 1358 1409 1400 undecimum
1433 1367 1478 1401 et
1497 1361 1601 1403 ‹luo-

174 1426 389 1468 decimum
414 1426 649 1469 Januarius
679 1433 723 1468 et
750 1427 1013 1468 Februarius
1044 1435 1334 1482 occuparent;
1367 1431 1425 1471 ita
1458 1437 1600 1473 tamen

173 1498 316 1552 quoad
346 1497 514 1539 dierum
545 1498 739 1539 ordinem
770 1497 1014 1552 dispositos,
1040 1504 1088 1539 ut
1109 1499 1187 1539 sibi
1210 1500 1395 1554 impares
1418 1501 1524 1542 alius
1547 1518 1600 1544 ne

173 1567 349 1609 vicenos
376 1568 567 1623 quidem,
592 1568 698 1608 alius
729 1567 839 1608 ultra
870 1567 1046 1623 triginta
1074 1574 1260 1623 quatuor
1282 1570 1375 1611 dies
1399 1570 1603 1622 haberet;

175 1636 218 1678 in
250 1651 336 1692 quo
372 1638 521 1679 ordine
556 1637 636 1679 boc
667 1652 799 1679 unum
833 1644 1115 1692 spectaretur,
1147 1645 1195 1680 ut
1225 1654 1361 1681 annus
1392 1641 1479 1682 360
1513 1643 1602 1684 die-

173 1722 269 1748 rum
301 1706 525 1748 existeret.
591 1706 681 1748 Sed
716 1706 794 1748 hac
829 1707 960 1748 etiam
994 1708 1159 1750 ratione
1193 1716 1394 1751 constans
1422 1711 1602 1766 reliquae

175 1776 444 1832 antiquitatis
493 1776 609 1817 sama
657 1776 904 1831 negligitur,
950 1783 995 1817 et
1035 1777 1117 1818 viae
1166 1780 1415 1833 quaerendae
1464 1790 1601 1830 erant,

176 1847 394 1902 quomodo
437 1846 590 1887 decem
630 1861 802 1888 menses
842 1847 885 1887 in
921 1861 1032 1888 anno
1067 1847 1196 1902 pleno
1233 1849 1359 1890 solari
1395 1851 1606 1906 explicari

177 1923 370 1972 possent.

238 1986 332 2028 III.
366 1985 410 2028 A
431 1986 668 2028 Plutarcho
689 1986 821 2042 igitur
842 1987 997 2028 ductus
1020 1986 1229 2029 Petavius
1259 2003 1418 2031 annum
1448 1991 1607 2046 accipit

177 2056 398 2098 mensibus
430 2056 663 2111 imparibus
696 2056 962 2105 distinctum,
992 2057 1068 2098 sed
1100 2057 1253 2099 decem
1290 2060 1605 2110 tantummodo,

177 2127 244 2168 ita
271 2132 321 2168 ut
351 2125 471 2168 modo
498 2126 722 2183 lonqiores,
746 2126 865 2167 modo
895 2126 1119 2175 breviores,
1143 2133 1285 2168 tamen
1311 2128 1477 2183 justum
1507 2131 1607 2172 anni

179 2196 366 2252 spatium
397 2195 657 2251 implerent;
700 2201 746 2237 et
775 2196 868 2237 fere
901 2196 1095 2238 similiter
1127 2196 1256 2238 illust.
1289 2197 1492 2241 Bredow.
1525 2201 1606 2243 loc.

178 2266 252 2308 cit.
275 2266 409 2308 sentit
430 2280 657 2308 numerum
688 2266 863 2315 denum,
888 2272 1093 2321 tanquam
1119 2266 1328 2308 Romanis
1349 2274 1394 2309 et
1416 2269 1516 2311 alibi
1538 2286 1605 2312 so-

179 2337 381 2384 lemnem,
405 2336 458 2377 ad
481 2336 589 2377 hanc
613 2336 712 2377 anni
734 2336 988 2378 divisionem
1016 2336 1057 2377 in
1083 2337 1235 2377 decem
1262 2344 1420 2392 partes,
1445 2353 1470 2380 a
1492 2339 1605 2381 lunae

178 2412 299 2448 motu
321 2406 497 2455 alienas,
519 2406 595 2447 secl
610 2406 712 2462 fere
738 2421 964 2462 suppares,
987 2405 1224 2447 adhibitum
1253 2421 1365 2448 esse.
1427 2410 1605 2451 Laudat

179 2474 262 2517 Vir
283 2475 351 2518 Cl.
374 2476 479 2517 alios
508 2476 639 2517 etiam
668 2476 850 2531 populos
876 2476 1044 2531 (confer
1074 2477 1204 2518 etiam
1228 2477 1414 2519 Putean.
1438 2479 1492 2520 de
1524 2480 1606 2521 bis-

179 2550 304 2586 sexto
328 2544 474 2587 Graec.
497 2545 628 2587 Thes.
651 2546 736 2587 viii.
757 2546 878 2598 457.)
901 2546 975 2601 qui
1003 2560 1162 2588 annum
1192 2546 1373 2588 solarem
1395 2547 1435 2588 in
1463 2555 1606 2602 partes

177 2615 307 2656 modo
341 2615 501 2670 plures,
526 2616 654 2656 modo
686 2616 926 2671 pauciores,
948 2616 1083 2658 libere
1115 2622 1257 2658 tamen
1285 2632 1310 2658 a
1337 2617 1449 2658 lunae
1478 2633 1607 2659 cursu

179 2683 430 2726 distinctum
463 2684 688 2736 haberent,
719 2701 761 2727 v.
789 2701 826 2727 c.
864 2685 1136 2736 Mexicanos,
1173 2687 1246 2742 qui
1281 2701 1438 2728 annum
1473 2687 1516 2728 in
1550 2688 1607 2730 18

173 2761 318 2810 partes
347 2756 407 2797 ita
435 2756 686 2807 diviserant,
710 2763 758 2798 ut
784 2758 948 2813 quaevis
977 2772 1076 2813 pars
1101 2758 1159 2799 20
1181 2757 1273 2799 dies
1300 2757 1493 2808 haberet,
1515 2760 1543 2800 5
1562 2759 1607 2801 in
