<?xml version="1.0" encoding="UTF-8"?>
<!DOCTYPE html PUBLIC "-//W3C//DTD XHTML 1.0 Transitional//EN"
    "http://www.w3.org/TR/xhtml1/DTD/xhtml1-transitional.dtd">
<html xmlns="http://www.w3.org/1999/xhtml" xml:lang="en" lang="en">
 <head>
  <title>
</title>
<meta http-equiv="Content-Type" content="text/html;charset=utf-8" />
  <meta name='ocr-system' content='tesseract 3.04.00' />
  <meta name='ocr-capabilities' content='ocr_page ocr_carea ocr_par ocr_line ocrx_word'/>
</head>
<body>
  <div class='ocr_page' id='page_1' title='image "./povidiinasonisop05oviduoft_0496.png"; bbox 0 0 1809 3220; ppageno 0'>
   <div class='ocr_carea' id='block_1_1' title="bbox 182 156 269 198">
    <p class='ocr_par' dir='ltr' id='par_1_1' title="bbox 182 156 269 198">
     <span class='ocr_line' id='line_1_1' title="bbox 182 156 269 198; baseline 0.011 -1"><span class='ocrx_word' id='word_1_1' title='bbox 182 156 269 198; x_wconf 79' lang='lat'>468</span> 
     </span>
    </p>
   </div>
   <div class='ocr_carea' id='block_1_2' title="bbox 578 155 1201 198">
    <p class='ocr_par' dir='ltr' id='par_1_2' title="bbox 578 155 1201 198">
     <span class='ocr_line' id='line_1_2' title="bbox 578 155 1201 198; baseline -0.003 0"><span class='ocrx_word' id='word_1_2' title='bbox 578 157 629 198; x_wconf 91' lang='grc' dir='ltr'>Ρ.</span> <span class='ocrx_word' id='word_1_3' title='bbox 665 155 881 198; x_wconf 92' lang='lat' dir='ltr'><strong>OVIDII</strong></span> <span class='ocrx_word' id='word_1_4' title='bbox 917 155 1201 197; x_wconf 89' lang='lat' dir='ltr'><strong>NASONIS</strong></span> 
     </span>
    </p>
   </div>
   <div class='ocr_carea' id='block_1_3' title="bbox 191 271 1551 491">
    <p class='ocr_par' dir='ltr' id='par_1_3' title="bbox 191 271 1551 491">
     <span class='ocr_line' id='line_1_3' title="bbox 191 271 1376 335; baseline -0.001 -16"><span class='ocrx_word' id='word_1_5' title='bbox 191 272 350 329; x_wconf 84' lang='lat' dir='ltr'>Felix,</span> <span class='ocrx_word' id='word_1_6' title='bbox 379 279 575 321; x_wconf 88' lang='lat' dir='ltr'>secreto</span> <span class='ocrx_word' id='word_1_7' title='bbox 601 289 715 335; x_wconf 90' lang='lat' dir='ltr'>quae</span> <span class='ocrx_word' id='word_1_8' title='bbox 741 280 860 320; x_wconf 88' lang='lat' dir='ltr'>nata</span> <span class='ocrx_word' id='word_1_9' title='bbox 884 278 962 319; x_wconf 90' lang='lat' dir='ltr'>est</span> <span class='ocrx_word' id='word_1_10' title='bbox 987 271 1132 318; x_wconf 88' lang='lat' dir='ltr'>arbor</span> <span class='ocrx_word' id='word_1_11' title='bbox 1157 271 1207 317; x_wconf 90' lang='lat' dir='ltr'>in</span> <span class='ocrx_word' id='word_1_12' title='bbox 1232 286 1376 327; x_wconf 83' lang='lat' dir='ltr'>arvo3</span> 
     </span>
     <span class='ocr_line' id='line_1_4' title="bbox 259 348 1259 413; baseline -0.002 -16"><span class='ocrx_word' id='word_1_13' title='bbox 259 349 326 397; x_wconf 92' lang='lat' dir='ltr'>Et</span> <span class='ocrx_word' id='word_1_14' title='bbox 351 350 444 398; x_wconf 87' lang='lat' dir='ltr'>soli</span> <span class='ocrx_word' id='word_1_15' title='bbox 469 350 672 398; x_wconf 91' lang='lat' dir='ltr'>domino</span> <span class='ocrx_word' id='word_1_16' title='bbox 697 350 826 398; x_wconf 87' lang='lat' dir='ltr'>ferre</span> <span class='ocrx_word' id='word_1_17' title='bbox 852 349 1042 397; x_wconf 85' lang='lat' dir='ltr'>tributa</span> <span class='ocrx_word' id='word_1_18' title='bbox 1065 348 1259 413; x_wconf 84' lang='lat' dir='ltr'>potest!</span> 
     </span>
     <span class='ocr_line' id='line_1_5' title="bbox 193 425 1551 491; baseline -0.002 -17"><span class='ocrx_word' id='word_1_19' title='bbox 193 426 310 474; x_wconf 91' lang='lat' dir='ltr'>Non</span> <span class='ocrx_word' id='word_1_20' title='bbox 336 427 595 475; x_wconf 89' lang='lat' dir='ltr'>hominum</span> <span class='ocrx_word' id='word_1_21' title='bbox 622 427 861 491; x_wconf 85' lang='lat' dir='ltr'>strepitus</span> <span class='ocrx_word' id='word_1_22' title='bbox 888 426 1044 482; x_wconf 89' lang='lat' dir='ltr'>audit,</span> <span class='ocrx_word' id='word_1_23' title='bbox 1072 443 1171 474; x_wconf 92' lang='lat' dir='ltr'>non</span> <span class='ocrx_word' id='word_1_24' title='bbox 1198 425 1283 474; x_wconf 90' lang='lat' dir='ltr'>illa</span> <span class='ocrx_word' id='word_1_25' title='bbox 1303 432 1551 482; x_wconf 82' lang='lat' dir='ltr'>rotarum3</span> 
     </span>
    </p>
   </div>
   <div class='ocr_carea' id='block_1_4' title="bbox 261 503 1216 570">
    <p class='ocr_par' dir='ltr' id='par_1_4' title="bbox 261 503 1216 570">
     <span class='ocr_line' id='line_1_6' title="bbox 261 503 1216 570; baseline 0 -19"><span class='ocrx_word' id='word_1_26' title='bbox 261 503 378 552; x_wconf 91' lang='lat' dir='ltr'>Non</span> <span class='ocrx_word' id='word_1_27' title='bbox 404 521 433 553; x_wconf 92' lang='lat' dir='ltr'>a</span> <span class='ocrx_word' id='word_1_28' title='bbox 455 504 620 553; x_wconf 87' lang='lat' dir='ltr'>vicina</span> <span class='ocrx_word' id='word_1_29' title='bbox 644 504 995 570; x_wconf 88' lang='lat' dir='ltr'>pulverulenta</span> <span class='ocrx_word' id='word_1_30' title='bbox 1018 504 1098 552; x_wconf 89' lang='lat' dir='ltr'>via</span> <span class='ocrx_word' id='word_1_31' title='bbox 1122 510 1216 552; x_wconf 87' lang='lat' dir='ltr'>est.</span> 
     </span>
    </p>
   </div>
   <div class='ocr_carea' id='block_1_5' title="bbox 1538 503 1604 549">
    <p class='ocr_par' dir='ltr' id='par_1_5' title="bbox 1538 503 1604 549">
     <span class='ocr_line' id='line_1_7' title="bbox 1538 503 1604 549; baseline -0.015 0"><span class='ocrx_word' id='word_1_32' title='bbox 1538 503 1604 549; x_wconf 89' lang='lat'>90</span> 
     </span>
    </p>
   </div>
   <div class='ocr_carea' id='block_1_6' title="bbox 196 580 1612 956">
    <p class='ocr_par' dir='ltr' id='par_1_6' title="bbox 196 580 1612 956">
     <span class='ocr_line' id='line_1_8' title="bbox 196 580 1479 647; baseline -0.001 -18"><span class='ocrx_word' id='word_1_33' title='bbox 196 581 294 630; x_wconf 91' lang='lat' dir='ltr'>Illa</span> <span class='ocrx_word' id='word_1_34' title='bbox 318 599 426 640; x_wconf 88' lang='lat' dir='ltr'>suo,</span> <span class='ocrx_word' id='word_1_35' title='bbox 454 599 793 647; x_wconf 77' lang='lat' dir='ltr'>quaecumque</span> <span class='ocrx_word' id='word_1_36' title='bbox 818 583 953 638; x_wconf 86' lang='lat' dir='ltr'>tulit,</span> <span class='ocrx_word' id='word_1_37' title='bbox 981 582 1101 630; x_wconf 87' lang='lat' dir='ltr'>dare</span> <span class='ocrx_word' id='word_1_38' title='bbox 1126 582 1261 629; x_wconf 87' lang='lat' dir='ltr'>dona</span> <span class='ocrx_word' id='word_1_39' title='bbox 1284 580 1479 636; x_wconf 87' lang='lat' dir='ltr'>colono,</span> 
     </span>
     <span class='ocr_line' id='line_1_9' title="bbox 265 659 1322 724; baseline 0 -18"><span class='ocrx_word' id='word_1_40' title='bbox 265 659 333 707; x_wconf 88' lang='lat' dir='ltr'>Et</span> <span class='ocrx_word' id='word_1_41' title='bbox 357 660 534 724; x_wconf 88' lang='lat' dir='ltr'>plenos</span> <span class='ocrx_word' id='word_1_42' title='bbox 560 660 754 709; x_wconf 87' lang='lat' dir='ltr'>fructus</span> <span class='ocrx_word' id='word_1_43' title='bbox 780 661 1111 709; x_wconf 82' lang='lat' dir='ltr'>adnumerare</span> <span class='ocrx_word' id='word_1_44' title='bbox 1136 666 1322 723; x_wconf 85' lang='lat' dir='ltr'>potest.</span> 
     </span>
     <span class='ocr_line' id='line_1_10' title="bbox 196 735 1485 801; baseline 0 -18"><span class='ocrx_word' id='word_1_45' title='bbox 196 736 266 784; x_wconf 91' lang='lat' dir='ltr'>At</span> <span class='ocrx_word' id='word_1_46' title='bbox 289 738 411 785; x_wconf 89' lang='lat' dir='ltr'>mihi</span> <span class='ocrx_word' id='word_1_47' title='bbox 438 745 661 786; x_wconf 87' lang='lat' dir='ltr'>maturos</span> <span class='ocrx_word' id='word_1_48' title='bbox 683 753 960 801; x_wconf 84' lang='lat' dir='ltr'><strong>numquam</strong></span> <span class='ocrx_word' id='word_1_49' title='bbox 985 737 1105 784; x_wconf 86' lang='lat' dir='ltr'>licet</span> <span class='ocrx_word' id='word_1_50' title='bbox 1129 737 1280 784; x_wconf 86' lang='lat' dir='ltr'>edere</span> <span class='ocrx_word' id='word_1_51' title='bbox 1304 735 1485 794; x_wconf 87' lang='lat' dir='ltr'>foetus;</span> 
     </span>
     <span class='ocr_line' id='line_1_11' title="bbox 266 813 1609 881; baseline -0.002 -18"><span class='ocrx_word' id='word_1_52' title='bbox 266 814 402 864; x_wconf 91' lang='lat' dir='ltr'>Ante</span> <span class='ocrx_word' id='word_1_53' title='bbox 427 817 666 881; x_wconf 88' lang='lat' dir='ltr'>diemque</span> <span class='ocrx_word' id='word_1_54' title='bbox 692 832 818 864; x_wconf 87' lang='lat' dir='ltr'>meae</span> <span class='ocrx_word' id='word_1_55' title='bbox 844 815 1170 864; x_wconf 86' lang='lat' dir='ltr'>decutiuntur</span> <span class='ocrx_word' id='word_1_56' title='bbox 1195 831 1336 879; x_wconf 85' lang='lat' dir='ltr'>opes.</span> <span class='ocrx_word' id='word_1_57' title='bbox 1545 813 1609 860; x_wconf 89' lang='lat'>94</span> 
     </span>
     <span class='ocr_line' id='line_1_12' title="bbox 203 891 1612 956; baseline -0.001 -17"><span class='ocrx_word' id='word_1_58' title='bbox 203 891 413 942; x_wconf 84' lang='lat' dir='ltr'>Lamina</span> <span class='ocrx_word' id='word_1_59' title='bbox 437 895 603 943; x_wconf 87' lang='lat' dir='ltr'>mollis</span> <span class='ocrx_word' id='word_1_60' title='bbox 623 895 790 942; x_wconf 88' lang='lat' dir='ltr'>adhuc</span> <span class='ocrx_word' id='word_1_61' title='bbox 816 903 990 942; x_wconf 86' lang='lat' dir='ltr'>tenero</span> <span class='ocrx_word' id='word_1_62' title='bbox 1009 893 1131 940; x_wconf 91' lang='lat' dir='ltr'>dum</span> <span class='ocrx_word' id='word_1_63' title='bbox 1156 893 1304 948; x_wconf 89' lang='lat' dir='ltr'>lacte,</span> <span class='ocrx_word' id='word_1_64' title='bbox 1323 891 1463 956; x_wconf 90' lang='lat' dir='ltr'>quod</span> <span class='ocrx_word' id='word_1_65' title='bbox 1482 891 1612 938; x_wconf 90' lang='lat' dir='ltr'>intro</span> 
     </span>
    </p>
   </div>
   <div class='ocr_carea' id='block_1_7' title="bbox 271 971 1370 1020">
    <p class='ocr_par' dir='ltr' id='par_1_7' title="bbox 271 971 1370 1020">
     <span class='ocr_line' id='line_1_13' title="bbox 271 971 1370 1020; baseline 0 -2"><span class='ocrx_word' id='word_1_66' title='bbox 271 971 382 1020; x_wconf 89' lang='lat' dir='ltr'>Nec</span> <span class='ocrx_word' id='word_1_67' title='bbox 408 972 541 1020; x_wconf 87' lang='lat' dir='ltr'>mala</span> <span class='ocrx_word' id='word_1_68' title='bbox 566 979 685 1020; x_wconf 87' lang='lat' dir='ltr'>sunt</span> <span class='ocrx_word' id='word_1_69' title='bbox 709 972 796 1019; x_wconf 92' lang='lat' dir='ltr'>ulli</span> <span class='ocrx_word' id='word_1_70' title='bbox 822 979 995 1019; x_wconf 85' lang='lat' dir='ltr'>nostra</span> <span class='ocrx_word' id='word_1_71' title='bbox 1017 971 1186 1019; x_wconf 88' lang='lat' dir='ltr'>sutura</span> <span class='ocrx_word' id='word_1_72' title='bbox 1209 971 1370 1019; x_wconf 92' lang='lat' dir='ltr'>bono:</span> 
     </span>
    </p>
   </div>
   <div class='ocr_carea' id='block_1_8' title="bbox 1483 971 1611 1033">
    <p class='ocr_par' dir='ltr' id='par_1_8' title="bbox 1483 971 1611 1033">
     <span class='ocr_line' id='line_1_14' title="bbox 1483 971 1611 1033; baseline -0.008 -15"><span class='ocrx_word' id='word_1_73' title='bbox 1483 971 1611 1033; x_wconf 80' lang='lat' dir='ltr'>[est3</span> 
     </span>
    </p>
   </div>
   <div class='ocr_carea' id='block_1_9' title="bbox 201 1047 1531 1271">
    <p class='ocr_par' dir='ltr' id='par_1_9' title="bbox 201 1047 1531 1271">
     <span class='ocr_line' id='line_1_15' title="bbox 201 1047 1531 1113; baseline 0 -18"><span class='ocrx_word' id='word_1_74' title='bbox 201 1047 231 1095; x_wconf 88' lang='lat' dir='ltr'><strong>J</strong></span> <span class='ocrx_word' id='word_1_75' title='bbox 238 1064 319 1096; x_wconf 89' lang='lat' dir='ltr'>am</span> <span class='ocrx_word' id='word_1_76' title='bbox 344 1056 514 1098; x_wconf 88' lang='lat' dir='ltr'>tamen</span> <span class='ocrx_word' id='word_1_77' title='bbox 539 1050 755 1106; x_wconf 86' lang='lat' dir='ltr'>invenio,</span> <span class='ocrx_word' id='word_1_78' title='bbox 778 1049 865 1113; x_wconf 89' lang='lat' dir='ltr'>qui</span> <span class='ocrx_word' id='word_1_79' title='bbox 893 1065 972 1097; x_wconf 87' lang='lat' dir='ltr'>me</span> <span class='ocrx_word' id='word_1_80' title='bbox 993 1049 1310 1113; x_wconf 82' lang='lat' dir='ltr'>jaculentur;</span> <span class='ocrx_word' id='word_1_81' title='bbox 1352 1055 1404 1096; x_wconf 86' lang='lat' dir='ltr'>et</span> <span class='ocrx_word' id='word_1_82' title='bbox 1426 1048 1531 1096; x_wconf 89' lang='lat' dir='ltr'>ictu</span> 
     </span>
     <span class='ocr_line' id='line_1_16' title="bbox 272 1125 1231 1192; baseline 0 -18"><span class='ocrx_word' id='word_1_83' title='bbox 272 1125 628 1176; x_wconf 88' lang='lat' dir='ltr'>Praefestinato</span> <span class='ocrx_word' id='word_1_84' title='bbox 655 1144 838 1175; x_wconf 84' lang='lat' dir='ltr'>munus</span> <span class='ocrx_word' id='word_1_85' title='bbox 866 1127 1012 1175; x_wconf 89' lang='lat' dir='ltr'>inane</span> <span class='ocrx_word' id='word_1_86' title='bbox 1038 1134 1231 1192; x_wconf 88' lang='lat' dir='ltr'>petant.</span> 
     </span>
     <span class='ocr_line' id='line_1_17' title="bbox 205 1204 1138 1271; baseline 0 -19"><span class='ocrx_word' id='word_1_87' title='bbox 205 1204 260 1252; x_wconf 89' lang='lat' dir='ltr'>Si</span> <span class='ocrx_word' id='word_1_88' title='bbox 286 1205 375 1253; x_wconf 85' lang='lat' dir='ltr'>fiat</span> <span class='ocrx_word' id='word_1_89' title='bbox 398 1206 545 1271; x_wconf 85' lang='lat' dir='ltr'>rapti,</span> <span class='ocrx_word' id='word_1_90' title='bbox 571 1207 660 1256; x_wconf 90' lang='lat' dir='ltr'>fiat</span> <span class='ocrx_word' id='word_1_91' title='bbox 684 1222 920 1254; x_wconf 88' lang='lat' dir='ltr'>mensura</span> <span class='ocrx_word' id='word_1_92' title='bbox 944 1204 1104 1254; x_wconf 83' lang='lat' dir='ltr'>relicti</span> <span class='ocrx_word' id='word_1_93' title='bbox 1129 1224 1138 1264; x_wconf 94' lang='grc'>;</span> 
     </span>
    </p>
   </div>
   <div class='ocr_carea' id='block_1_10' title="bbox 274 1282 1332 1349">
    <p class='ocr_par' dir='ltr' id='par_1_10' title="bbox 274 1282 1332 1349">
     <span class='ocr_line' id='line_1_18' title="bbox 274 1282 1332 1349; baseline 0.001 -19"><span class='ocrx_word' id='word_1_94' title='bbox 274 1282 524 1348; x_wconf 85' lang='lat' dir='ltr'>Majorem</span> <span class='ocrx_word' id='word_1_95' title='bbox 550 1284 739 1332; x_wconf 90' lang='lat' dir='ltr'>domini</span> <span class='ocrx_word' id='word_1_96' title='bbox 766 1294 926 1349; x_wconf 88' lang='lat' dir='ltr'>parte,</span> <span class='ocrx_word' id='word_1_97' title='bbox 953 1283 1127 1340; x_wconf 90' lang='lat' dir='ltr'>viator,</span> <span class='ocrx_word' id='word_1_98' title='bbox 1155 1283 1332 1332; x_wconf 90' lang='lat' dir='ltr'>habes.</span> 
     </span>
    </p>
   </div>
   <div class='ocr_carea' id='block_1_11' title="bbox 1524 1285 1618 1329">
    <p class='ocr_par' dir='ltr' id='par_1_11' title="bbox 1524 1285 1618 1329">
     <span class='ocr_line' id='line_1_19' title="bbox 1524 1285 1618 1329; baseline 0 0"><span class='ocrx_word' id='word_1_99' title='bbox 1524 1285 1618 1329; x_wconf 92' lang='lat'>100</span> 
     </span>
    </p>
   </div>
   <div class='ocr_carea' id='block_1_12' title="bbox 209 1360 1623 1660">
    <p class='ocr_par' dir='ltr' id='par_1_12' title="bbox 209 1360 1623 1660">
     <span class='ocr_line' id='line_1_20' title="bbox 209 1360 1440 1426; baseline 0 -18"><span class='ocrx_word' id='word_1_100' title='bbox 209 1360 360 1426; x_wconf 88' lang='lat' dir='ltr'>Saepe</span> <span class='ocrx_word' id='word_1_101' title='bbox 385 1362 584 1426; x_wconf 87' lang='lat' dir='ltr'>aliquis,</span> <span class='ocrx_word' id='word_1_102' title='bbox 611 1362 741 1409; x_wconf 86' lang='lat' dir='ltr'>foliis</span> <span class='ocrx_word' id='word_1_103' title='bbox 769 1369 826 1409; x_wconf 87' lang='lat' dir='ltr'>ut</span> <span class='ocrx_word' id='word_1_104' title='bbox 849 1362 985 1409; x_wconf 91' lang='lat' dir='ltr'>nuda</span> <span class='ocrx_word' id='word_1_105' title='bbox 1010 1361 1276 1409; x_wconf 89' lang='lat' dir='ltr'>cacumina</span> <span class='ocrx_word' id='word_1_106' title='bbox 1299 1360 1440 1417; x_wconf 89' lang='lat' dir='ltr'>vidit,</span> 
     </span>
     <span class='ocr_line' id='line_1_21' title="bbox 277 1438 1356 1504; baseline 0.001 -19"><span class='ocrx_word' id='word_1_107' title='bbox 277 1438 405 1488; x_wconf 85' lang='lat' dir='ltr'>Esse</span> <span class='ocrx_word' id='word_1_108' title='bbox 432 1447 578 1504; x_wconf 87' lang='lat' dir='ltr'>putat</span> <span class='ocrx_word' id='word_1_109' title='bbox 604 1440 781 1488; x_wconf 81' lang='lat' dir='ltr'>Boreae</span> <span class='ocrx_word' id='word_1_110' title='bbox 806 1439 950 1488; x_wconf 88' lang='lat' dir='ltr'>triste</span> <span class='ocrx_word' id='word_1_111' title='bbox 975 1439 1185 1487; x_wconf 87' lang='lat' dir='ltr'>furentis</span> <span class='ocrx_word' id='word_1_112' title='bbox 1211 1455 1356 1504; x_wconf 88' lang='lat' dir='ltr'>opus.</span> 
     </span>
     <span class='ocr_line' id='line_1_22' title="bbox 210 1515 1494 1583; baseline 0 -19"><span class='ocrx_word' id='word_1_113' title='bbox 210 1515 436 1565; x_wconf 86' lang='lat' dir='ltr'>AEstibus</span> <span class='ocrx_word' id='word_1_114' title='bbox 463 1517 562 1574; x_wconf 87' lang='lat' dir='ltr'>hie,</span> <span class='ocrx_word' id='word_1_115' title='bbox 589 1518 670 1566; x_wconf 85' lang='lat' dir='ltr'>hic</span> <span class='ocrx_word' id='word_1_116' title='bbox 697 1534 777 1566; x_wconf 89' lang='lat' dir='ltr'>me</span> <span class='ocrx_word' id='word_1_117' title='bbox 803 1518 1073 1583; x_wconf 82' lang='lat' dir='ltr'>spoliatam</span> <span class='ocrx_word' id='word_1_118' title='bbox 1097 1517 1280 1580; x_wconf 83' lang='lat' dir='ltr'>frigore</span> <span class='ocrx_word' id='word_1_119' title='bbox 1305 1516 1494 1565; x_wconf 85' lang='lat' dir='ltr'>credit:</span> 
     </span>
     <span class='ocr_line' id='line_1_23' title="bbox 280 1593 1623 1660; baseline 0.001 -19"><span class='ocrx_word' id='word_1_120' title='bbox 280 1593 375 1642; x_wconf 85' lang='lat' dir='ltr'>Est</span> <span class='ocrx_word' id='word_1_121' title='bbox 421 1611 644 1658; x_wconf 87' lang='lat' dir='ltr'>quoque,</span> <span class='ocrx_word' id='word_1_122' title='bbox 685 1596 772 1659; x_wconf 90' lang='lat' dir='ltr'>qui</span> <span class='ocrx_word' id='word_1_123' title='bbox 821 1596 1011 1644; x_wconf 83' lang='lat' dir='ltr'>crimen</span> <span class='ocrx_word' id='word_1_124' title='bbox 1061 1595 1320 1658; x_wconf 86' lang='lat' dir='ltr'>grandinis</span> <span class='ocrx_word' id='word_1_125' title='bbox 1369 1611 1482 1644; x_wconf 86' lang='lat' dir='ltr'>esse</span> <span class='ocrx_word' id='word_1_126' title='bbox 1529 1611 1623 1660; x_wconf 91' lang='lat' dir='ltr'>pu-</span> 
     </span>
    </p>
   </div>
   <div class='ocr_carea' id='block_1_13' title="bbox 413 1679 501 1720">
    <p class='ocr_par' dir='ltr' id='par_1_13' title="bbox 413 1679 501 1720">
     <span class='ocr_line' id='line_1_24' title="bbox 413 1679 501 1720; baseline 0 0"><span class='ocrx_word' id='word_1_127' title='bbox 413 1679 501 1720; x_wconf 88' lang='lat' dir='ltr'>tet.</span> 
     </span>
    </p>
   </div>
   <div class='ocr_carea' id='block_1_14' title="bbox 213 1840 892 2776">
    <p class='ocr_par' dir='ltr' id='par_1_14' title="bbox 213 1840 891 2270">
     <span class='ocr_line' id='line_1_25' title="bbox 214 1840 885 1883; baseline 0.003 -13"><span class='ocrx_word' id='word_1_128' title='bbox 214 1840 406 1882; x_wconf 80' lang='lat' dir='ltr'>nonsallier</span> <span class='ocrx_word' id='word_1_129' title='bbox 429 1851 515 1872; x_wconf 77' lang='lat' dir='ltr'>orcae.</span> <span class='ocrx_word' id='word_1_130' title='bbox 560 1840 684 1883; x_wconf 88' lang='lat' dir='ltr'>Singuli</span> <span class='ocrx_word' id='word_1_131' title='bbox 712 1840 800 1883; x_wconf 87' lang='lat' dir='ltr'>pueri</span> <span class='ocrx_word' id='word_1_132' title='bbox 829 1841 885 1872; x_wconf 83' lang='lat' dir='ltr'>de-</span> 
     </span>
     <span class='ocr_line' id='line_1_26' title="bbox 213 1889 887 1932; baseline 0.001 -12"><span class='ocrx_word' id='word_1_133' title='bbox 213 1895 335 1931; x_wconf 87' lang='lat' dir='ltr'>ponunt</span> <span class='ocrx_word' id='word_1_134' title='bbox 351 1899 449 1921; x_wconf 90' lang='lat' dir='ltr'>nuces</span> <span class='ocrx_word' id='word_1_135' title='bbox 465 1889 586 1932; x_wconf 85' lang='lat' dir='ltr'>aliquot</span> <span class='ocrx_word' id='word_1_136' title='bbox 602 1891 634 1921; x_wconf 89' lang='lat' dir='ltr'>in</span> <span class='ocrx_word' id='word_1_137' title='bbox 656 1901 774 1927; x_wconf 82' lang='lat' dir='ltr'>orcam,</span> <span class='ocrx_word' id='word_1_138' title='bbox 790 1890 823 1922; x_wconf 94' lang='lat' dir='ltr'>id</span> <span class='ocrx_word' id='word_1_139' title='bbox 838 1897 887 1922; x_wconf 87' lang='lat' dir='ltr'>est</span> 
     </span>
     <span class='ocr_line' id='line_1_27' title="bbox 213 1939 884 1982; baseline 0.003 -12"><span class='ocrx_word' id='word_1_140' title='bbox 213 1940 286 1971; x_wconf 84' lang='lat' dir='ltr'>ollae</span> <span class='ocrx_word' id='word_1_141' title='bbox 303 1950 421 1982; x_wconf 85' lang='lat' dir='ltr'>genus:</span> <span class='ocrx_word' id='word_1_142' title='bbox 448 1939 564 1971; x_wconf 89' lang='lat' dir='ltr'>deinde</span> <span class='ocrx_word' id='word_1_143' title='bbox 579 1951 618 1972; x_wconf 90' lang='lat' dir='ltr'>ex</span> <span class='ocrx_word' id='word_1_144' title='bbox 635 1941 804 1972; x_wconf 83' lang='lat' dir='ltr'>intervallo</span> <span class='ocrx_word' id='word_1_145' title='bbox 822 1940 884 1972; x_wconf 82' lang='lat' dir='ltr'>sin-</span> 
     </span>
     <span class='ocr_line' id='line_1_28' title="bbox 215 1989 886 2033; baseline 0.001 -13"><span class='ocrx_word' id='word_1_146' title='bbox 215 1989 283 2031; x_wconf 87' lang='lat' dir='ltr'>guli</span> <span class='ocrx_word' id='word_1_147' title='bbox 310 2000 366 2032; x_wconf 90' lang='lat' dir='ltr'>per</span> <span class='ocrx_word' id='word_1_148' title='bbox 395 1989 480 2022; x_wconf 90' lang='lat' dir='ltr'>vices</span> <span class='ocrx_word' id='word_1_149' title='bbox 509 1997 621 2032; x_wconf 88' lang='lat' dir='ltr'>petunt</span> <span class='ocrx_word' id='word_1_150' title='bbox 651 2001 685 2022; x_wconf 90' lang='lat' dir='ltr'>os</span> <span class='ocrx_word' id='word_1_151' title='bbox 714 1990 807 2029; x_wconf 84' lang='lat' dir='ltr'>ollae3</span> <span class='ocrx_word' id='word_1_152' title='bbox 831 1990 886 2033; x_wconf 93' lang='lat' dir='ltr'>qui</span> 
     </span>
     <span class='ocr_line' id='line_1_29' title="bbox 214 2039 886 2081; baseline 0 -10"><span class='ocrx_word' id='word_1_153' title='bbox 214 2039 312 2076; x_wconf 87' lang='lat' dir='ltr'>solus,</span> <span class='ocrx_word' id='word_1_154' title='bbox 333 2044 388 2070; x_wconf 85' lang='lat' dir='ltr'>aut</span> <span class='ocrx_word' id='word_1_155' title='bbox 414 2039 621 2081; x_wconf 79' lang='lat' dir='ltr'>frequentius,</span> <span class='ocrx_word' id='word_1_156' title='bbox 639 2039 813 2077; x_wconf 84' lang='lat' dir='ltr'>immiserit,</span> <span class='ocrx_word' id='word_1_157' title='bbox 830 2050 886 2071; x_wconf 86' lang='lat' dir='ltr'>au-</span> 
     </span>
     <span class='ocr_line' id='line_1_30' title="bbox 216 2088 889 2128; baseline 0.003 -9"><span class='ocrx_word' id='word_1_158' title='bbox 216 2088 277 2119; x_wconf 83' lang='lat' dir='ltr'>fert</span> <span class='ocrx_word' id='word_1_159' title='bbox 297 2099 404 2120; x_wconf 87' lang='lat' dir='ltr'>omnes</span> <span class='ocrx_word' id='word_1_160' title='bbox 425 2100 533 2120; x_wconf 88' lang='lat' dir='ltr'>nuces.</span> <span class='ocrx_word' id='word_1_161' title='bbox 557 2090 688 2120; x_wconf 70' lang='lat' dir='ltr'>Eimsu.</span> <span class='ocrx_word' id='word_1_162' title='bbox 734 2089 889 2128; x_wconf 86' lang='lat' dir='ltr'>Quamvis</span> 
     </span>
     <span class='ocr_line' id='line_1_31' title="bbox 215 2138 887 2182; baseline 0.001 -12"><span class='ocrx_word' id='word_1_163' title='bbox 215 2138 409 2170; x_wconf 82' lang='lat' dir='ltr'>Scholiastes</span> <span class='ocrx_word' id='word_1_164' title='bbox 437 2139 548 2175; x_wconf 86' lang='lat' dir='ltr'>Persii,</span> <span class='ocrx_word' id='word_1_165' title='bbox 579 2139 723 2182; x_wconf 87' lang='lat' dir='ltr'>quisquis</span> <span class='ocrx_word' id='word_1_166' title='bbox 750 2139 804 2170; x_wconf 89' lang='lat' dir='ltr'>ille</span> <span class='ocrx_word' id='word_1_167' title='bbox 834 2139 887 2176; x_wconf 86' lang='lat' dir='ltr'>sit,</span> 
     </span>
     <span class='ocr_line' id='line_1_32' title="bbox 216 2189 891 2232; baseline 0 -12"><span class='ocrx_word' id='word_1_168' title='bbox 216 2189 278 2220; x_wconf 92' lang='lat' dir='ltr'>huc</span> <span class='ocrx_word' id='word_1_169' title='bbox 308 2189 435 2226; x_wconf 86' lang='lat' dir='ltr'>referat,</span> <span class='ocrx_word' id='word_1_170' title='bbox 461 2189 500 2220; x_wconf 83' lang='lat' dir='ltr'>ad</span> <span class='ocrx_word' id='word_1_171' title='bbox 525 2189 674 2221; x_wconf 84' lang='lat' dir='ltr'>&#39;l&#39;alorum</span> <span class='ocrx_word' id='word_1_172' title='bbox 693 2190 817 2232; x_wconf 85' lang='lat' dir='ltr'>jactum</span> <span class='ocrx_word' id='word_1_173' title='bbox 843 2195 891 2222; x_wconf 84' lang='lat' dir='ltr'>est</span> 
     </span>
     <span class='ocr_line' id='line_1_33' title="bbox 217 2238 430 2270; baseline 0 -1"><span class='ocrx_word' id='word_1_174' title='bbox 217 2238 430 2270; x_wconf 85' lang='lat' dir='ltr'>referendum.</span> 
     </span>
    </p>

    <p class='ocr_par' dir='ltr' id='par_1_15' title="bbox 217 2286 891 2418">
     <span class='ocr_line' id='line_1_34' title="bbox 261 2286 890 2331; baseline 0.003 -13"><span class='ocrx_word' id='word_1_175' title='bbox 261 2288 315 2318; x_wconf 84' lang='lat'>92.</span> <span class='ocrx_word' id='word_1_176' title='bbox 346 2286 385 2318; x_wconf 77' lang='lat' dir='ltr'>Et</span> <span class='ocrx_word' id='word_1_177' title='bbox 411 2289 510 2327; x_wconf 78' lang='lat' dir='ltr'>plenos</span> <span class='ocrx_word' id='word_1_178' title='bbox 529 2289 662 2331; x_wconf 55' lang='lat' dir='ltr'>fructus</span> <span class='ocrx_word' id='word_1_179' title='bbox 686 2290 890 2320; x_wconf 80' lang='lat' dir='ltr'>adnumerare</span> 
     </span>
     <span class='ocr_line' id='line_1_35' title="bbox 217 2337 891 2380; baseline 0.004 -12"><span class='ocrx_word' id='word_1_180' title='bbox 217 2337 341 2378; x_wconf 54' lang='lat' dir='ltr'>potem]</span> <span class='ocrx_word' id='word_1_181' title='bbox 370 2338 498 2380; x_wconf 84' lang='lat' dir='ltr'>Proprie</span> <span class='ocrx_word' id='word_1_182' title='bbox 516 2349 592 2370; x_wconf 86' lang='lat' dir='ltr'>usus</span> <span class='ocrx_word' id='word_1_183' title='bbox 607 2345 654 2370; x_wconf 87' lang='lat' dir='ltr'>est</span> <span class='ocrx_word' id='word_1_184' title='bbox 671 2339 767 2370; x_wconf 88' lang='lat' dir='ltr'>verbo</span> <span class='ocrx_word' id='word_1_185' title='bbox 791 2341 891 2372; x_wconf 80' lang='lat' dir='ltr'>adnu-</span> 
     </span>
     <span class='ocr_line' id='line_1_36' title="bbox 218 2388 497 2418; baseline 0.004 -1"><span class='ocrx_word' id='word_1_186' title='bbox 218 2389 371 2418; x_wconf 77' lang='lat' dir='ltr'>merandi.</span> <span class='ocrx_word' id='word_1_187' title='bbox 402 2388 497 2418; x_wconf 67' lang='lat' dir='ltr'>Cmf.</span> 
     </span>
    </p>

    <p class='ocr_par' dir='ltr' id='par_1_16' title="bbox 219 2437 892 2667">
     <span class='ocr_line' id='line_1_37' title="bbox 264 2437 890 2479; baseline 0.003 -11"><span class='ocrx_word' id='word_1_188' title='bbox 264 2437 318 2468; x_wconf 90' lang='grc'>93.</span> <span class='ocrx_word' id='word_1_189' title='bbox 341 2438 382 2467; x_wconf 82' lang='lat' dir='ltr'>At</span> <span class='ocrx_word' id='word_1_190' title='bbox 406 2438 480 2467; x_wconf 78' lang='lat' dir='ltr'>mihi</span> <span class='ocrx_word' id='word_1_191' title='bbox 502 2438 662 2479; x_wconf 64' lang='lat' dir='ltr'>vitaturus]</span> <span class='ocrx_word' id='word_1_192' title='bbox 686 2438 810 2469; x_wconf 81' lang='lat' dir='ltr'>Rursus</span> <span class='ocrx_word' id='word_1_193' title='bbox 824 2448 890 2470; x_wconf 84' lang='lat' dir='ltr'>ma-</span> 
     </span>
     <span class='ocr_line' id='line_1_38' title="bbox 220 2486 891 2529; baseline 0.003 -12"><span class='ocrx_word' id='word_1_194' title='bbox 220 2486 429 2528; x_wconf 85' lang='lat' dir='ltr'>nuscriptum,</span> <span class='ocrx_word' id='word_1_195' title='bbox 450 2487 491 2517; x_wconf 82' lang='lat' dir='ltr'>At</span> <span class='ocrx_word' id='word_1_196' title='bbox 517 2488 590 2517; x_wconf 84' lang='lat' dir='ltr'>mihi</span> <span class='ocrx_word' id='word_1_197' title='bbox 613 2494 781 2518; x_wconf 78' lang='lat' dir='ltr'>maternos.-</span> <span class='ocrx_word' id='word_1_198' title='bbox 806 2488 891 2529; x_wconf 88' lang='lat' dir='ltr'>quod</span> 
     </span>
     <span class='ocr_line' id='line_1_39' title="bbox 219 2536 891 2579; baseline 0.003 -12"><span class='ocrx_word' id='word_1_199' title='bbox 219 2536 387 2578; x_wconf 83' lang='lat' dir='ltr'>sequentia</span> <span class='ocrx_word' id='word_1_200' title='bbox 417 2536 580 2568; x_wconf 85' lang='lat' dir='ltr'>declarant</span> <span class='ocrx_word' id='word_1_201' title='bbox 609 2548 670 2568; x_wconf 89' lang='lat' dir='ltr'>non</span> <span class='ocrx_word' id='word_1_202' title='bbox 698 2537 792 2579; x_wconf 84' lang='lat' dir='ltr'>plane</span> <span class='ocrx_word' id='word_1_203' title='bbox 823 2548 891 2569; x_wconf 85' lang='lat' dir='ltr'>esse</span> 
     </span>
     <span class='ocr_line' id='line_1_40' title="bbox 220 2585 892 2628; baseline 0.003 -12"><span class='ocrx_word' id='word_1_204' title='bbox 220 2585 385 2628; x_wconf 80' lang='lat' dir='ltr'>ineptum;</span> <span class='ocrx_word' id='word_1_205' title='bbox 410 2596 482 2617; x_wconf 88' lang='lat' dir='ltr'>nam</span> <span class='ocrx_word' id='word_1_206' title='bbox 509 2586 548 2617; x_wconf 81' lang='lat' dir='ltr'>ad</span> <span class='ocrx_word' id='word_1_207' title='bbox 579 2587 706 2617; x_wconf 78' lang='lat' dir='ltr'>arbores</span> <span class='ocrx_word' id='word_1_208' title='bbox 736 2588 892 2619; x_wconf 78' lang='lat' dir='ltr'>transferri</span> 
     </span>
     <span class='ocr_line' id='line_1_41' title="bbox 223 2634 600 2667; baseline 0.005 -2"><span class='ocrx_word' id='word_1_209' title='bbox 223 2635 315 2666; x_wconf 87' lang='lat' dir='ltr'>modo</span> <span class='ocrx_word' id='word_1_210' title='bbox 331 2634 480 2667; x_wconf 84' lang='lat' dir='ltr'>diximus.</span> <span class='ocrx_word' id='word_1_211' title='bbox 518 2635 600 2667; x_wconf 59' lang='lat' dir='ltr'>FAn.</span> 
     </span>
    </p>

    <p class='ocr_par' dir='ltr' id='par_1_17' title="bbox 222 2686 891 2776">
     <span class='ocr_line' id='line_1_42' title="bbox 265 2686 891 2717; baseline 0.002 -1"><span class='ocrx_word' id='word_1_212' title='bbox 265 2686 321 2717; x_wconf 89' lang='grc'>95.</span> <span class='ocrx_word' id='word_1_213' title='bbox 335 2686 466 2716; x_wconf 80' lang='lat' dir='ltr'>Lamina</span> <span class='ocrx_word' id='word_1_214' title='bbox 482 2687 579 2717; x_wconf 75' lang='lat' dir='ltr'>mollis</span> <span class='ocrx_word' id='word_1_215' title='bbox 592 2686 692 2717; x_wconf 82' lang='lat' dir='ltr'>adhuc</span> <span class='ocrx_word' id='word_1_216' title='bbox 705 2692 805 2717; x_wconf 77' lang='lat' dir='ltr'>tenero</span> <span class='ocrx_word' id='word_1_217' title='bbox 820 2688 891 2717; x_wconf 79' lang='lat' dir='ltr'>dum</span> 
     </span>
     <span class='ocr_line' id='line_1_43' title="bbox 222 2735 890 2776; baseline 0.003 -11"><span class='ocrx_word' id='word_1_218' title='bbox 222 2735 311 2772; x_wconf 78' lang='lat' dir='ltr'>lacte,</span> <span class='ocrx_word' id='word_1_219' title='bbox 339 2736 418 2776; x_wconf 80' lang='lat' dir='ltr'>etc.]</span> <span class='ocrx_word' id='word_1_220' title='bbox 456 2735 544 2767; x_wconf 90' lang='lat' dir='ltr'>Dum</span> <span class='ocrx_word' id='word_1_221' title='bbox 570 2745 684 2767; x_wconf 86' lang='lat' dir='ltr'>succus</span> <span class='ocrx_word' id='word_1_222' title='bbox 710 2742 755 2767; x_wconf 86' lang='lat' dir='ltr'>est</span> <span class='ocrx_word' id='word_1_223' title='bbox 786 2736 890 2767; x_wconf 84' lang='lat' dir='ltr'>adhuc</span> 
     </span>
    </p>
   </div>
   <div class='ocr_carea' id='block_1_15' title="bbox 954 1838 1632 2779">
    <p class='ocr_par' dir='ltr' id='par_1_18' title="bbox 954 1838 1629 2181">
     <span class='ocr_line' id='line_1_44' title="bbox 954 1838 1628 1882; baseline -0.001 -10"><span class='ocrx_word' id='word_1_224' title='bbox 954 1841 1077 1872; x_wconf 82' lang='lat' dir='ltr'>lacteus</span> <span class='ocrx_word' id='word_1_225' title='bbox 1098 1840 1210 1882; x_wconf 84' lang='lat' dir='ltr'>magis,</span> <span class='ocrx_word' id='word_1_226' title='bbox 1226 1850 1322 1882; x_wconf 85' lang='lat' dir='ltr'>quam</span> <span class='ocrx_word' id='word_1_227' title='bbox 1338 1839 1484 1871; x_wconf 84' lang='lat' dir='ltr'>nucleus.</span> <span class='ocrx_word' id='word_1_228' title='bbox 1519 1839 1572 1871; x_wconf 89' lang='lat' dir='ltr'>Sic</span> <span class='ocrx_word' id='word_1_229' title='bbox 1586 1838 1628 1871; x_wconf 81' lang='lat' dir='ltr'>de</span> 
     </span>
     <span class='ocr_line' id='line_1_45' title="bbox 955 1889 1627 1932; baseline 0.001 -12"><span class='ocrx_word' id='word_1_230' title='bbox 955 1890 1117 1922; x_wconf 83' lang='lat' dir='ltr'>frumentis</span> <span class='ocrx_word' id='word_1_231' title='bbox 1133 1890 1247 1932; x_wconf 80' lang='lat' dir='ltr'>Virgil.</span> <span class='ocrx_word' id='word_1_232' title='bbox 1264 1890 1384 1932; x_wconf 81' lang='lat' dir='ltr'>Georg.</span> <span class='ocrx_word' id='word_1_233' title='bbox 1400 1889 1422 1920; x_wconf 91' lang='lat' dir='ltr'>i.</span> <span class='ocrx_word' id='word_1_234' title='bbox 1437 1890 1512 1921; x_wconf 84' lang='lat'>315.</span> <span class='ocrx_word' id='word_1_235' title='bbox 1527 1899 1627 1932; x_wconf 88' lang='lat' dir='ltr'>quum</span> 
     </span>
     <span class='ocr_line' id='line_1_46' title="bbox 956 1940 1627 1983; baseline 0 -12"><span class='ocrx_word' id='word_1_236' title='bbox 956 1946 976 1958; x_wconf 80' lang='lat'>¹·</span> <span class='ocrx_word' id='word_1_237' title='bbox 997 1963 1005 1971; x_wconf 93' lang='lat'><strong><em>.</em></strong></span> <span class='ocrx_word' id='word_1_238' title='bbox 1019 1963 1026 1972; x_wconf 90' lang='lat'><strong>.</strong></span> <span class='ocrx_word' id='word_1_239' title='bbox 1041 1963 1049 1972; x_wconf 83' lang='lat'><strong>.</strong></span> <span class='ocrx_word' id='word_1_240' title='bbox 1061 1964 1069 1971; x_wconf 90' lang='lat'>.</span> <span class='ocrx_word' id='word_1_241' title='bbox 1086 1941 1124 1971; x_wconf 93' lang='lat' dir='ltr'>In</span> <span class='ocrx_word' id='word_1_242' title='bbox 1136 1940 1229 1971; x_wconf 89' lang='lat' dir='ltr'>viridi</span> <span class='ocrx_word' id='word_1_243' title='bbox 1248 1940 1367 1983; x_wconf 89' lang='lat' dir='ltr'>stipula</span> <span class='ocrx_word' id='word_1_244' title='bbox 1391 1941 1538 1971; x_wconf 79' lang='lat' dir='ltr'>lactentia</span> <span class='ocrx_word' id='word_1_245' title='bbox 1560 1945 1627 1971; x_wconf 87' lang='lat' dir='ltr'>tur-</span> 
     </span>
     <span class='ocr_line' id='line_1_47' title="bbox 955 1989 1629 2031; baseline -0.001 -10"><span class='ocrx_word' id='word_1_246' title='bbox 955 1990 1063 2031; x_wconf 81' lang='lat' dir='ltr'>gent.”</span> <span class='ocrx_word' id='word_1_247' title='bbox 1120 1989 1252 2021; x_wconf 83' lang='lat' dir='ltr'>Lamina</span> <span class='ocrx_word' id='word_1_248' title='bbox 1288 1989 1438 2021; x_wconf 80' lang='lat' dir='ltr'>corticem</span> <span class='ocrx_word' id='word_1_249' title='bbox 1469 1989 1629 2031; x_wconf 86' lang='lat' dir='ltr'>designat,</span> 
     </span>
     <span class='ocr_line' id='line_1_48' title="bbox 956 2038 1629 2082; baseline 0 -12"><span class='ocrx_word' id='word_1_250' title='bbox 956 2050 1026 2081; x_wconf 82' lang='lat' dir='ltr'>quae</span> <span class='ocrx_word' id='word_1_251' title='bbox 1053 2041 1152 2070; x_wconf 83' lang='lat' dir='ltr'>mollis</span> <span class='ocrx_word' id='word_1_252' title='bbox 1175 2039 1322 2082; x_wconf 88' lang='lat' dir='ltr'>primum,</span> <span class='ocrx_word' id='word_1_253' title='bbox 1343 2044 1376 2070; x_wconf 88' lang='lat' dir='ltr'>et</span> <span class='ocrx_word' id='word_1_254' title='bbox 1401 2038 1492 2081; x_wconf 87' lang='lat' dir='ltr'>quasi</span> <span class='ocrx_word' id='word_1_255' title='bbox 1518 2039 1629 2076; x_wconf 78' lang='lat' dir='ltr'>lactea,</span> 
     </span>
     <span class='ocr_line' id='line_1_49' title="bbox 956 2087 1629 2130; baseline 0 -10"><span class='ocrx_word' id='word_1_256' title='bbox 956 2088 1071 2121; x_wconf 84' lang='lat' dir='ltr'>sensim</span> <span class='ocrx_word' id='word_1_257' title='bbox 1117 2088 1266 2125; x_wconf 83' lang='lat' dir='ltr'>durescit,</span> <span class='ocrx_word' id='word_1_258' title='bbox 1305 2088 1402 2130; x_wconf 87' lang='lat' dir='ltr'>fitque</span> <span class='ocrx_word' id='word_1_259' title='bbox 1443 2087 1629 2120; x_wconf 79' lang='lat' dir='ltr'>maturitate</span> 
     </span>
     <span class='ocr_line' id='line_1_50' title="bbox 957 2137 1512 2181; baseline 0.002 -12"><span class='ocrx_word' id='word_1_260' title='bbox 957 2139 1090 2181; x_wconf 85' lang='lat' dir='ltr'>lignum,</span> <span class='ocrx_word' id='word_1_261' title='bbox 1107 2144 1140 2169; x_wconf 90' lang='lat' dir='ltr'>et</span> <span class='ocrx_word' id='word_1_262' title='bbox 1155 2138 1283 2180; x_wconf 81' lang='lat' dir='ltr'>quidem</span> <span class='ocrx_word' id='word_1_263' title='bbox 1299 2137 1512 2170; x_wconf 82' lang='lat' dir='ltr'>durissimum.</span> 
     </span>
    </p>

    <p class='ocr_par' dir='ltr' id='par_1_19' title="bbox 958 2184 1630 2480">
     <span class='ocr_line' id='line_1_51' title="bbox 1002 2184 1628 2230; baseline 0 -11"><span class='ocrx_word' id='word_1_264' title='bbox 1002 2184 1057 2219; x_wconf 89' lang='lat'>99.</span> <span class='ocrx_word' id='word_1_265' title='bbox 1083 2189 1114 2219; x_wconf 86' lang='lat' dir='ltr'>Si</span> <span class='ocrx_word' id='word_1_266' title='bbox 1130 2190 1195 2229; x_wconf 76' lang='lat' dir='ltr'>fiat</span> <span class='ocrx_word' id='word_1_267' title='bbox 1220 2190 1314 2227; x_wconf 78' lang='lat' dir='ltr'>rapti,</span> <span class='ocrx_word' id='word_1_268' title='bbox 1332 2187 1410 2229; x_wconf 89' lang='lat' dir='ltr'>etc.]</span> <span class='ocrx_word' id='word_1_269' title='bbox 1437 2187 1481 2218; x_wconf 87' lang='lat' dir='ltr'>Ut</span> <span class='ocrx_word' id='word_1_270' title='bbox 1496 2187 1628 2230; x_wconf 83' lang='lat' dir='ltr'>ubique,</span> 
     </span>
     <span class='ocr_line' id='line_1_52' title="bbox 959 2237 1630 2280; baseline 0.001 -11"><span class='ocrx_word' id='word_1_271' title='bbox 959 2238 1076 2269; x_wconf 80' lang='lat' dir='ltr'>malum</span> <span class='ocrx_word' id='word_1_272' title='bbox 1106 2239 1157 2269; x_wconf 72' lang='lat' dir='ltr'>laic</span> <span class='ocrx_word' id='word_1_273' title='bbox 1183 2243 1367 2280; x_wconf 84' lang='lat' dir='ltr'>exaggerat,</span> <span class='ocrx_word' id='word_1_274' title='bbox 1398 2248 1436 2269; x_wconf 84' lang='lat' dir='ltr'>ex</span> <span class='ocrx_word' id='word_1_275' title='bbox 1462 2237 1555 2270; x_wconf 91' lang='lat' dir='ltr'>modo</span> <span class='ocrx_word' id='word_1_276' title='bbox 1579 2248 1630 2270; x_wconf 87' lang='lat' dir='ltr'>ra-</span> 
     </span>
     <span class='ocr_line' id='line_1_53' title="bbox 958 2287 1630 2330; baseline 0.003 -11"><span class='ocrx_word' id='word_1_277' title='bbox 958 2289 1055 2330; x_wconf 88' lang='lat' dir='ltr'>pinae.</span> <span class='ocrx_word' id='word_1_278' title='bbox 1091 2288 1162 2319; x_wconf 89' lang='lat' dir='ltr'>Non</span> <span class='ocrx_word' id='word_1_279' title='bbox 1179 2289 1280 2319; x_wconf 90' lang='lat' dir='ltr'>solum</span> <span class='ocrx_word' id='word_1_280' title='bbox 1296 2287 1458 2319; x_wconf 76' lang='lat' dir='ltr'>fraudatur</span> <span class='ocrx_word' id='word_1_281' title='bbox 1472 2287 1630 2327; x_wconf 81' lang='lat' dir='ltr'>dominus.</span> 
     </span>
     <span class='ocr_line' id='line_1_54' title="bbox 959 2337 1628 2380; baseline 0.003 -11"><span class='ocrx_word' id='word_1_282' title='bbox 959 2338 1013 2370; x_wconf 86' lang='lat' dir='ltr'>sed</span> <span class='ocrx_word' id='word_1_283' title='bbox 1039 2339 1111 2380; x_wconf 87' lang='lat' dir='ltr'>plus</span> <span class='ocrx_word' id='word_1_284' title='bbox 1137 2339 1240 2370; x_wconf 83' lang='lat' dir='ltr'>aufert</span> <span class='ocrx_word' id='word_1_285' title='bbox 1263 2343 1386 2380; x_wconf 86' lang='lat' dir='ltr'>raptor;</span> <span class='ocrx_word' id='word_1_286' title='bbox 1411 2337 1465 2380; x_wconf 90' lang='lat' dir='ltr'>qui</span> <span class='ocrx_word' id='word_1_287' title='bbox 1491 2338 1517 2369; x_wconf 88' lang='lat' dir='ltr'>si</span> <span class='ocrx_word' id='word_1_288' title='bbox 1535 2338 1628 2371; x_wconf 87' lang='lat' dir='ltr'>dimi-</span> 
     </span>
     <span class='ocr_line' id='line_1_55' title="bbox 959 2388 1630 2429; baseline 0.001 -10"><span class='ocrx_word' id='word_1_289' title='bbox 959 2388 1045 2419; x_wconf 83' lang='lat' dir='ltr'>diam</span> <span class='ocrx_word' id='word_1_290' title='bbox 1071 2389 1196 2425; x_wconf 84' lang='lat' dir='ltr'>saltem,</span> <span class='ocrx_word' id='word_1_291' title='bbox 1224 2399 1285 2419; x_wconf 86' lang='lat' dir='ltr'>non</span> <span class='ocrx_word' id='word_1_292' title='bbox 1305 2399 1378 2420; x_wconf 91' lang='lat' dir='ltr'>vero</span> <span class='ocrx_word' id='word_1_293' title='bbox 1402 2390 1545 2429; x_wconf 81' lang='lat' dir='ltr'>majorem</span> <span class='ocrx_word' id='word_1_294' title='bbox 1570 2389 1630 2421; x_wconf 81' lang='lat' dir='ltr'>tol-</span> 
     </span>
     <span class='ocr_line' id='line_1_56' title="bbox 959 2437 1193 2480; baseline 0 -12"><span class='ocrx_word' id='word_1_295' title='bbox 959 2437 1037 2469; x_wconf 89' lang='lat' dir='ltr'>leret</span> <span class='ocrx_word' id='word_1_296' title='bbox 1052 2438 1193 2480; x_wconf 75' lang='lat' dir='ltr'>partem!</span> 
     </span>
    </p>

    <p class='ocr_par' dir='ltr' id='par_1_20' title="bbox 960 2487 1632 2779">
     <span class='ocr_line' id='line_1_57' title="bbox 1007 2487 1631 2529; baseline 0.002 -10"><span class='ocrx_word' id='word_1_297' title='bbox 1007 2489 1079 2519; x_wconf 89' lang='lat'>103.</span> <span class='ocrx_word' id='word_1_298' title='bbox 1104 2489 1236 2519; x_wconf 81' lang='lat' dir='ltr'>AEstibus</span> <span class='ocrx_word' id='word_1_299' title='bbox 1256 2488 1315 2524; x_wconf 82' lang='lat' dir='ltr'>hic,</span> <span class='ocrx_word' id='word_1_300' title='bbox 1338 2488 1387 2519; x_wconf 84' lang='lat' dir='ltr'>hic</span> <span class='ocrx_word' id='word_1_301' title='bbox 1410 2487 1484 2529; x_wconf 61' lang='lat' dir='ltr'>ma]</span> <span class='ocrx_word' id='word_1_302' title='bbox 1508 2488 1631 2521; x_wconf 82' lang='lat' dir='ltr'>Odiosa</span> 
     </span>
     <span class='ocr_line' id='line_1_58' title="bbox 961 2537 1632 2579; baseline 0.004 -12"><span class='ocrx_word' id='word_1_303' title='bbox 961 2537 1104 2579; x_wconf 79' lang='lat' dir='ltr'>repetitio</span> <span class='ocrx_word' id='word_1_304' title='bbox 1132 2544 1163 2568; x_wconf 85' lang='lat' dir='ltr'>et</span> <span class='ocrx_word' id='word_1_305' title='bbox 1190 2538 1314 2579; x_wconf 88' lang='lat' dir='ltr'>ingrata</span> <span class='ocrx_word' id='word_1_306' title='bbox 1342 2539 1401 2569; x_wconf 81' lang='grc' dir='ltr'>τοῦ</span> <span class='ocrx_word' id='word_1_307' title='bbox 1425 2538 1495 2569; x_wconf 80' lang='lat' dir='ltr'>hic:</span> <span class='ocrx_word' id='word_1_308' title='bbox 1529 2537 1632 2570; x_wconf 86' lang='lat' dir='ltr'>scribe</span> 
     </span>
     <span class='ocr_line' id='line_1_59' title="bbox 961 2587 1632 2630; baseline 0.003 -13"><span class='ocrx_word' id='word_1_309' title='bbox 961 2598 1033 2618; x_wconf 85' lang='lat' dir='ltr'>cum</span> <span class='ocrx_word' id='word_1_310' title='bbox 1046 2587 1257 2630; x_wconf 87' lang='lat' dir='ltr'>Neapolitano</span> <span class='ocrx_word' id='word_1_311' title='bbox 1270 2600 1275 2617; x_wconf 75' lang='grc' dir='ltr'>ε</span> <span class='ocrx_word' id='word_1_312' title='bbox 1293 2592 1312 2605; x_wconf 87' lang='grc'>“</span> <span class='ocrx_word' id='word_1_313' title='bbox 1323 2587 1536 2624; x_wconf 79' lang='lat' dir='ltr'>AEstibushic‚</span> <span class='ocrx_word' id='word_1_314' title='bbox 1549 2589 1632 2620; x_wconf 73' lang='lat' dir='ltr'>alim</span> 
     </span>
     <span class='ocr_line' id='line_1_60' title="bbox 960 2636 1630 2678; baseline 0 -10"><span class='ocrx_word' id='word_1_315' title='bbox 960 2637 1127 2676; x_wconf 79' lang='lat' dir='ltr'>spoliatam</span> <span class='ocrx_word' id='word_1_316' title='bbox 1166 2636 1278 2678; x_wconf 84' lang='lat' dir='ltr'>frigore</span> <span class='ocrx_word' id='word_1_317' title='bbox 1314 2636 1453 2668; x_wconf 84' lang='lat' dir='ltr'>credit.’&#39;</span> <span class='ocrx_word' id='word_1_318' title='bbox 1485 2637 1522 2668; x_wconf 86' lang='grc' dir='ltr'>Β.</span> <span class='ocrx_word' id='word_1_319' title='bbox 1577 2636 1630 2669; x_wconf 87' lang='lat' dir='ltr'>Sic</span> 
     </span>
     <span class='ocr_line' id='line_1_61' title="bbox 963 2686 1631 2730; baseline 0.001 -13"><span class='ocrx_word' id='word_1_320' title='bbox 963 2687 1096 2718; x_wconf 83' lang='lat' dir='ltr'>Metam.</span> <span class='ocrx_word' id='word_1_321' title='bbox 1122 2687 1201 2718; x_wconf 87' lang='lat' dir='ltr'>libro</span> <span class='ocrx_word' id='word_1_322' title='bbox 1226 2686 1247 2719; x_wconf 91' lang='lat' dir='ltr'>i.</span> <span class='ocrx_word' id='word_1_323' title='bbox 1262 2688 1346 2719; x_wconf 88' lang='lat'><strong>293:</strong></span> <span class='ocrx_word' id='word_1_324' title='bbox 1371 2691 1392 2705; x_wconf 83' lang='lat'>¹‘</span> <span class='ocrx_word' id='word_1_325' title='bbox 1411 2687 1558 2730; x_wconf 82' lang='lat' dir='ltr'>Occupat</span> <span class='ocrx_word' id='word_1_326' title='bbox 1581 2687 1631 2718; x_wconf 75' lang='lat' dir='ltr'>hic</span> 
     </span>
     <span class='ocr_line' id='line_1_62' title="bbox 961 2735 1608 2779; baseline 0 -12"><span class='ocrx_word' id='word_1_327' title='bbox 961 2736 1074 2768; x_wconf 85' lang='lat' dir='ltr'>collem</span> <span class='ocrx_word' id='word_1_328' title='bbox 1091 2748 1098 2774; x_wconf 88' lang='lat'>;</span> <span class='ocrx_word' id='word_1_329' title='bbox 1122 2737 1237 2779; x_wconf 85' lang='lat' dir='ltr'>cymba</span> <span class='ocrx_word' id='word_1_330' title='bbox 1251 2736 1341 2769; x_wconf 84' lang='lat' dir='ltr'>sedet</span> <span class='ocrx_word' id='word_1_331' title='bbox 1356 2738 1435 2768; x_wconf 82' lang='lat' dir='ltr'>alter</span> <span class='ocrx_word' id='word_1_332' title='bbox 1450 2735 1608 2769; x_wconf 76' lang='lat' dir='ltr'>adunca.’&#39;</span> 
     </span>
    </p>
   </div>
   <div class='ocr_carea' id='block_1_16' title="bbox 1741 42 1809 3220">
    <p class='ocr_par' dir='ltr' id='par_1_21' title="bbox 1741 42 1809 3220">
     <span class='ocr_line' id='line_1_63' title="bbox 1741 42 1809 3220; baseline 0 0"><span class='ocrx_word' id='word_1_333' title='bbox 1741 42 1809 3220; x_wconf 95' lang='lat' dir='ltr'> </span> 
     </span>
    </p>
   </div>
  </div>
 </body>
</html>
