1830 3220
542 175 889 218 FASTORUM
927 176 987 216 Ll
1001 175 1048 216 Β.
1088 174 1165 216 VI.

1477 175 1564 216 335

141 294 377 343 Herculis
404 293 641 351 adventu,
669 308 785 357 quae
813 292 911 339 vim
939 292 1089 339 modo
1115 291 1242 339 ferre
1270 292 1531 356 parabant,

206 372 397 436 Turpia
421 370 650 419 femineae
677 378 819 433 terga
844 370 1032 418 dedere
1057 369 1206 432 fugae.

139 450 276 506 Quid
296 450 428 515 petis
448 450 584 506 hinc,
606 456 852 513 cognorat
872 449 1024 504 enim,
1043 455 1315 496 matertera
1337 446 1528 494 Bacchi
1548 447 1565 493 ’ἐ

207 528 286 575 An
315 544 519 584 numen,
549 528 685 591 quod
712 543 810 583 me,
839 534 888 575 te
917 542 1123 590 quoque
1150 533 1318 581 vexat,
1348 525 1445 573 ait?

141 605 236 655 Illa
262 607 414 655 docet
439 607 647 672 partim;
692 605 876 670 partim
903 605 1176 669 praesentia
1202 605 1303 652 nati

1470 605 1567 650 525

209 685 483 734 Continet:
525 693 576 733 et
600 684 741 733 furiis
769 685 819 732 in
845 685 1013 732 scelus
1041 684 1141 731 isse
1168 683 1342 748 pudet.

142 764 355 820 Rumor,
383 771 438 811 ut
463 771 543 812 est
568 763 733 819 velox,
763 763 966 827 agitatis
993 762 1221 827 pervolat
1246 763 1366 819 alis;

211 842 409 906 Estque
433 841 691 906 frequens,
721 841 831 897 Ino,
861 856 1044 889 nornen
1071 840 1121 887 in
1148 856 1232 888 ore
1258 847 1418 887 tuum.

143 919 364 986 Hospita
391 920 680 969 Carmentis
706 919 834 967 fidos
861 919 1077 967 intrasse
1103 926 1315 983 penates

214 999 431 1056 Diceris,
459 1006 512 1048 et
536 1000 740 1062 longam
766 997 1068 1063 deposuisse
1094 997 1297 1045 famem.

1475 999 1573 1043 530

147 1077 274 1127 Liba
298 1095 391 1126 sua
415 1085 686 1143 properata
711 1093 862 1125 manu
887 1076 1106 1140 Tegeaea
1130 1075 1368 1124 sacerdos

213 1157 452 1205 Traditur
477 1157 526 1204 in
554 1156 723 1204 subito
749 1162 899 1204 cocta
923 1154 1129 1203 dedisse
1156 1154 1284 1202 foco.

148 1235 300 1283 Nunc
326 1251 533 1300 quoque
557 1235 660 1283 liba
678 1235 862 1298 juvant
886 1233 1029 1282 festis
1059 1232 1364 1281 Matralibus
1392 1232 1558 1280 illam:

218 1314 433 1362 Rustica
459 1312 704 1362 sedulitas
731 1311 918 1375 gratior
944 1319 1051 1359 arte
1076 1311 1186 1358 fuit.

151 1392 322 1451 Nunc,
347 1393 432 1446 ait,
459 1392 490 1439 ὃ
514 1398 673 1448 vates,
699 1391 956 1440 venientia
981 1391 1084 1439 fata
1108 1390 1326 1454 resigna,

1480 1392 1577 1437 535

216 1470 334 1527 Qua
358 1471 502 1519 licet:
543 1469 778 1535 hospitiis
804 1470 916 1526 hoc,
945 1485 1140 1534 precor,
1169 1468 1301 1517 adde
1327 1468 1472 1516 meis.

149 1549 314 1598 Parva
339 1565 479 1598 mora
503 1556 609 1598 est:
652 1550 838 1596 coelum
863 1555 1004 1596 vates
1031 1564 1089 1596 ac
1116 1547 1324 1595 numina
1348 1547 1517 1602 sumit,

221 1627 404 1692 Fitque
431 1627 507 1675 sui
532 1634 640 1675 toto
667 1633 875 1691 pectore
901 1626 1054 1690 plena
1077 1626 1177 1674 dei.

152 1706 254 1754 Vix
280 1707 418 1754 illam
445 1707 612 1756 subito
639 1722 817 1771 posses
844 1721 1175 1769 cognoscere;
1217 1712 1357 1754 tanto

224 1784 476 1842 Sanctior,
505 1791 555 1832 et
580 1791 737 1840 tanto,
766 1800 919 1848 quam
945 1784 1113 1841 modo,
1141 1784 1301 1847 major
1327 1790 1451 1831 erat.
1483 1786 1583 1831 540

199 1975 274 2006 526.
314 1974 469 2010 Continet,
507 1978 643 2010 coercet,
679 1973 831 2015 reprimit,

154 2024 309 2067 impedit3
334 2023 459 2060 Cicero,
485 2023 658 2066 Haruspic.
682 2023 783 2065 Resp.
803 2025 832 2055 l.

156 2073 368 2104 Exsultantem
385 2075 537 2104 continui.
586 2073 664 2103 Mox
682 2072 834 2104 Heinsius

158 2134 220 2155 non
231 2125 313 2155 bene
328 2124 455 2155 volebat
465 2124 613 2164 provolat,
626 2129 661 2154 ut
672 2134 736 2154 ver.
749 2124 812 2155 443
827 2136 834 2162 ;

156 2180 191 2204 at
209 2174 253 2205 ibi
267 2175 427 2215 provolure
448 2176 481 2204 in
502 2175 645 2209 mediam,
662 2183 746 2204 nunc
767 2185 835 2214 per-

157 2226 240 2255 volat
255 2223 379 2255 scilicet
390 2224 498 2255 omnia
510 2225 582 2255 loca
596 2236 604 2263 3
630 2223 748 2255 Claud.
761 2223 837 2255 xxii.

159 2275 242 2306 408:
282 2280 302 2292 “
314 2275 389 2306 Jam
421 2276 521 2306 Fama
550 2273 742 2316 loquacibus
772 2275 839 2305 ales

158 2325 307 2356 Pervolat
325 2335 480 2356 oceanum
504 2325 621 2366 linguis
637 2325 668 2355 :⁷¹
694 2324 737 2355 ibi
759 2335 838 2366 quo—

160 2385 222 2417 que
238 2375 337 2406 Fama
349 2376 446 2406 alata.
478 2375 590 2406 Minus
606 2374 745 2417 graviter
756 2375 839 2406 Nos-

160 2431 208 2457 ter
223 2426 307 2457 Met.
322 2425 364 2457 vi.
385 2427 457 2457 147.
469 2437 525 2466 per
545 2425 749 2468 oppidafacti
771 2425 840 2456 Ru-

161 2487 226 2507 mor
241 2478 280 2507 it.

205 2528 281 2558 529.
305 2526 387 2558 Laeti
407 2526 478 2558 cod.
496 2527 666 2557 Carmenta:
677 2537 688 2564 ,·
714 2532 746 2557 et
763 2526 840 2556 Car-

161 2584 263 2608 menta
301 2583 333 2609 et
364 2577 538 2608 Carmentis
575 2576 664 2609 dicta
702 2575 841 2607 Evandri

163 2632 286 2668 mater3
310 2626 383 2658 vide
410 2626 529 2658 Victor.
556 2627 596 2658 de
622 2626 716 2668 Orig.
740 2626 784 2658 R.
806 2628 840 2658 5.

163 2679 217 2710 De
235 2678 358 2721 Tegeaea
375 2677 439 2709 vid.
454 2676 478 2708 i.
491 2677 568 2710 645.
607 2677 705 2708 Liba.-
722 2681 841 2708 testua-

164 2735 210 2767 tia
233 2734 456 2777 intelliguntur
468 2746 477 2774 3
514 2734 635 2767 Varro:
675 2737 697 2751 ‘¹
707 2733 841 2766 Testua·

165 2784 259 2821 tium,
274 2784 358 2827 quod
377 2784 410 2816 in
426 2789 510 2816 testu
521 2784 615 2816 caldo
626 2783 843 2826 coquebatur;

902 1981 938 2007 ut
959 1975 1056 2006 etiam
1083 1985 1167 2006 nunc
1188 1973 1382 2005 Matralibus
1405 1970 1436 2004 id
1461 1972 1582 2004 faciunt

904 2025 1088 2056 matronae.’'
1135 2024 1183 2055 Ea
1213 2023 1373 2065 quomodo
1407 2033 1445 2054 ex
1477 2033 1583 2059 caseo,

904 2075 1007 2106 farina
1033 2074 1179 2116 siliginea
1204 2079 1236 2105 et
1258 2083 1316 2104 ovo
1337 2073 1422 2104 facta
1441 2073 1515 2111 sint,
1536 2078 1584 2104 at-

905 2136 968 2167 que
992 2125 1024 2156 in
1052 2125 1123 2156 foco
1152 2123 1247 2156 caldo
1274 2124 1333 2154 sub
1360 2128 1444 2154 testu
1473 2122 1586 2156 leviter

906 2181 1010 2212 cocta,
1027 2175 1121 2206 docet
1136 2175 1219 2207 Cato
1235 2173 1275 2205 de
1291 2174 1402 2215 Agric.
1419 2174 1471 2205 75.
1497 2174 1586 2205 Subi-

908 2233 958 2257 τιιε
973 2226 1061 2257 focus
1078 2231 1126 2256 est
1143 2224 1247 2255 subito
1263 2223 1450 2255 calefactus.

952 2277 1027 2308 535.
1052 2276 1224 2318 Resiguare
1248 2275 1331 2305 bene
1359 2273 1398 2305 de
1425 2280 1510 2310 vata,
1531 2274 1586 2316 qui

908 2326 1013 2368 prodit
1030 2325 1174 2358 latentia.
1219 2324 1253 2356 Si
1273 2325 1344 2355 meis
1364 2329 1491 2366 propter
1512 2334 1586 2355 con—

908 2387 1036 2407 sensum
1058 2381 1105 2407 tot
1123 2374 1219 2406 codd.
1242 2381 1378 2411 tuemur,
1401 2373 1587 2416 interpreta-

909 2427 1025 2462 bimur,
1041 2425 1157 2468 quibus
1177 2435 1236 2466 ego
1258 2434 1277 2455 a
1297 2429 1330 2455 te
1346 2422 1498 2465 excipior.
1544 2423 1589 2454 Ut

910 2488 1027 2508 sumere
1042 2475 1197 2512 animum,
1215 2474 1297 2505 vires
1309 2473 1456 2509 dicimur,
1471 2472 1589 2515 quibus

911 2527 962 2559 vel
988 2537 1234 2562 commovemur,
1256 2525 1307 2557 vel
1329 2524 1520 2567 implemur;
1543 2523 1588 2555 sic

910 2583 1001 2610 vates
1023 2587 1110 2609 nunc
1140 2578 1232 2608 sumit
1257 2577 1386 2606 numina
1411 2579 1443 2605 et
1469 2575 1588 2610 coelum,

910 2629 977 2660 sive
995 2628 1058 2659 vim
1080 2627 1253 2659 caelestem.
1298 2625 1454 2660 Sanctior,
1473 2634 1591 2665 augus-

911 2679 996 2719 tior3
1020 2679 1066 2710 ita
1088 2677 1173 2721 apud
1198 2676 1351 2713 Plinium,
1376 2686 1449 2718 pan.
1470 2673 1536 2706 viii.
1558 2675 1590 2706 3.

913 2730 1023 2762 Nerva
1039 2733 1060 2746 “
1072 2733 1202 2771 repente
1215 2726 1251 2758 fit
1265 2726 1358 2758 solito
1373 2724 1473 2766 major
1488 2730 1521 2755 et
1534 2734 1590 2755 au-

913 2779 1067 2822 gustior‚''
1083 2777 1173 2821 quasi
1189 2777 1290 2809 forma
1304 2775 1414 2807 divina
1428 2773 1568 2806 indutus.
