1809 3220
227 191 312 233 168

613 190 661 231 Ρ.
697 189 914 232 OVIDII
949 189 1234 233 NASONIS

229 309 339 357 Nec
365 325 452 356 vos
480 308 629 355 turba
651 306 815 355 Deam
837 322 995 355 censu
1020 306 1251 355 fraudata
1275 306 1501 370 magistri

297 386 562 451 Spernite:
604 384 883 449 discipulos
911 384 1133 432 adtrahit
1157 384 1243 432 illa
1267 401 1449 443 novos;

1548 389 1646 433 830

227 464 430 528 Quique
451 480 620 512 moves
642 463 824 511 coelum
845 481 855 521 3
886 463 1217 526 tabulamque
1238 464 1492 512 coloribus
1511 463 1612 511 uris
1631 481 1642 521 ;

293 542 498 606 Quique
525 540 648 589 facis
669 541 824 588 docta
847 539 1020 588 mollia
1040 557 1165 589 saxa
1189 557 1358 589 manu.

226 620 371 668 Mille
390 620 501 667 Dea
522 626 600 667 est
623 635 857 683 operum:
888 626 1025 667 certe
1048 619 1161 667 Dea
1181 620 1419 668 carminis
1445 619 1532 667 illa
1551 625 1645 674 est,

295 699 349 746 Si
376 715 585 756 mereor,
615 698 794 746 studiis
823 698 956 746 adsit
981 698 1144 746 amica
1169 699 1313 747 meis.

1549 699 1644 745 834

227 777 414 825 Caelius
441 794 506 825 ex
532 777 633 826 alto
659 793 761 841 qua
785 793 930 824 mons
958 777 1226 825 descendit
1250 777 1301 824 in
1327 793 1547 840 aequum,

293 855 391 903 Hic
414 855 500 903 ubi
526 872 626 903 non
651 856 805 920 plana
829 862 922 912 est,
945 856 1034 904 sed
1054 872 1210 920 prope
1231 856 1383 920 plana
1402 855 1483 902 via
1503 860 1609 912 est;

226 933 405 991 Parva,
432 933 568 990 licet,
595 933 768 981 videas
797 933 976 997 Captae
1006 933 1220 982 delubra
1247 933 1508 987 Minervae,

293 1011 420 1067 Quae
449 1011 562 1059 Dea
586 1011 741 1059 natali
766 1011 922 1075 coepit
947 1011 1133 1058 habere
1160 1028 1268 1059 suo.

227 1089 460 1138 Nominis
487 1088 537 1136 in
563 1089 717 1136 dubio
744 1104 899 1136 causa
924 1096 1031 1136 est:
1061 1089 1281 1153 capitale
1306 1105 1544 1138 vocamus

292 1167 562 1233 Ingenium
583 1167 790 1215 sollers:
832 1166 1094 1230 ingeniosa
1120 1167 1233 1216 Dea
1258 1175 1353 1217 est.

222 1351 317 1382 MSS.
346 1349 499 1392 recipere,
533 1353 566 1380 et
594 1359 687 1379 censu.
706 1347 897 1389 fraudatam

222 1400 368 1442 intelligo
391 1409 577 1442 pauperem.
618 1397 702 1428 Nam
720 1396 899 1438 fraudatas

223 1450 351 1482 omnino
386 1454 434 1481 est
470 1448 622 1491 privatus,
654 1446 835 1481 destitutus,
866 1450 898 1475 et

223 1511 339 1536 census,
369 1510 463 1542 opes;
497 1498 542 1530 sic
572 1497 678 1528 omnia
707 1495 784 1526 mihi
813 1495 899 1526 clara

222 1550 383 1582 videntur.
430 1550 496 1580 Vos
530 1547 683 1590 magistri,
713 1546 790 1578 licet
819 1556 894 1588 pau-

223 1611 315 1643 peres
339 1599 419 1636 sitis‚
435 1610 474 1631 ne
495 1598 640 1630 dubitate
661 1597 741 1628 Deae
767 1607 899 1627 munera

223 1648 357 1688 afferre;
381 1648 526 1680 adtrahet
554 1648 610 1679 illa
636 1657 732 1678 novos
758 1646 897 1688 discipu-

223 1700 283 1737 los,
300 1705 395 1741 atque
411 1699 455 1730 ita
471 1698 625 1741 pietatem
641 1702 777 1728 vestram
793 1707 897 1727 remu-

224 1749 359 1782 nerabit.
405 1748 515 1779 Nihilo
532 1755 638 1779 tamen
662 1747 766 1777 minus
783 1746 834 1778 hic
852 1746 896 1777 lo-

223 1811 280 1831 cus
295 1799 388 1830 valde
404 1799 531 1830 vexavit
554 1797 668 1840 interp.
717 1797 894 1838 Vulgatur:

225 1850 291 1882 Nec
307 1861 354 1881 vos
371 1851 461 1881 turba
471 1848 543 1891 feri
561 1860 649 1879 censu
657 1848 818 1891 fraudata
834 1860 897 1878 ma-

222 1902 313 1943 gistri
330 1900 480 1940 Spernite.
518 1898 673 1941 Neapolis
689 1908 726 1929 ex
740 1897 899 1928 Macrobii

223 1951 244 1982 i.
260 1951 386 1981 Saturn.
406 1950 455 1981 ll.
476 1949 616 1985 notabat,
638 1948 696 1979 hoc
720 1958 828 1979 mense
851 1958 899 1978 so-

224 2000 328 2031 lutum
355 2010 423 2031 esse
453 1999 634 2030 didactrum
663 2008 681 2028 a
712 1997 900 2039 discipulis;

225 2048 342 2080 deinde
364 2049 515 2090 fingebat,
531 2058 655 2090 pueros,
673 2046 727 2089 qui
749 2046 830 2078 illud
852 2046 899 2077 di-

225 2099 371 2130 dactrum
386 2098 446 2130 sibi
459 2108 477 2129 a
491 2097 676 2140 parentibus
691 2096 802 2128 datum
819 2103 898 2127 tem-

225 2160 300 2192 pore
317 2148 464 2180 feriarum
480 2147 564 2179 ludis
577 2153 609 2178 et
623 2147 764 2178 bellariis
776 2148 897 2188 impen-

225 2199 339 2236 derint,
367 2204 480 2242 postea
506 2204 593 2229 metu
622 2204 653 2229 et
687 2196 807 2239 pudore
837 2207 899 2228 non

225 2260 318 2281 ausos
340 2259 409 2280 esse
429 2248 469 2280 ad
491 2247 632 2279 scholam
656 2246 807 2279 accedere
820 2259 829 2286 3
853 2247 898 2278 sic

226 2299 391 2341 magistros
411 2309 512 2335 censa,
530 2297 700 2340 stipendio,
724 2307 792 2327 esse
815 2297 898 2328 frau-

227 2349 318 2381 datos
340 2355 372 2379 et
391 2347 545 2379 Ovidium
568 2358 620 2379 eos
636 2353 803 2390 propterea
823 2356 898 2377 cou—

227 2398 334 2431 solari.
382 2397 573 2434 Gronovius,
599 2397 639 2428 de
664 2397 739 2428 Pec.
760 2402 837 2429 vett.
857 2397 899 2428 iv.

228 2449 262 2480 2.
278 2448 487 2480 emendabat:
515 2447 581 2478 Nec
596 2458 644 2478 vos
660 2453 729 2478 ture
741 2446 813 2487 feri
828 2458 899 2478 cen-

227 2498 457 2540 sumfraudare
470 2497 610 2539 magistri
623 2496 779 2536 Spernite3
798 2495 899 2527 Hein-

227 2547 293 2579 sius
318 2547 515 2588 corrigebat:
544 2546 608 2577 Nec
633 2557 681 2576 vos
703 2557 761 2576 aere
785 2547 900 2577 brevem

228 2598 514 2640 censum-fraudare
529 2598 670 2638 magistri
684 2597 836 2636 Spernite,
849 2596 900 2627 vel

228 2649 323 2680 etiam
345 2660 402 2680 ae‘re
427 2649 519 2685 brevi,
535 2647 559 2678 i.
572 2658 600 2678 e.
616 2646 696 2690 stipe
714 2646 830 2688 exigua
846 2657 902 2677 no-

229 2709 338 2730 vorum
367 2697 615 2740 discipulorum;
639 2706 709 2727 eam
737 2696 902 2737 magistros

229 2747 484 2790 Quinquatribus
514 2745 669 2778 Minervae
702 2756 902 2777 consecrasse

230 2797 356 2830 nomine
376 2797 576 2829 Minervalis.
633 2796 802 2828 Taubnero
826 2795 902 2827 arri-

1548 1169 1645 1215 840

967 1345 1063 1377 debat
1080 1352 1111 1378 et
1128 1346 1206 1378 ratio
1220 1347 1385 1390 Neapolis,
1397 1351 1428 1379 et
1446 1346 1542 1379 lectio
1555 1357 1644 1378 sensu

957 1397 1117 1438 fraudata
1127 1409 1138 1434 ,·
1150 1396 1267 1429 etenim
1267 1398 1356 1438 feros
1367 1396 1533 1439 magistros
1545 1397 1642 1428 ferme

968 1457 1036 1478 esse
1055 1458 1142 1479 sensa
1156 1448 1340 1489 fraudatos,
1358 1453 1390 1478 et
1413 1447 1445 1478 in
1468 1457 1565 1489 parvo
1588 1445 1643 1477 ho-

967 1508 1042 1529 nore
1068 1497 1163 1529 fuisse
1190 1498 1334 1540 plagosos
1360 1497 1510 1530 Orbilios.
1557 1497 1642 1528 Hinc

967 1548 1044 1579 satis
1060 1547 1195 1590 intelligi
1214 1548 1355 1583 arbitror,
1373 1559 1436 1591 quo
1452 1548 1533 1580 salsa
1548 1547 1644 1580 lectio

968 1598 1049 1629 viros
1065 1598 1160 1629 etiam
1178 1598 1289 1629 doctos
1305 1597 1456 1629 deducat.

1012 1649 1072 1679 831
1096 1659 1144 1690 sq.
1170 1649 1366 1690 Sculptores‚
1388 1647 1536 1691 pictores,
1560 1657 1642 1678 mar-

967 1699 1117 1730 morarios
1148 1698 1381 1741 complectitur.
1436 1698 1564 1735 Coelum‚
1594 1697 1643 1728 in-

967 1755 1177 1780 strumentum
1210 1749 1417 1791 sculptorum,
1450 1757 1644 1790 quamquam

967 1804 999 1830 et
1015 1798 1148 1830 aliorum
1165 1798 1334 1829 artificum.
1380 1797 1465 1829 Vide
1482 1796 1643 1839 Heynium

967 1847 999 1879 in
1017 1849 1123 1890 Antiq.
1139 1849 1337 1891 Aajisaetzen,
1353 1847 1392 1878 P.
1411 1847 1459 1878 II.
1476 1857 1548 1890 pag.
1567 1847 1642 1878 136.

967 1898 1028 1930 Sed
1054 1900 1243 1930 'l‘aubnerus
1267 1898 1307 1929 de
1326 1897 1401 1930 coeli
1427 1896 1553 1940 sphaera
1578 1903 1645 1928 arte

968 1948 1064 1986 sacta,
1081 1948 1185 1990 qualis
1209 1947 1305 1979 fuerit
1326 1946 1542 1984 Archimedis,
1557 1946 1643 1988 cogi-

968 1999 1069 2029 tabat.
1114 1999 1285 2029 Encaustae
1300 1998 1436 2028 tabulam
1450 1997 1581 2027 urebant
1597 2007 1645 2027 co-

970 2048 1094 2084 loribus,
1110 2047 1142 2078 h.
1154 2058 1182 2079 e.
1199 2057 1287 2078 ceras
1302 2047 1472 2078 inurebant
1487 2056 1645 2088 expansas

968 2108 1061 2139 super
1084 2097 1155 2128 loco
1180 2096 1360 2139 pingendo;
1386 2095 1521 2132 Plinius,
1546 2106 1644 2127 xxxv.

968 2148 999 2178 4.
1047 2147 1157 2178 Mollia
1174 2147 1264 2189 signa
1279 2146 1375 2178 etiam
1394 2145 1462 2177 Cic.
1476 2145 1567 2177 Brut.
1586 2146 1642 2177 18.

967 2202 1040 2228 sunt
1054 2198 1137 2228 bene
1154 2197 1330 2233 elaborata,
1347 2195 1459 2238 polita.

1012 2248 1088 2278 835.
1105 2247 1216 2278 Caelz'as
1231 2256 1332 2281 monS.
1348 2255 1443 2288 quem
1460 2244 1532 2276 urbi
1552 2243 1643 2275 addi-

969 2297 1017 2328 dit
1043 2297 1158 2328 Tullus
1184 2296 1359 2335 Hostilius;
1398 2294 1518 2332 Livius,
1547 2294 1568 2325 i.
1590 2295 1644 2326 30.

968 2348 1019 2379 Ibi
1043 2349 1196 2379 Minervae
1223 2346 1324 2387 Captae
1347 2345 1515 2377 delubrum
1536 2343 1645 2382 fuisse,

968 2399 1064 2430 etiam
1080 2398 1117 2429 P.
1132 2396 1296 2430 Victorius
1311 2396 1351 2427 de
1365 2395 1564 2438 Regionibus
1578 2399 1642 2426 tes-

967 2454 1066 2480 tatur.
1115 2447 1254 2478 Nominis
1276 2457 1382 2477 causas
1398 2444 1534 2477 Ovidius
1549 2443 1645 2475 miras

968 2497 1126 2540 proponit,
1136 2503 1168 2528 et
1178 2496 1330 2527 Heinsius
1342 2494 1484 2531 miratur,
1494 2504 1566 2525 eum
1580 2504 1643 2524 non

969 2554 1001 2579 et
1011 2546 1096 2589 capti
1109 2545 1247 2578 Palladii
1258 2544 1450 2576 meminisse.
1480 2544 1644 2584 Capitalis,

969 2597 1162 2639 ingeniosus,
1180 2596 1277 2627 etiam
1293 2595 1363 2628 Cic.
1376 2594 1417 2626 ad
1430 2593 1544 2632 Quint.
1554 2593 1644 2624 fratr.

970 2647 1003 2678 ii.
1030 2648 1081 2678 12.
1132 2645 1217 2677 Vide
1242 2645 1362 2677 Mureti
1381 2644 1474 2676 Varr.
1494 2643 1584 2674 Lect.
1606 2641 1643 2674 ii.

974 2697 1024 2728 ll.
1084 2697 1133 2728 De
1170 2697 1290 2736 capitis,
1320 2702 1382 2726 etc.
1410 2693 1534 2725 Arnob.
1565 2692 1642 2724 adv.

972 2747 1071 2778 Gent.
1096 2746 1141 2777 iv.
1166 2755 1240 2788 pag.
1261 2745 1345 2775 137:
1370 2743 1528 2779 Minerva,
1554 2740 1644 2772 “cui

973 2797 1145 2839 Coryfasiae
1170 2805 1285 2827 nomen
1307 2799 1366 2831 est,
1382 2793 1433 2825 vel
1458 2803 1497 2824 ex
1518 2790 1643 2833 Coryfae
