1809 3220
202 161 290 203 350

608 160 660 202 P.
695 159 913 202 OVIDII
947 160 1232 204 NASONIS

205 278 423 327 Pectora
449 285 525 326 ter
552 278 732 342 tetigit,
759 285 836 327 ter
860 279 1012 327 verba
1037 279 1259 327 salubria
1281 278 1438 328 dixit:

273 356 578 422 Depositum
605 363 739 404 terra
764 357 970 405 sustulit
994 357 1078 406 ille
1104 366 1276 423 caput.

203 435 372 484 Lucus
389 435 854 499 eum,nemorisque
867 436 957 494 tui,
979 435 1254 502 Dictynna,
1269 453 1499 486 recessus
1526 439 1623 485 755

274 514 449 562 Celat:
490 513 698 562 Aricino
724 514 928 563 Virbius
955 514 1039 563 ille
1065 516 1196 563 lacu.

201 592 271 640 At
298 592 578 658 Clymenus
607 593 897 658 Clothoque
922 594 1113 652 dolent,
1142 594 1268 652 haec,
1296 594 1381 642 fila
1405 593 1586 651 reneri,

272 670 387 728 Hic,
415 671 523 719 fieri
550 671 687 736 regni
709 673 826 736 jura
851 672 1043 721 minora
1066 672 1162 720 'sui.

201 750 403 815 Jupiter
428 752 720 816 exemplum
747 751 952 808 veritus,
980 751 1167 800 direxit
1192 751 1242 799 in
1267 751 1410 800 illum

272 829 521 888 Fulmina,
548 831 636 895 qui
663 831 828 879 nimiae
856 839 1080 879 moverat
1105 831 1226 879 artis
1252 848 1417 896 opem.

832 910 972 959 Deus
999 918 1103 968 est;
1145 910 1347 974 placare
1375 909 1603 974 parenti:

202 908 414 966 Phoebe,
443 910 752 974 querebaris.

1525 833 1624 880 760

271 986 487 1052 Propter
512 995 579 1045 te,
608 988 714 1036 fieri
743 990 880 1053 quod
906 996 1058 1046 vetat,
1089 989 1197 1054 ipse
1223 988 1359 1037 facit.

202 1065 331 1114 NON
359 1083 454 1130 ego
480 1074 546 1124 te,
570 1068 797 1132 quamvis
825 1068 1119 1134 properabis
1147 1067 1364 1124 vincere,
1388 1067 1579 1125 Caesar,

271 1145 327 1193 Si
352 1154 490 1195 vetet
514 1147 812 1212 auspicium,
842 1148 986 1211 signa
1011 1164 1211 1196 movere
1236 1146 1404 1196 velim.

203 1225 318 1273 Sint
331 1224 422 1273 tibi
445 1225 722 1274 Flaminius
739 1226 1139 1290 Trasimenaque
1160 1226 1306 1274 litora
1327 1233 1503 1283 testes,
1523 1227 1620 1274 765

268 1303 368 1352 Per
391 1304 620 1352 volucres
648 1321 822 1369 aequos
849 1306 1008 1354 multa
1033 1322 1239 1354 monere
1265 1305 1408 1354 deos.

200 1381 453 1447 Tempora
475 1383 515 1431 si
541 1384 724 1432 veteris
752 1385 936 1448 quaeris
961 1385 1228 1434 temeraria
1254 1383 1454 1433 damni:

269 1461 492 1517 Quartus
519 1463 582 1510 ab
609 1471 837 1512 extremo
863 1481 1036 1513 mense
1062 1465 1141 1513 bis
1167 1464 1251 1512 ille
1276 1464 1403 1512 dies.

203 1539 281 1588 Po
293 1557 462 1587 STERA
479 1541 775 1590 luxmelior:
798 1550 1003 1607 superat
1015 1543 1290 1591 Masinissa
1303 1542 1618 1607 Syphacem;

270 1618 337 1666 Et
361 1619 546 1667 cecidit
571 1619 684 1667 telis
714 1619 1004 1669 Hasdrubal
1031 1622 1139 1687 ipse
1167 1621 1287 1669 suis.

246 1767 322 1799 753.
351 1767 446 1798 Verba
475 1767 622 1804 salubria,
647 1767 800 1806 carmina,
825 1770 872 1800 in-

200 1818 409 1854 cantationes,
423 1827 494 1859 quae
520 1817 663 1849 adhiberi
687 1818 832 1851 solebant
856 1830 875 1851 a

200 1866 345 1904 medicis,
369 1874 404 1899 ut
428 1867 503 1899 alibi
522 1867 589 1910 jam
615 1874 773 1901 notatum.
821 1870 874 1902 De

206 1918 308 1949 I'irbio
326 1925 358 1949 et
374 1918 501 1949 Aricino
522 1919 591 1949 lacu
615 1918 659 1949 iii.
676 1920 751 1951 265.
800 1921 873 1962 Cly-

202 1979 305 2000 menus
325 1967 448 2000 Graecis
471 1968 576 1999 dictus
600 1975 647 2000 est
671 1968 778 2005 Pluto,
796 1980 873 2011 qua-

202 2023 294 2050 tenus
317 2017 424 2050 omnia
447 2017 489 2049 ad
511 2029 544 2050 se
563 2024 669 2050 vocat.
713 2019 766 2050 Ad
791 2019 875 2052 hune

202 2069 298 2111 igitur
321 2068 481 2112 pertinent
501 2069 596 2101 verba
620 2070 793 2111 Hic‚jieri,
811 2078 874 2102 etc.

202 2119 472 2163 quemadmodum
503 2119 543 2150 ad
578 2120 708 2151 Parcam
747 2128 874 2153 antece-

204 2170 315 2202 dentia
327 2171 472 2212 hcet-‚fila
488 2172 600 2202 reneri.

249 2222 324 2253 760.
353 2221 413 2256 Qui
435 2223 545 2258 nimia,
568 2221 647 2262 etc.]
673 2221 737 2259 Qui
762 2222 876 2253 nimius

202 2273 307 2304 fuerat
343 2272 377 2304 in
419 2278 485 2303 arte
526 2271 649 2303 medica
682 2272 875 2310 adhibenda,

203 2321 258 2365 qui
282 2328 440 2353 mortuum
465 2321 545 2353 adeo
569 2321 601 2353 in
626 2322 725 2354 vitam
748 2333 876 2354 revoca-

204 2380 304 2405 verat.

251 2424 450 2455 763—768.
493 2423 553 2454 IX.
589 2423 757 2461 Kalendas,
795 2437 876 2455 anno

210 2475 249 2506 U.
262 2475 297 2506 C.
312 2475 388 2506 535.
403 2473 438 2504 C.
455 2473 627 2505 Flaminius
648 2485 704 2505 cos.
718 2476 758 2505 ad
776 2475 876 2506 lacum

208 2526 429 2561 Trasimenum,
451 2525 558 2565 spretis
583 2526 727 2565 auspiciis
753 2532 782 2556 et
806 2536 876 2565 pro—

202 2578 306 2619 digiis,
322 2576 450 2607 cecidit.-
473 2573 547 2606 vide
569 2574 706 2611 Livium,
721 2575 797 2606 xxii.
812 2576 825 2605 l
845 2582 877 2607 et

203 2629 245 2666 3;
268 2625 407 2662 Florum,
431 2625 479 2656 Π.
501 2623 543 2656 vi.
570 2625 629 2655 14:
657 2624 820 2656 Plutarch.
843 2625 876 2657 in

204 2676 314 2714 Fabio,
331 2677 363 2707 2.
395 2675 494 2707 caesar
510 2674 722 2706 Germanicus
737 2674 874 2717 intellig.

208 2727 346 2763 Vincere,
359 2725 509 2757 blandius
521 2735 617 2768 quam
631 2725 773 2768 praelium
789 2736 874 2756 com-

204 2777 341 2808 mittere.
386 2776 483 2819 Signa
499 2787 622 2813 movere,
641 2781 675 2807 ut
691 2782 790 2807 castra
813 2788 873 2806 ma·

1521 1624 1619 1668 770

943 1781 1031 1805 vere,·
1056 1768 1182 1805 Livius,
1200 1768 1286 1799 dicto
1300 1767 1382 1805 loco,
1398 1769 1487 1810 sigma
1503 1769 1621 1798 convel-

944 1821 1014 1851 lere.
1061 1820 1154 1861 AEquz'
1178 1819 1234 1855 dii,
1255 1824 1330 1850 sunt
1352 1818 1500 1861 propitii;
1524 1819 1623 1860 iniqui

943 1869 1027 1902 irati.
1074 1870 1215 1901 l'olacres
1244 1868 1372 1900 omnino
1402 1868 1519 1905 omina,
1549 1879 1620 1911 pro-

943 1920 1043 1963 digia,
1075 1927 1137 1952 etc.
1187 1920 1378 1951 Temerarius
1407 1918 1475 1961 ipse
1504 1918 1623 1950 Flami«

944 1972 1015 2003 nius
1042 1977 1074 2002 et
1098 1981 1116 2002 a
1140 1971 1230 2002 Livio
1255 1977 1287 2002 et
1312 1981 1330 2002 a
1354 1970 1445 2001 Floro
1469 1975 1620 2001 vocatur:

945 2021 1053 2064 itaque
1074 2022 1191 2053 Noster
1212 2021 1308 2064 paulo
1331 2020 1440 2052 durius
1461 2021 1622 2051 temeraria

947 2080 1093 2114 tempora.

990 2123 1064 2154 769.
1102 2122 1199 2153 VIII.
1229 2121 1386 2153 Kalendas
1410 2132 1493 2152 anno
1528 2120 1567 2152 U.
1586 2121 1623 2152 C.

945 2175 1022 2205 550.
1048 2174 1170 2214 Syphax*
1194 2175 1292 2204 rictas
1325 2178 1387 2209 εει,-
1416 2183 1498 2201 anno
1526 2170 1565 2202 U.
1582 2171 1622 2202 C.

945 2224 1020 2254 546.
1050 2223 1229 2254 Hasdrubal
1257 2223 1378 2253 cecidit,
1427 2220 1622 2264 Syphacem,

945 2273 1156 2305 Numidarum
1189 2283 1308 2316 regem,
1340 2271 1448 2314 Scipio
1477 2270 1622 2314 pluribus

945 2323 1064 2366 praeliis
1094 2323 1183 2360 vicit,
1215 2323 1256 2354 ad
1285 2328 1463 2355 extremum
1493 2333 1549 2364 per
1577 2322 1619 2354 C.

945 2374 1080 2405 Laelium
1100 2379 1132 2404 et
1148 2374 1342 2404 Masinissam
1359 2371 1446 2415 cepit
1462 2383 1470 2410 ;
1495 2371 1618 2409 Livius,

945 2424 1052 2454 xxxix.
1069 2424 1191 2455 5—12.
1220 2423 1412 2458 Hasdrubal,
1428 2421 1623 2453 Hannibalis

944 2473 1050 2510 frater,
1067 2473 1168 2505 victus
1182 2478 1229 2504 est
1244 2483 1264 2504 a
1286 2471 1423 2504 Claudio
1440 2471 1568 2503 Nerone
1588 2478 1621 2503 et

943 2524 994 2556 M.
1018 2524 1130 2563 Livi03
1160 2528 1181 2542 “
1206 2523 1383 2559 Postremo,
1407 2532 1507 2564 quum
1532 2520 1622 2553 haud

944 2574 1039 2606 dubie
1054 2575 1180 2606 fortuna
1190 2574 1328 2606 hostium
1344 2577 1440 2610 esset,
1452 2582 1492 2604 ne
1507 2582 1618 2614 super-

943 2631 1026 2657 esset
1060 2630 1149 2656 tanto
1185 2623 1339 2656 exercitui
1375 2633 1468 2654 suum
1505 2632 1621 2653 nomen

943 2681 1064 2712 secuto,
1079 2675 1237 2707 concitato
1252 2685 1334 2717 equo
1352 2684 1385 2704 se
1405 2673 1438 2704 iu
1457 2672 1619 2704 cohortem

945 2726 1122 2757 Romanam
1160 2725 1301 2757 immisit.
1357 2722 1419 2760 Ibi,
1459 2729 1493 2754 ut
1529 2727 1620 2764 patre

944 2776 1126 2808 Hamilcare
1161 2782 1193 2807 et
1222 2774 1383 2806 Annibale
1417 2773 1512 2805 fratre
1543 2772 1615 2815 dig-
