1809 3220
288 191 375 234 386
823 193 1167 236 EXCURSUS

291 308 391 350 mihi
424 322 604 363 arguere
633 308 834 351 videntur
867 324 919 351 ea
948 311 1054 359 loca,
1086 311 1156 352 ubi
1191 311 1384 367 ejusdem
1415 311 1550 353 stellae
1582 312 1698 353 idem

291 384 409 419 ortus
431 378 493 418 bis
522 378 700 420 diversis
723 379 874 421 diebus
905 381 1146 435 adscriptus
1166 387 1246 429 est,
1269 387 1313 421 et
1342 381 1401 422 ita
1428 387 1476 422 ut
1503 381 1610 422 alter
1629 395 1698 422 ac-

290 454 436 488 curate
471 447 523 487 ad
563 447 730 496 Romae,
768 447 876 489 alter
911 450 963 491 ad
999 449 1275 491 Alexandriae
1310 450 1572 491 horizontem
1603 463 1699 505 per-

290 516 437 556 tineat.
499 516 674 557 Accidit
704 517 782 558 hoc
814 517 854 558 iu
893 518 1097 572 Delphini
1130 525 1229 560 orta
1256 519 1507 576 acronycho,
1540 519 1614 573 qui
1644 518 1699 560 vi.

289 584 388 625 471.
417 584 502 625 diei
523 585 579 626 10
599 585 702 627 Jun.
732 586 987 627 adscribitur
1013 588 1071 638 (in
1102 601 1231 641 quem
1260 587 1373 628 idem
1403 595 1520 628 ortus
1546 587 1700 629 Romae

288 654 452 703 incidit,
477 656 531 696 ad
555 655 782 697 Petavium
808 656 935 698 Geni.
959 657 1045 705 17⁰,
1067 658 1094 697 0
1110 657 1219 698 =d.
1239 657 1294 698 10
1314 657 1436 707 Jun.)

446 748 591 786 Navita
611 763 741 800 puppe
760 749 909 793 sedens,
932 749 1128 801 Delphina
1147 749 1375 794 videbimus,
1395 750 1521 801 inquit
1537 765 1548 795 ;

502 812 676 850 Humida
697 827 816 864 quum
835 813 945 864 pulso
965 827 1040 852 nox
1059 815 1132 852 erit
1151 822 1232 852 orta
1252 814 1325 852 die.

344 900 505 942 Postea
536 902 749 956 repetitur
776 902 845 943 die
869 903 926 943 17
947 901 1050 943 Jun.
1083 902 1197 956 quod
1233 902 1287 942 ad
1317 900 1596 942 Alexandriae
1624 900 1696 942 ho-

286 969 492 1010 rizontem
531 971 733 1024 pertinet.
782 970 929 1022 (Geni.
953 970 1041 1018 5250,
1064 969 1216 1011 de.
1244 971 1298 1011 18
1326 970 1428 1011 Jun.
1466 970 1581 1025 quod
1612 984 1698 1011 uno

286 1038 355 1079 die
380 1038 560 1088 differt.)
585 1039 639 1079 vi.
658 1039 770 1080 720:

579 1129 777 1167 Continua
798 1128 957 1180 delphin
977 1136 1087 1167 nocte
1106 1128 1294 1167 videndus
1314 1129 1402 1173 erit,

286 1215 406 1269 quod
432 1220 477 1255 et
508 1214 548 1254 h.
581 1214 606 1254 l.
639 1214 692 1254 de
726 1220 822 1254 ortu
853 1214 1091 1269 acronycho
1122 1215 1302 1270 intelligi
1330 1215 1476 1256 debet.
1531 1214 1696 1257 Similia

283 1284 375 1325 fere
402 1283 494 1324 loca
518 1290 630 1331 sunt,
658 1298 695 1323 v.
715 1283 815 1324 733.
839 1289 884 1324 et
905 1284 959 1325 vi.
980 1284 1080 1325 235.
1105 1284 1222 1336 (vide
1250 1284 1378 1325 Pfaff.
1400 1299 1441 1339 p.
1460 1285 1518 1326 74
1539 1290 1585 1326 et
1603 1284 1697 1335 75.)

286 1353 357 1394 ubi
394 1353 544 1394 Bootae
576 1367 752 1394 occasus
782 1353 1014 1394 matutinus
1047 1353 1110 1393 bis
1143 1353 1367 1407 repetitur,
1398 1358 1442 1394 et
1473 1353 1608 1395 semel
1639 1353 1694 1395 ad

287 1421 456 1470 Romae,
482 1421 615 1462 semel
647 1422 700 1462 ad
731 1420 914 1462 Graeciae
947 1421 1208 1462 horizontem
1239 1422 1442 1476 pertinet,
1470 1427 1514 1463 et
1541 1422 1694 1464 eodem

284 1491 410 1532 modo
442 1505 488 1532 se
519 1490 692 1532 habebit
720 1506 811 1532 cum
839 1492 971 1547 Lyrae
995 1497 1035 1532 et
1063 1491 1216 1548 Requlz'
1245 1492 1480 1540 occasibus,
1509 1491 1590 1533 alio
1620 1507 1693 1534 no-

282 1560 395 1601 mine
420 1566 569 1614 postea
591 1560 830 1608 laudandis,
847 1575 954 1615 quos
972 1561 998 1601 i.
1019 1560 1120 1601 (364.
1145 1561 1186 1602 d.
1209 1560 1266 1602 23
1287 1560 1388 1602 Jan.
1413 1566 1457 1602 et
1478 1561 1632 1602 iterum
1649 1561 1694 1604 ii.

281 1629 352 1670 75.
391 1629 433 1670 d.
469 1629 497 1670 2
534 1629 662 1670 Febr.
700 1629 916 1678 adscribit,
952 1629 1025 1670 ubi
1060 1630 1102 1670 in
1131 1629 1412 1678 Kalendario‚
1445 1630 1561 1685 quod
1593 1636 1694 1673 ante

281 1698 426 1739 oculos
458 1698 618 1747 habuit,
645 1698 774 1739 iidem
808 1712 984 1739 occasus
1018 1699 1093 1746 bis,
1125 1699 1200 1739 sed
1233 1699 1468 1740 secundum
1501 1698 1694 1742 diversos

281 1767 521 1808 horizontes
545 1767 738 1808 adnotati
759 1767 897 1808 fuere.
945 1767 1018 1809 Ad
1041 1767 1189 1809 Ovidii
1208 1774 1352 1809 autem
1373 1768 1627 1822 imperitiam
1649 1768 1692 1811 in

280 1836 341 1876 his
363 1837 523 1878 ortibus
545 1843 591 1878 et
611 1837 830 1878 occasibus
854 1837 1029 1878 carmini
1051 1852 1126 1878 suo
1144 1837 1403 1885 intexendis‚
1417 1837 1506 1891 jam
1525 1837 1693 1892 pridem

281 1905 527 1947 K’astnerus
564 1905 793 1960 aliquando
829 1905 963 1960 digito
1000 1906 1184 1947 intendit
1211 1905 1542 1957 (Kiistnersches
1565 1906 1692 1948 Man-

279 1973 445 2031 cherley
484 1975 1135 2032 astronomisclt-philoloyisclzen
1176 1975 1346 2017 InhaIts
1389 1975 1433 2016 in
1476 1975 1519 2016 d.
1562 1990 1691 2018 neuen

271 2045 422 2100 philol.
465 2045 722 2086 Bibliothelc.
765 2046 817 2086 B.
857 2044 920 2086 II.
955 2047 1019 2087 st.
1053 2046 1080 2086 i.
1113 2060 1155 2100 p.
1188 2046 1216 2086 7
1247 2048 1362 2100 sqq.)
1393 2051 1438 2086 et
1469 2044 1691 2095 Ovidium,

278 2113 381 2168 quid
413 2114 580 2154 intersit
603 2115 714 2154 inter
745 2121 884 2154 ortum
915 2121 959 2154 et
989 2128 1200 2161 occasum,
1231 2114 1297 2154 vel
1325 2114 1592 2162 matutinum,
1622 2113 1689 2156 vel

278 2184 575 2238 vespertinum,
603 2198 686 2224 non
721 2183 857 2225 solum
891 2183 1149 2239 neglexisse,
1179 2183 1255 2224 sed
1286 2183 1395 2224 sorte
1428 2197 1481 2224 ue
1513 2182 1690 2224 scivisse

278 2252 467 2306 quidem,
487 2259 530 2293 et
554 2252 669 2293 locus
693 2268 717 2293 a
743 2252 961 2293 Kiistuero
983 2252 1040 2293 ibi
1063 2252 1284 2307 expositus
1305 2257 1350 2293 et
1372 2251 1492 2293 multi
1514 2250 1598 2301 alii,
1617 2251 1689 2293 ubi

279 2326 426 2374 aperte
445 2320 624 2362 alterum
645 2321 766 2361 alteri
786 2321 1019 2368 substituit,
1036 2320 1275 2361 luculenter
1294 2326 1493 2375 arguunt.
1509 2319 1687 2362 Utrum-

280 2403 364 2443 que
396 2396 538 2430 autem
570 2405 670 2430 vere
703 2397 790 2430 toto
821 2390 933 2430 coelo
963 2389 1134 2430 differre
1167 2403 1290 2430 nemo
1320 2389 1501 2445 ignorat,
1527 2388 1596 2430 vel
1624 2389 1686 2430 in-

279 2463 427 2512 specto
450 2457 576 2511 globo
598 2458 919 2512 (l‹·pr(·l1endet;
954 2457 978 2498 i.
1001 2457 1084 2497 311
1105 2474 1112 2497 z

495 2544 599 2593 Ergo
618 2545 681 2581 ubi
704 2558 775 2581 nox
798 2544 921 2582 aderit
942 2544 1113 2581 venturis
1133 2544 1249 2581 tertia
1269 2543 1391 2588 nonis,

546 2610 762 2659 Sparsaque
781 2608 928 2646 coelesti
950 2622 1031 2645 rore
1051 2607 1221 2646 madebit
1241 2608 1381 2646 humus
1398 2622 1408 2653 3

489 2672 692 2722 Octipcdis
713 2673 854 2710 frustra
873 2679 1092 2723 qumrcntur
1113 2672 1266 2709 brachiu
1287 2671 1423 2709 Cancri
1443 2686 1451 2715 ;

544 2734 716 2785 Pru-ceps
734 2734 909 2772 occiduas
930 2734 995 2772 illo
1015 2734 1158 2772 subivit
1178 2748 1304 2785 aquas.
