1830 3220
553 194 903 237 FASTORUM
939 195 1061 238 LlB.
1094 196 1179 239 VI.

1490 201 1578 242 309

149 310 315 358 Nocte
340 311 525 367 volant,
556 327 844 375 puerosque
872 319 1057 375 petunt
1082 313 1293 361 nutricis
1320 322 1544 378 egentes,

218 388 284 436 Et
310 389 485 436 vitiant
509 389 653 436 cunis
679 405 890 452 corpora
915 398 1058 454 rapta
1083 391 1204 439 suis.

1475 396 1568 440 136

151 466 376 530 Carpere
400 466 638 513 dicuntur
664 467 906 514 lactentia
933 468 1127 515 viscera
1152 469 1344 525 rostris,

219 543 287 591 Et
313 544 520 608 plenum
547 552 666 608 poto
693 545 935 607 sanguine
963 554 1136 608 guttur
1161 548 1367 595 habent.

153 622 247 669 Est
272 621 369 668 illis
397 622 635 684 strigibus
662 638 876 679 nomen;
919 623 1010 670 sed
1037 624 1254 672 nominis
1280 625 1431 688 hujus

221 699 407 755 Causa,
430 700 566 763 quod
593 700 842 748 horrenda
861 701 1074 748 stridere
1096 709 1247 749 nocte
1274 703 1454 750 solent.
1479 706 1573 750 140

155 778 272 825 Sive
299 777 450 840 igitur
476 784 753 824 nascuntur
783 794 916 833 aves,
946 795 1035 826 seu
1062 780 1284 826 camnine
1308 780 1453 837 fiunt,

223 854 506 918 Naeuiaque
533 856 584 902 in
608 856 837 904 volucres
866 856 1040 904 Marsa
1064 858 1246 920 figurat
1272 873 1428 915 anus;

156 933 214 979 In
241 932 488 980 thalamos
510 949 692 981 venere
721 933 928 982 Procae:
972 934 1134 982 Proca
1160 943 1308 982 natus
1335 935 1385 982 in
1411 935 1527 992 illis,

223 1010 407 1057 Praeda
432 1026 608 1058 recens
637 1011 819 1068 avium,
850 1011 1078 1075 quinque
1102 1013 1285 1060 diebus
1312 1020 1448 1061 erat:

154 1086 477 1151 Pectoraque
505 1089 780 1136 exsorbent
806 1088 963 1137 avidis
990 1089 1200 1137 infantia
1225 1090 1428 1153 linguis.
1485 1092 1576 1138 145

222 1165 291 1212 At
315 1182 441 1229 puer
466 1166 640 1213 infelix
667 1167 820 1229 vagit,
849 1183 1103 1231 opemque
1131 1168 1288 1232 petit:

155 1242 351 1291 Territa
375 1260 499 1292 voce
527 1245 603 1291 sui
630 1245 801 1292 nutrix
827 1245 1048 1293 adcurrit
1073 1246 1292 1303 alumni3

224 1321 292 1369 Et
316 1322 476 1384 rigido
503 1329 669 1370 sectas
695 1323 886 1371 invenit
911 1340 1080 1387 ungue
1106 1340 1282 1387 genas.

155 1399 292 1454 Quid
318 1399 540 1448 faceret?
579 1401 716 1448 color
741 1401 839 1448 oris
866 1410 989 1458 erat,
1018 1403 1105 1466 qui
1132 1402 1395 1450 frondibus
1421 1402 1542 1450 olim

224 1477 354 1526 Esse
381 1479 509 1527 solet
535 1479 675 1536 seris,
705 1496 833 1543 quas
859 1497 988 1528 nova
1012 1481 1141 1528 laesit
1165 1481 1346 1529 hiems.

1485 1484 1578 1528 150

155 1555 395 1604 Pervenit
419 1558 483 1604 ad
511 1557 734 1615 Granen,
763 1565 815 1606 et
839 1574 943 1606 rem
970 1559 1150 1617 docet3
1192 1559 1294 1617 illa,
1322 1558 1577 1607 Timorem

224 1634 394 1691 Pone3
435 1643 552 1683 tuus
579 1653 773 1701 sospes,
801 1637 947 1694 dixit,
976 1638 1212 1685 alumnus
1237 1637 1348 1685 erit.

202 1851 278 1882 136.
308 1851 437 1887 Vitiare,
452 1850 580 1887 laedere,
595 1862 709 1882 nomen
733 1861 830 1892 gene-

154 1901 232 1937 rale,
249 1906 284 1930 ut
299 1910 363 1931 ver.
385 1901 458 1931 167.
475 1901 590 1931 violare
607 1912 715 1932 cunas.
753 1902 833 1932 Mox

155 1951 222 1992 ipse
246 1949 398 1992 explicat,
419 1961 543 1990 carpere
567 1952 693 1987 viscera,
716 1956 748 1981 et
768 1961 833 1982 ver.

161 2000 240 2031 145:
267 2006 389 2040 pectora
412 2001 575 2031 exsorbere.
622 2001 718 2036 Puto,
744 2007 834 2040 ¹rapta

157 2060 226 2080 esse
252 2055 399 2091 correpta
432 2049 603 2091 unguibus,
636 2056 669 2080 et
697 2060 833 2089 carpere,

156 2099 308 2135 lacerare,
320 2099 464 2130 arrodere
476 2105 586 2135 rostro,
600 2104 635 2130 ut
646 2099 834 2141 sanguinem

158 2149 231 2180 inde
246 2148 436 2180 exhauriant
452 2160 460 2187 ;
484 2160 548 2180 ver.
569 2150 641 2180 148.
656 2151 759 2192 rigido
774 2161 833 2180 un-

156 2211 217 2241 gue
231 2210 344 2230 secare.
369 2199 421 2230 De
432 2201 551 2231 nomine
564 2199 661 2230 etiam
674 2199 832 2230 Isidorus:

157 2253 178 2267 “
190 2249 286 2286 Strix,
301 2254 455 2280 nocturna
479 2249 559 2286 avis,
575 2249 697 2280 habens
721 2260 836 2280 nomen

157 2299 196 2330 de
220 2310 296 2330 sono
320 2298 417 2335 vocis,
443 2299 572 2341 quando
595 2299 679 2330 enim
704 2299 834 2336 clamat,

157 2348 303 2380 stridet.''
350 2348 473 2380 Graecis
507 2349 601 2390 στρίξ
631 2359 650 2379 a
679 2348 834 2391 στρίζειν,

157 2399 300 2431 stridere.
346 2398 409 2430 Sed
422 2410 478 2441 pro
494 2400 644 2431 horrenda
661 2406 746 2430 nocte
761 2409 834 2430 cum

159 2450 292 2482 Heinsio
308 2451 458 2481 horrenda
474 2461 542 2481 voce
558 2449 731 2491 legendum
753 2449 835 2479 arbi-

160 2508 243 2539 tr0r;
268 2501 375 2531 horror
391 2499 476 2530 enim
498 2501 578 2531 vocis
595 2499 636 2530 ad
652 2509 717 2530 rem
741 2498 836 2540 perti-

160 2556 228 2586 net,
246 2560 307 2580 non
324 2551 430 2580 noctis.

207 2600 282 2630 141.
313 2599 467 2635 Carmine,
491 2597 719 2629 incantatione.
766 2598 835 2628 Hoc

155 2651 224 2692 jam
240 2648 370 2691 speciali
389 2648 515 2679 notione
534 2647 693 2690 exprimit,
711 2647 837 2678 Naem'a-

161 2710 228 2740 que,
244 2703 308 2730 etc.
348 2698 440 2729 Anus
456 2697 630 2739 figurantur
645 2697 677 2727 in
693 2696 837 2728 volucres

162 2759 182 2779 a
197 2749 308 2779 Marsa
322 2758 381 2790 ope
398 2747 523 2779 naeniae.
566 2748 665 2778 Marsi
680 2752 711 2778 et
726 2745 836 2777 Sabini

903 1853 942 1882 ab
959 1857 1026 1883 arte
1047 1851 1171 1893 magica
1187 1851 1297 1882 famosi
1315 1856 1418 1882 erant.
1468 1852 1581 1884 Naenz'a‘

904 1902 1011 1932 Marsa
1028 1901 1124 1932 etiam
1141 1900 1211 1932 Art.
1224 1902 1337 1932 Amat.
1355 1901 1388 1932 ii.
1406 1902 1486 1939 1023
1511 1902 1578 1933 Ho-

903 1957 962 1982 rat.
993 1950 1096 1992 Epod.
1127 1950 1202 1982 xvii.
1232 1951 1286 1981 27.
1347 1951 1387 1981 Et
1416 1950 1475 1981 hoc
1509 1951 1580 1981 loco

906 2000 1014 2031 Marsa
1048 2011 1081 2031 se
1111 2006 1218 2031 tuetur
1248 2002 1399 2032 bonorum
1428 2001 1578 2032 librorum

905 2050 1106 2082 auctoritate.
1154 2050 1278 2086 Naenia,
1309 2049 1436 2081 omnino
1466 2049 1581 2081 carmi-

905 2099 953 2130 nis
963 2100 1108 2132 formula.
1130 2101 1182 2131 De
1198 2099 1255 2130 tali
1268 2111 1331 2131 anu
1346 2100 1482 2141 figurata
1493 2100 1577 2130 Nos-

905 2155 951 2180 ter
974 2150 1002 2181 Ι.
1017 2149 1144 2180 Amorr.
1167 2149 1232 2180 viii.
1261 2151 1319 2180 13:
1355 2154 1378 2167 ‘¹
1398 2149 1493 2180 Hanc
1517 2159 1579 2191 ego

905 2204 1075 2230 nocturnas
1110 2200 1216 2230 vivam
1248 2199 1380 2230 volitare
1419 2209 1473 2241 per
1506 2209 1578 2230 um-

905 2248 978 2279 bras
993 2248 1153 2290 Suspicor,
1175 2255 1207 2279 et
1228 2249 1337 2291 pluma
1359 2259 1473 2290 corpus
1495 2249 1579 2280 anile

904 2297 1004 2339 tegi.’'

953 2348 1027 2378 143.
1045 2348 1096 2378 De
1115 2348 1214 2378 Proca
1227 2347 1298 2378 vide
1313 2347 1355 2378 iv.
1366 2349 1421 2379 52.
1448 2347 1580 2378 Pectora

906 2407 990 2428 nunc
1012 2396 1176 2428 substituit
1191 2398 1352 2428 visceribus
1367 2408 1432 2428 ver.
1449 2398 1523 2428 137.
1540 2408 1579 2429 ne

905 2446 991 2478 idem
1007 2448 1196 2478 vocabulum
1212 2452 1378 2490 repeteret.

953 2497 1028 2529 149.
1053 2497 1208 2529 Homines
1225 2497 1258 2528 in
1278 2497 1430 2528 calidiore
1451 2496 1580 2538 regione

907 2548 1060 2584 viventes,
1077 2559 1175 2590 quum
1192 2548 1284 2579 timor
1303 2559 1357 2580 eos
1371 2547 1506 2584 invadit,
1522 2547 1579 2577 fla-

906 2603 1049 2628 vescunt.
1088 2598 1224 2628 Flavum
1241 2603 1347 2628 autem
1364 2597 1501 2628 colorem
1515 2603 1579 2627 tra-

906 2647 986 2678 hunt
1001 2647 1097 2678 etiam
1112 2647 1239 2678 frondes
1259 2653 1356 2688 atque
1377 2652 1501 2688 segetes
1522 2645 1578 2676 fri-

905 2707 979 2738 gore
995 2702 1088 2728 tactae
1103 2709 1112 2736 3
1134 2697 1176 2728 iv.
1191 2697 1271 2728 918.
