<?xml version="1.0" encoding="UTF-8"?>
<!DOCTYPE html PUBLIC "-//W3C//DTD XHTML 1.0 Transitional//EN"
    "http://www.w3.org/TR/xhtml1/DTD/xhtml1-transitional.dtd">
<html xmlns="http://www.w3.org/1999/xhtml" xml:lang="en" lang="en">
 <head>
  <title>
</title>
<meta http-equiv="Content-Type" content="text/html;charset=utf-8" />
  <meta name='ocr-system' content='tesseract 3.04.00' />
  <meta name='ocr-capabilities' content='ocr_page ocr_carea ocr_par ocr_line ocrx_word'/>
</head>
<body>
  <div class='ocr_page' id='page_1' title='image "./povidiinasonisop05oviduoft_0478.png"; bbox 0 0 1809 3220; ppageno 0'>
   <div class='ocr_carea' id='block_1_1' title="bbox 167 143 255 184">
    <p class='ocr_par' dir='ltr' id='par_1_1' title="bbox 167 143 255 184">
     <span class='ocr_line' id='line_1_1' title="bbox 167 143 255 184; baseline 0 -1"><span class='ocrx_word' id='word_1_1' title='bbox 167 143 255 184; x_wconf 76' lang='lat'>450</span> 
     </span>
    </p>
   </div>
   <div class='ocr_carea' id='block_1_2' title="bbox 575 141 1206 184">
    <p class='ocr_par' dir='ltr' id='par_1_2' title="bbox 575 141 1206 184">
     <span class='ocr_line' id='line_1_2' title="bbox 575 141 1206 184; baseline 0.003 -2"><span class='ocrx_word' id='word_1_2' title='bbox 575 141 626 182; x_wconf 92' lang='lat' dir='ltr'>P.</span> <span class='ocrx_word' id='word_1_3' title='bbox 661 141 880 183; x_wconf 89' lang='lat' dir='ltr'>OVIDII</span> <span class='ocrx_word' id='word_1_4' title='bbox 918 142 1206 184; x_wconf 90' lang='lat' dir='ltr'><strong>NASONIS</strong></span> 
     </span>
    </p>
   </div>
   <div class='ocr_carea' id='block_1_3' title="bbox 175 259 1609 482">
    <p class='ocr_par' dir='ltr' id='par_1_3' title="bbox 175 259 1609 482">
     <span class='ocr_line' id='line_1_3' title="bbox 176 259 1609 323; baseline 0.001 -16"><span class='ocrx_word' id='word_1_5' title='bbox 176 259 325 308; x_wconf 84' lang='lat' dir='ltr'>Elato</span> <span class='ocrx_word' id='word_1_6' title='bbox 352 260 566 315; x_wconf 82' lang='lat' dir='ltr'>calamo,</span> <span class='ocrx_word' id='word_1_7' title='bbox 595 275 756 323; x_wconf 92' lang='lat' dir='ltr'>quum</span> <span class='ocrx_word' id='word_1_8' title='bbox 782 259 990 307; x_wconf 90' lang='lat' dir='ltr'>demum</span> <span class='ocrx_word' id='word_1_9' title='bbox 1017 277 1246 308; x_wconf 89' lang='lat' dir='ltr'>emersus</span> <span class='ocrx_word' id='word_1_10' title='bbox 1274 260 1324 306; x_wconf 92' lang='lat' dir='ltr'>in</span> <span class='ocrx_word' id='word_1_11' title='bbox 1352 276 1501 308; x_wconf 82' lang='lat' dir='ltr'>auras</span> <span class='ocrx_word' id='word_1_12' title='bbox 1544 263 1609 308; x_wconf 88' lang='grc'>35</span> 
     </span>
     <span class='ocr_line' id='line_1_4' title="bbox 175 337 1596 403; baseline 0 -17"><span class='ocrx_word' id='word_1_13' title='bbox 175 338 399 386; x_wconf 80' lang='lat' dir='ltr'>Brachia</span> <span class='ocrx_word' id='word_1_14' title='bbox 423 337 671 393; x_wconf 86' lang='lat' dir='ltr'>dissolvit,</span> <span class='ocrx_word' id='word_1_15' title='bbox 700 338 1109 403; x_wconf 82' lang='lat' dir='ltr'>populatumque</span> <span class='ocrx_word' id='word_1_16' title='bbox 1135 338 1343 403; x_wconf 83' lang='lat' dir='ltr'>exspuit</span> <span class='ocrx_word' id='word_1_17' title='bbox 1369 339 1596 387; x_wconf 85' lang='lat' dir='ltr'>hamum.</span> 
     </span>
     <span class='ocr_line' id='line_1_5' title="bbox 245 416 1547 482; baseline 0.002 -18"><span class='ocrx_word' id='word_1_18' title='bbox 245 419 313 465; x_wconf 86' lang='lat' dir='ltr'>At</span> <span class='ocrx_word' id='word_1_19' title='bbox 339 416 505 480; x_wconf 85' lang='lat' dir='ltr'>Mugil</span> <span class='ocrx_word' id='word_1_20' title='bbox 533 416 699 465; x_wconf 81' lang='lat' dir='ltr'>cauda</span> <span class='ocrx_word' id='word_1_21' title='bbox 725 418 1040 482; x_wconf 79' lang='lat' dir='ltr'>pendentem</span> <span class='ocrx_word' id='word_1_22' title='bbox 1068 419 1332 466; x_wconf 80' lang='lat' dir='ltr'>everberat</span> <span class='ocrx_word' id='word_1_23' title='bbox 1357 435 1547 476; x_wconf 85' lang='lat' dir='ltr'>escam,</span> 
     </span>
    </p>
   </div>
   <div class='ocr_carea' id='block_1_4' title="bbox 176 495 737 560">
    <p class='ocr_par' dir='ltr' id='par_1_4' title="bbox 176 495 737 560">
     <span class='ocr_line' id='line_1_6' title="bbox 176 495 737 560; baseline -0.002 -17"><span class='ocrx_word' id='word_1_24' title='bbox 176 495 570 559; x_wconf 82' lang='lat' dir='ltr'>Excussamque</span> <span class='ocrx_word' id='word_1_25' title='bbox 597 495 737 560; x_wconf 85' lang='lat' dir='ltr'>legit.</span> 
     </span>
    </p>
   </div>
   <div class='ocr_carea' id='block_1_5' title="bbox 818 495 1499 561">
    <p class='ocr_par' dir='ltr' id='par_1_5' title="bbox 818 495 1499 561">
     <span class='ocr_line' id='line_1_7' title="bbox 818 495 1499 561; baseline 0.003 -18"><span class='ocrx_word' id='word_1_26' title='bbox 818 495 994 561; x_wconf 86' lang='lat' dir='ltr'>Lupus</span> <span class='ocrx_word' id='word_1_27' title='bbox 1023 497 1124 544; x_wconf 82' lang='lat' dir='ltr'>acri</span> <span class='ocrx_word' id='word_1_28' title='bbox 1150 497 1383 545; x_wconf 89' lang='lat' dir='ltr'>concitus</span> <span class='ocrx_word' id='word_1_29' title='bbox 1410 497 1499 553; x_wconf 82' lang='lat' dir='ltr'>ira,</span> 
     </span>
    </p>
   </div>
   <div class='ocr_carea' id='block_1_6' title="bbox 175 574 1615 1114">
    <p class='ocr_par' dir='ltr' id='par_1_6' title="bbox 175 574 1367 641">
     <span class='ocr_line' id='line_1_8' title="bbox 175 574 1367 641; baseline 0.003 -20"><span class='ocrx_word' id='word_1_30' title='bbox 175 574 428 622; x_wconf 83' lang='lat' dir='ltr'>Discursu</span> <span class='ocrx_word' id='word_1_31' title='bbox 453 574 613 622; x_wconf 89' lang='lat' dir='ltr'>fertur</span> <span class='ocrx_word' id='word_1_32' title='bbox 640 574 794 632; x_wconf 85' lang='lat' dir='ltr'>vario,</span> <span class='ocrx_word' id='word_1_33' title='bbox 824 576 1119 641; x_wconf 85' lang='lat' dir='ltr'>fluctusque</span> <span class='ocrx_word' id='word_1_34' title='bbox 1145 576 1367 624; x_wconf 86' lang='lat' dir='ltr'>ferentes</span> 
     </span>
    </p>

    <p class='ocr_par' dir='ltr' id='par_1_7' title="bbox 177 652 1614 719">
     <span class='ocr_line' id='line_1_9' title="bbox 177 652 1614 719; baseline 0.001 -19"><span class='ocrx_word' id='word_1_35' title='bbox 177 652 530 717; x_wconf 81' lang='lat' dir='ltr'>Prosequitur,</span> <span class='ocrx_word' id='word_1_36' title='bbox 550 661 870 718; x_wconf 79' lang='lat' dir='ltr'>quassatque</span> <span class='ocrx_word' id='word_1_37' title='bbox 892 662 1066 719; x_wconf 83' lang='lat' dir='ltr'>caput,</span> <span class='ocrx_word' id='word_1_38' title='bbox 1089 655 1212 702; x_wconf 88' lang='lat' dir='ltr'>dum</span> <span class='ocrx_word' id='word_1_39' title='bbox 1227 655 1435 703; x_wconf 89' lang='lat' dir='ltr'>vulnere</span> <span class='ocrx_word' id='word_1_40' title='bbox 1451 670 1614 702; x_wconf 87' lang='lat' dir='ltr'>saevus</span> 
     </span>
    </p>

    <p class='ocr_par' dir='ltr' id='par_1_8' title="bbox 177 731 1608 799">
     <span class='ocr_line' id='line_1_10' title="bbox 177 731 1608 799; baseline 0 -19"><span class='ocrx_word' id='word_1_41' title='bbox 177 731 372 780; x_wconf 84' lang='lat' dir='ltr'>Laxato</span> <span class='ocrx_word' id='word_1_42' title='bbox 400 733 554 781; x_wconf 82' lang='lat' dir='ltr'>cadat</span> <span class='ocrx_word' id='word_1_43' title='bbox 578 733 779 791; x_wconf 80' lang='lat' dir='ltr'>hamUS,</span> <span class='ocrx_word' id='word_1_44' title='bbox 808 742 860 782; x_wconf 92' lang='lat' dir='ltr'>et</span> <span class='ocrx_word' id='word_1_45' title='bbox 885 750 973 781; x_wconf 85' lang='lat' dir='ltr'>ora</span> <span class='ocrx_word' id='word_1_46' title='bbox 998 734 1232 799; x_wconf 85' lang='lat' dir='ltr'>patentia</span> <span class='ocrx_word' id='word_1_47' title='bbox 1258 734 1473 798; x_wconf 84' lang='lat' dir='ltr'>linquat.</span> <span class='ocrx_word' id='word_1_48' title='bbox 1547 735 1608 780; x_wconf 89' lang='grc'>41</span> 
     </span>
    </p>

    <p class='ocr_par' dir='ltr' id='par_1_9' title="bbox 176 810 1438 877">
     <span class='ocr_line' id='line_1_11' title="bbox 176 810 1438 877; baseline 0 -18"><span class='ocrx_word' id='word_1_49' title='bbox 176 810 287 859; x_wconf 91' lang='lat' dir='ltr'>Nec</span> <span class='ocrx_word' id='word_1_50' title='bbox 317 812 547 877; x_wconf 83' lang='lat' dir='ltr'>proprias</span> <span class='ocrx_word' id='word_1_51' title='bbox 574 812 705 860; x_wconf 89' lang='lat' dir='ltr'>vires</span> <span class='ocrx_word' id='word_1_52' title='bbox 732 812 900 860; x_wconf 90' lang='lat' dir='ltr'>nescit</span> <span class='ocrx_word' id='word_1_53' title='bbox 927 812 1165 860; x_wconf 77' lang='lat' dir='ltr'>Muraena</span> <span class='ocrx_word' id='word_1_54' title='bbox 1189 812 1438 871; x_wconf 91' lang='lat' dir='ltr'>nocendi;</span> 
     </span>
    </p>

    <p class='ocr_par' dir='ltr' id='par_1_10' title="bbox 176 889 1327 956">
     <span class='ocr_line' id='line_1_12' title="bbox 176 889 1327 956; baseline 0.002 -19"><span class='ocrx_word' id='word_1_55' title='bbox 176 889 491 956; x_wconf 86' lang='lat' dir='ltr'>Auxilioque</span> <span class='ocrx_word' id='word_1_56' title='bbox 518 892 613 948; x_wconf 91' lang='lat' dir='ltr'>sui,</span> <span class='ocrx_word' id='word_1_57' title='bbox 642 909 815 940; x_wconf 86' lang='lat' dir='ltr'>morsu</span> <span class='ocrx_word' id='word_1_58' title='bbox 843 909 938 941; x_wconf 93' lang='lat' dir='ltr'>nec</span> <span class='ocrx_word' id='word_1_59' title='bbox 965 893 1197 940; x_wconf 89' lang='lat' dir='ltr'>cominus</span> <span class='ocrx_word' id='word_1_60' title='bbox 1225 891 1327 940; x_wconf 83' lang='lat' dir='ltr'>acri</span> 
     </span>
    </p>

    <p class='ocr_par' dir='ltr' id='par_1_11' title="bbox 178 968 1615 1114">
     <span class='ocr_line' id='line_1_13' title="bbox 178 968 1392 1037; baseline 0.002 -21"><span class='ocrx_word' id='word_1_61' title='bbox 178 968 383 1027; x_wconf 91' lang='lat' dir='ltr'>Deficit,</span> <span class='ocrx_word' id='word_1_62' title='bbox 414 979 501 1018; x_wconf 84' lang='lat' dir='ltr'>aut</span> <span class='ocrx_word' id='word_1_63' title='bbox 528 971 723 1019; x_wconf 86' lang='lat' dir='ltr'>animos</span> <span class='ocrx_word' id='word_1_64' title='bbox 751 972 894 1036; x_wconf 91' lang='lat' dir='ltr'>ponit</span> <span class='ocrx_word' id='word_1_65' title='bbox 919 972 1122 1037; x_wconf 82' lang='lat' dir='ltr'>captiva</span> <span class='ocrx_word' id='word_1_66' title='bbox 1146 972 1392 1020; x_wconf 78' lang='lat' dir='ltr'>minaces.</span> 
     </span>
     <span class='ocr_line' id='line_1_14' title="bbox 245 1048 1615 1114; baseline 0.001 -18"><span class='ocrx_word' id='word_1_67' title='bbox 245 1048 466 1097; x_wconf 85' lang='lat' dir='ltr'>Anthias</span> <span class='ocrx_word' id='word_1_68' title='bbox 486 1050 582 1107; x_wconf 89' lang='lat' dir='ltr'>his,</span> <span class='ocrx_word' id='word_1_69' title='bbox 602 1056 747 1113; x_wconf 83' lang='lat' dir='ltr'>tergo</span> <span class='ocrx_word' id='word_1_70' title='bbox 769 1067 884 1114; x_wconf 87' lang='lat' dir='ltr'>quae</span> <span class='ocrx_word' id='word_1_71' title='bbox 906 1051 1150 1109; x_wconf 84' lang='lat' dir='ltr'>concutit,</span> <span class='ocrx_word' id='word_1_72' title='bbox 1175 1051 1336 1099; x_wconf 89' lang='lat' dir='ltr'>utitur</span> <span class='ocrx_word' id='word_1_73' title='bbox 1355 1049 1526 1108; x_wconf 81' lang='lat' dir='ltr'>armis,</span> <span class='ocrx_word' id='word_1_74' title='bbox 1549 1051 1615 1098; x_wconf 89' lang='grc'>45</span> 
     </span>
    </p>
   </div>
   <div class='ocr_carea' id='block_1_7' title="bbox 177 1201 872 1998">
    <p class='ocr_par' dir='ltr' id='par_1_12' title="bbox 177 1201 872 1998">
     <span class='ocr_line' id='line_1_15' title="bbox 178 1201 863 1245; baseline 0.001 -12"><span class='ocrx_word' id='word_1_75' title='bbox 178 1201 210 1233; x_wconf 89' lang='lat' dir='ltr'>in</span> <span class='ocrx_word' id='word_1_76' title='bbox 239 1202 301 1233; x_wconf 89' lang='lat' dir='ltr'>fine</span> <span class='ocrx_word' id='word_1_77' title='bbox 330 1202 464 1245; x_wconf 84' lang='lat' dir='ltr'>proximi</span> <span class='ocrx_word' id='word_1_78' title='bbox 494 1212 602 1233; x_wconf 86' lang='lat' dir='ltr'>versus</span> <span class='ocrx_word' id='word_1_79' title='bbox 629 1208 700 1244; x_wconf 87' lang='lat' dir='ltr'>post</span> <span class='ocrx_word' id='word_1_80' title='bbox 729 1205 863 1243; x_wconf 74' lang='lat' dir='ltr'>praedam</span> 
     </span>
     <span class='ocr_line' id='line_1_16' title="bbox 177 1252 864 1296; baseline 0.001 -12"><span class='ocrx_word' id='word_1_81' title='bbox 177 1252 338 1296; x_wconf 82' lang='lat' dir='ltr'>adjicitur,</span> <span class='ocrx_word' id='word_1_82' title='bbox 367 1255 529 1293; x_wconf 68' lang='lat' dir='ltr'>praedaret,</span> <span class='ocrx_word' id='word_1_83' title='bbox 555 1253 640 1295; x_wconf 85' lang='lat' dir='ltr'>quod</span> <span class='ocrx_word' id='word_1_84' title='bbox 667 1253 729 1285; x_wconf 84' lang='lat' dir='ltr'>huc</span> <span class='ocrx_word' id='word_1_85' title='bbox 753 1254 864 1291; x_wconf 82' lang='lat' dir='ltr'>refero,</span> 
     </span>
     <span class='ocr_line' id='line_1_17' title="bbox 179 1303 866 1344; baseline 0.003 -11"><span class='ocrx_word' id='word_1_86' title='bbox 179 1309 214 1333; x_wconf 89' lang='lat' dir='ltr'>ut</span> <span class='ocrx_word' id='word_1_87' title='bbox 244 1303 433 1334; x_wconf 71' lang='lat' dir='ltr'>restituam:</span> <span class='ocrx_word' id='word_1_88' title='bbox 474 1304 546 1334; x_wconf 75' lang='lat' dir='ltr'>huic</span> <span class='ocrx_word' id='word_1_89' title='bbox 581 1314 696 1344; x_wconf 78' lang='lat' dir='ltr'>quoque</span> <span class='ocrx_word' id='word_1_90' title='bbox 730 1305 866 1336; x_wconf 80' lang='lat' dir='ltr'>adhaeret</span> 
     </span>
     <span class='ocr_line' id='line_1_18' title="bbox 181 1353 865 1396; baseline 0.003 -12"><span class='ocrx_word' id='word_1_91' title='bbox 181 1353 275 1384; x_wconf 78' lang='lat' dir='ltr'>Eluto</span> <span class='ocrx_word' id='word_1_92' title='bbox 299 1355 428 1385; x_wconf 76' lang='lat' dir='ltr'>calamo.</span> <span class='ocrx_word' id='word_1_93' title='bbox 480 1354 566 1384; x_wconf 81' lang='lat' dir='ltr'>Huic</span> <span class='ocrx_word' id='word_1_94' title='bbox 593 1364 637 1384; x_wconf 86' lang='lat' dir='ltr'>sc.</span> <span class='ocrx_word' id='word_1_95' title='bbox 662 1354 801 1396; x_wconf 87' lang='lat' dir='ltr'>praedae:</span> <span class='ocrx_word' id='word_1_96' title='bbox 828 1356 865 1387; x_wconf 85' lang='grc' dir='ltr'>τὸ</span> 
     </span>
     <span class='ocr_line' id='line_1_19' title="bbox 178 1403 864 1446; baseline 0.004 -13"><span class='ocrx_word' id='word_1_97' title='bbox 178 1404 314 1435; x_wconf 71' lang='lat' dir='ltr'>adhaeret</span> <span class='ocrx_word' id='word_1_98' title='bbox 338 1404 523 1446; x_wconf 84' lang='lat' dir='ltr'>absorptum</span> <span class='ocrx_word' id='word_1_99' title='bbox 549 1410 616 1435; x_wconf 88' lang='lat' dir='ltr'>erat</span> <span class='ocrx_word' id='word_1_100' title='bbox 638 1403 670 1434; x_wconf 89' lang='lat' dir='ltr'>in</span> <span class='ocrx_word' id='word_1_101' title='bbox 693 1406 864 1444; x_wconf 69' lang='lat' dir='ltr'>proedoeret‚</span> 
     </span>
     <span class='ocr_line' id='line_1_20' title="bbox 179 1454 866 1498; baseline 0.001 -13"><span class='ocrx_word' id='word_1_102' title='bbox 179 1460 277 1496; x_wconf 89' lang='lat' dir='ltr'>atque</span> <span class='ocrx_word' id='word_1_103' title='bbox 292 1454 336 1486; x_wconf 88' lang='lat' dir='ltr'>ita</span> <span class='ocrx_word' id='word_1_104' title='bbox 352 1454 483 1490; x_wconf 84' lang='lat' dir='ltr'>factum,</span> <span class='ocrx_word' id='word_1_105' title='bbox 500 1457 615 1496; x_wconf 72' lang='lat' dir='ltr'>pra‘da.</span> <span class='ocrx_word' id='word_1_106' title='bbox 634 1462 691 1486; x_wconf 78' lang='lat' dir='ltr'>ret.</span> <span class='ocrx_word' id='word_1_107' title='bbox 730 1454 866 1498; x_wconf 87' lang='lat' dir='ltr'>Conjec-</span> 
     </span>
     <span class='ocr_line' id='line_1_21' title="bbox 180 1504 868 1548; baseline 0.001 -13"><span class='ocrx_word' id='word_1_108' title='bbox 180 1510 259 1535; x_wconf 90' lang='lat' dir='ltr'>turae</span> <span class='ocrx_word' id='word_1_109' title='bbox 282 1515 362 1536; x_wconf 86' lang='lat' dir='ltr'>meae</span> <span class='ocrx_word' id='word_1_110' title='bbox 385 1505 610 1548; x_wconf 79' lang='lat' dir='ltr'>adstipulatur,</span> <span class='ocrx_word' id='word_1_111' title='bbox 631 1504 715 1536; x_wconf 89' lang='lat' dir='ltr'>Plin.</span> <span class='ocrx_word' id='word_1_112' title='bbox 731 1506 752 1536; x_wconf 91' lang='lat' dir='ltr'>l.</span> <span class='ocrx_word' id='word_1_113' title='bbox 769 1506 868 1537; x_wconf 84' lang='lat' dir='ltr'>xxxii.</span> 
     </span>
     <span class='ocr_line' id='line_1_22' title="bbox 181 1555 869 1599; baseline 0.003 -13"><span class='ocrx_word' id='word_1_114' title='bbox 181 1565 210 1586; x_wconf 91' lang='lat' dir='ltr'>c.</span> <span class='ocrx_word' id='word_1_115' title='bbox 241 1557 282 1586; x_wconf 81' lang='lat'>2:</span> <span class='ocrx_word' id='word_1_116' title='bbox 324 1555 522 1598; x_wconf 76' lang='lat' dir='ltr'>“Polypum</span> <span class='ocrx_word' id='word_1_117' title='bbox 556 1556 668 1587; x_wconf 80' lang='lat' dir='ltr'>hamos</span> <span class='ocrx_word' id='word_1_118' title='bbox 706 1563 869 1599; x_wconf 81' lang='lat' dir='ltr'>appetere,</span> 
     </span>
     <span class='ocr_line' id='line_1_23' title="bbox 182 1606 869 1649; baseline 0.003 -13"><span class='ocrx_word' id='word_1_119' title='bbox 182 1606 388 1646; x_wconf 79' lang='lat' dir='ltr'>brachiisque</span> <span class='ocrx_word' id='word_1_120' title='bbox 426 1607 609 1649; x_wconf 84' lang='lat' dir='ltr'>complecti,</span> <span class='ocrx_word' id='word_1_121' title='bbox 643 1618 704 1638; x_wconf 90' lang='lat' dir='ltr'>non</span> <span class='ocrx_word' id='word_1_122' title='bbox 742 1618 869 1647; x_wconf 86' lang='lat' dir='ltr'>morsu;</span> 
     </span>
     <span class='ocr_line' id='line_1_24' title="bbox 180 1657 869 1700; baseline 0.003 -13"><span class='ocrx_word' id='word_1_123' title='bbox 180 1667 240 1688; x_wconf 86' lang='lat' dir='ltr'>nec</span> <span class='ocrx_word' id='word_1_124' title='bbox 264 1657 351 1699; x_wconf 87' lang='lat' dir='ltr'>prius</span> <span class='ocrx_word' id='word_1_125' title='bbox 373 1657 547 1695; x_wconf 82' lang='lat' dir='ltr'>dimittere,</span> <span class='ocrx_word' id='word_1_126' title='bbox 565 1668 662 1700; x_wconf 84' lang='lat' dir='ltr'>quam</span> <span class='ocrx_word' id='word_1_127' title='bbox 682 1669 787 1690; x_wconf 84' lang='lat' dir='ltr'>escam</span> <span class='ocrx_word' id='word_1_128' title='bbox 809 1657 869 1689; x_wconf 85' lang='lat' dir='ltr'>cii·-</span> 
     </span>
     <span class='ocr_line' id='line_1_25' title="bbox 180 1708 866 1745; baseline 0.004 -8"><span class='ocrx_word' id='word_1_129' title='bbox 180 1708 387 1745; x_wconf 88' lang='lat' dir='ltr'>cumroserit;</span> <span class='ocrx_word' id='word_1_130' title='bbox 414 1715 470 1739; x_wconf 89' lang='lat' dir='ltr'>aut</span> <span class='ocrx_word' id='word_1_131' title='bbox 485 1708 639 1740; x_wconf 64' lang='lat' dir='ltr'>arundine</span> <span class='ocrx_word' id='word_1_132' title='bbox 656 1708 796 1739; x_wconf 86' lang='lat' dir='ltr'>levatum</span> <span class='ocrx_word' id='word_1_133' title='bbox 812 1719 866 1740; x_wconf 81' lang='lat' dir='ltr'>ex-</span> 
     </span>
     <span class='ocr_line' id='line_1_26' title="bbox 182 1758 871 1801; baseline 0.004 -14"><span class='ocrx_word' id='word_1_134' title='bbox 182 1762 231 1788; x_wconf 85' lang='lat' dir='ltr'>tra</span> <span class='ocrx_word' id='word_1_135' title='bbox 248 1758 403 1799; x_wconf 88' lang='lat' dir='ltr'>aquarn.&#39;’</span> <span class='ocrx_word' id='word_1_136' title='bbox 450 1759 513 1789; x_wconf 86' lang='lat' dir='ltr'>Sed</span> <span class='ocrx_word' id='word_1_137' title='bbox 530 1764 690 1801; x_wconf 72' lang='lat' dir='ltr'>postrema</span> <span class='ocrx_word' id='word_1_138' title='bbox 710 1769 772 1789; x_wconf 91' lang='lat' dir='ltr'>non</span> <span class='ocrx_word' id='word_1_139' title='bbox 794 1759 871 1790; x_wconf 88' lang='lat' dir='ltr'>satis</span> 
     </span>
     <span class='ocr_line' id='line_1_27' title="bbox 181 1809 871 1850; baseline 0.003 -12"><span class='ocrx_word' id='word_1_140' title='bbox 181 1815 374 1850; x_wconf 84' lang='lat' dir='ltr'>congruunt.</span> <span class='ocrx_word' id='word_1_141' title='bbox 422 1809 540 1840; x_wconf 80' lang='lat' dir='ltr'>Noster</span> <span class='ocrx_word' id='word_1_142' title='bbox 555 1809 654 1846; x_wconf 83' lang='lat' dir='ltr'>enim,</span> <span class='ocrx_word' id='word_1_143' title='bbox 673 1809 769 1840; x_wconf 85' lang='lat' dir='ltr'>etiam</span> <span class='ocrx_word' id='word_1_144' title='bbox 791 1810 871 1840; x_wconf 85' lang='lat' dir='ltr'>elato</span> 
     </span>
     <span class='ocr_line' id='line_1_28' title="bbox 183 1859 871 1903; baseline 0.004 -15"><span class='ocrx_word' id='word_1_145' title='bbox 183 1859 310 1895; x_wconf 81' lang='lat' dir='ltr'>calamo,</span> <span class='ocrx_word' id='word_1_146' title='bbox 330 1859 492 1891; x_wconf 87' lang='lat' dir='ltr'>adhaerere</span> <span class='ocrx_word' id='word_1_147' title='bbox 506 1859 623 1902; x_wconf 81' lang='lat' dir='ltr'>praedae</span> <span class='ocrx_word' id='word_1_148' title='bbox 641 1870 705 1891; x_wconf 81' lang='lat' dir='ltr'>suae</span> <span class='ocrx_word' id='word_1_149' title='bbox 717 1860 871 1903; x_wconf 81' lang='lat' dir='ltr'>polypum</span> 
     </span>
     <span class='ocr_line' id='line_1_29' title="bbox 184 1907 872 1953; baseline 0.003 -14"><span class='ocrx_word' id='word_1_150' title='bbox 184 1907 275 1952; x_wconf 79' lang='lat' dir='ltr'>dicit.</span> <span class='ocrx_word' id='word_1_151' title='bbox 307 1909 409 1942; x_wconf 90' lang='lat' dir='ltr'>donec</span> <span class='ocrx_word' id='word_1_152' title='bbox 441 1911 563 1941; x_wconf 78' lang='lat' dir='ltr'>hamum</span> <span class='ocrx_word' id='word_1_153' title='bbox 592 1910 660 1953; x_wconf 89' lang='lat' dir='ltr'>jam</span> <span class='ocrx_word' id='word_1_154' title='bbox 688 1911 872 1951; x_wconf 75' lang='lat' dir='ltr'>populatum</span> 
     </span>
     <span class='ocr_line' id='line_1_30' title="bbox 186 1966 324 1998; baseline 0.007 -9"><span class='ocrx_word' id='word_1_155' title='bbox 186 1966 324 1998; x_wconf 66' lang='lat' dir='ltr'>exspuat.</span> 
     </span>
    </p>
   </div>
   <div class='ocr_carea' id='block_1_8' title="bbox 185 2010 877 2804">
    <p class='ocr_par' dir='ltr' id='par_1_13' title="bbox 185 2010 872 2091">
     <span class='ocr_line' id='line_1_31' title="bbox 231 2010 872 2052; baseline 0.002 -11"><span class='ocrx_word' id='word_1_156' title='bbox 231 2011 287 2041; x_wconf 88' lang='lat'>35.</span> <span class='ocrx_word' id='word_1_157' title='bbox 315 2010 420 2045; x_wconf 77' lang='lat' dir='ltr'>Quum</span> <span class='ocrx_word' id='word_1_158' title='bbox 448 2010 597 2052; x_wconf 62' lang='lat' dir='ltr'>demum]</span> <span class='ocrx_word' id='word_1_159' title='bbox 638 2010 714 2041; x_wconf 86' lang='lat' dir='ltr'>Tum</span> <span class='ocrx_word' id='word_1_160' title='bbox 741 2012 872 2042; x_wconf 80' lang='lat' dir='ltr'>demum.</span> 
     </span>
     <span class='ocr_line' id='line_1_32' title="bbox 185 2059 335 2091; baseline 0.007 -1"><span class='ocrx_word' id='word_1_161' title='bbox 185 2059 335 2091; x_wconf 85' lang='lat' dir='ltr'>Ambros.</span> 
     </span>
    </p>

    <p class='ocr_par' dir='ltr' id='par_1_14' title="bbox 187 2110 877 2595">
     <span class='ocr_line' id='line_1_33' title="bbox 233 2110 873 2154; baseline 0.002 -13"><span class='ocrx_word' id='word_1_162' title='bbox 233 2111 286 2142; x_wconf 88' lang='lat'>37.</span> <span class='ocrx_word' id='word_1_163' title='bbox 313 2110 353 2141; x_wconf 77' lang='lat' dir='ltr'>Et</span> <span class='ocrx_word' id='word_1_164' title='bbox 370 2111 506 2154; x_wconf 82' lang='lat' dir='ltr'>Mugil.]</span> <span class='ocrx_word' id='word_1_165' title='bbox 532 2115 552 2128; x_wconf 73' lang='lat'>⁴¹</span> <span class='ocrx_word' id='word_1_166' title='bbox 565 2110 632 2142; x_wconf 82' lang='lat' dir='ltr'>Scit</span> <span class='ocrx_word' id='word_1_167' title='bbox 642 2116 674 2142; x_wconf 84' lang='lat' dir='ltr'>et</span> <span class='ocrx_word' id='word_1_168' title='bbox 685 2110 792 2152; x_wconf 84' lang='lat' dir='ltr'>Mugil</span> <span class='ocrx_word' id='word_1_169' title='bbox 805 2122 873 2142; x_wconf 89' lang='lat' dir='ltr'>esse</span> 
     </span>
     <span class='ocr_line' id='line_1_34' title="bbox 187 2160 872 2204; baseline 0.001 -13"><span class='ocrx_word' id='word_1_170' title='bbox 187 2160 219 2191; x_wconf 89' lang='lat' dir='ltr'>in</span> <span class='ocrx_word' id='word_1_171' title='bbox 247 2161 341 2193; x_wconf 89' lang='lat' dir='ltr'>hamo</span> <span class='ocrx_word' id='word_1_172' title='bbox 371 2172 490 2199; x_wconf 87' lang='lat' dir='ltr'>escam,</span> <span class='ocrx_word' id='word_1_173' title='bbox 516 2161 712 2204; x_wconf 84' lang='lat' dir='ltr'>insidiasque</span> <span class='ocrx_word' id='word_1_174' title='bbox 741 2172 803 2193; x_wconf 86' lang='lat' dir='ltr'>non</span> <span class='ocrx_word' id='word_1_175' title='bbox 826 2161 872 2204; x_wconf 88' lang='lat' dir='ltr'>ig-</span> 
     </span>
     <span class='ocr_line' id='line_1_35' title="bbox 188 2212 875 2249; baseline 0.001 -7"><span class='ocrx_word' id='word_1_176' title='bbox 188 2218 298 2243; x_wconf 87' lang='lat' dir='ltr'>norat:</span> <span class='ocrx_word' id='word_1_177' title='bbox 330 2212 469 2244; x_wconf 84' lang='lat' dir='ltr'>aviditas</span> <span class='ocrx_word' id='word_1_178' title='bbox 496 2219 603 2244; x_wconf 87' lang='lat' dir='ltr'>tamen</span> <span class='ocrx_word' id='word_1_179' title='bbox 635 2217 725 2243; x_wconf 84' lang='lat' dir='ltr'>tanta</span> <span class='ocrx_word' id='word_1_180' title='bbox 755 2218 813 2249; x_wconf 86' lang='lat' dir='ltr'>est,</span> <span class='ocrx_word' id='word_1_181' title='bbox 840 2218 875 2243; x_wconf 86' lang='lat' dir='ltr'>ut</span> 
     </span>
     <span class='ocr_line' id='line_1_36' title="bbox 188 2262 876 2295; baseline 0.001 -2"><span class='ocrx_word' id='word_1_182' title='bbox 188 2262 294 2294; x_wconf 89' lang='lat' dir='ltr'>cauda</span> <span class='ocrx_word' id='word_1_183' title='bbox 333 2263 529 2295; x_wconf 81' lang='lat' dir='ltr'>verberando</span> <span class='ocrx_word' id='word_1_184' title='bbox 573 2262 717 2295; x_wconf 85' lang='lat' dir='ltr'>excutiat</span> <span class='ocrx_word' id='word_1_185' title='bbox 754 2263 876 2294; x_wconf 84' lang='lat' dir='ltr'>cibos.’&#39;</span> 
     </span>
     <span class='ocr_line' id='line_1_37' title="bbox 189 2311 875 2356; baseline 0.003 -14"><span class='ocrx_word' id='word_1_186' title='bbox 189 2311 279 2344; x_wconf 88' lang='lat' dir='ltr'>Plin.</span> <span class='ocrx_word' id='word_1_187' title='bbox 296 2314 395 2345; x_wconf 83' lang='lat' dir='ltr'>xxxii.</span> <span class='ocrx_word' id='word_1_188' title='bbox 411 2324 439 2345; x_wconf 88' lang='lat' dir='ltr'>c.</span> <span class='ocrx_word' id='word_1_189' title='bbox 455 2315 488 2345; x_wconf 85' lang='lat'>2.</span> <span class='ocrx_word' id='word_1_190' title='bbox 537 2314 589 2344; x_wconf 91' lang='lat' dir='ltr'>Ita</span> <span class='ocrx_word' id='word_1_191' title='bbox 613 2313 682 2344; x_wconf 86' lang='lat' dir='ltr'>baec</span> <span class='ocrx_word' id='word_1_192' title='bbox 703 2313 875 2356; x_wconf 85' lang='lat' dir='ltr'>plusquam</span> 
     </span>
     <span class='ocr_line' id='line_1_38' title="bbox 191 2363 875 2407; baseline 0.001 -13"><span class='ocrx_word' id='word_1_193' title='bbox 191 2363 412 2406; x_wconf 81' lang='grc' dir='ltr'>παραφράζει,</span> <span class='ocrx_word' id='word_1_194' title='bbox 429 2364 484 2407; x_wconf 92' lang='lat' dir='ltr'>qui</span> <span class='ocrx_word' id='word_1_195' title='bbox 506 2364 630 2406; x_wconf 84' lang='lat' dir='ltr'>reliqua</span> <span class='ocrx_word' id='word_1_196' title='bbox 654 2363 784 2394; x_wconf 89' lang='lat' dir='ltr'>vixdum</span> <span class='ocrx_word' id='word_1_197' title='bbox 808 2363 875 2406; x_wconf 86' lang='lat' dir='ltr'>epi-</span> 
     </span>
     <span class='ocr_line' id='line_1_39' title="bbox 192 2413 877 2456; baseline 0.001 -13"><span class='ocrx_word' id='word_1_198' title='bbox 192 2419 380 2446; x_wconf 87' lang='lat' dir='ltr'>tomaverat.</span> <span class='ocrx_word' id='word_1_199' title='bbox 399 2415 498 2445; x_wconf 64' lang='lat' dir='ltr'>vmr.</span> <span class='ocrx_word' id='word_1_200' title='bbox 545 2414 597 2445; x_wconf 84' lang='lat' dir='ltr'>De</span> <span class='ocrx_word' id='word_1_201' title='bbox 609 2414 727 2456; x_wconf 82' lang='lat' dir='ltr'>Mugili</span> <span class='ocrx_word' id='word_1_202' title='bbox 741 2413 877 2451; x_wconf 84' lang='lat' dir='ltr'>Plinius,</span> 
     </span>
     <span class='ocr_line' id='line_1_40' title="bbox 194 2463 877 2507; baseline 0.003 -13"><span class='ocrx_word' id='word_1_203' title='bbox 194 2463 307 2495; x_wconf 90' lang='lat' dir='ltr'>eodem</span> <span class='ocrx_word' id='word_1_204' title='bbox 325 2464 384 2496; x_wconf 91' lang='lat' dir='ltr'>lib.</span> <span class='ocrx_word' id='word_1_205' title='bbox 403 2475 476 2507; x_wconf 80' lang='lat' dir='ltr'>cap.</span> <span class='ocrx_word' id='word_1_206' title='bbox 495 2466 526 2496; x_wconf 84' lang='lat'>9.</span> <span class='ocrx_word' id='word_1_207' title='bbox 543 2465 672 2496; x_wconf 83' lang='lat' dir='ltr'>sec.23.</span> <span class='ocrx_word' id='word_1_208' title='bbox 685 2470 716 2496; x_wconf 86' lang='lat' dir='ltr'>et</span> <span class='ocrx_word' id='word_1_209' title='bbox 733 2464 822 2496; x_wconf 84' lang='lat' dir='ltr'>alibi.</span> <span class='ocrx_word' id='word_1_210' title='bbox 840 2464 877 2496; x_wconf 92' lang='lat' dir='ltr'>C.</span> 
     </span>
     <span class='ocr_line' id='line_1_41' title="bbox 194 2514 876 2558; baseline 0.001 -14"><span class='ocrx_word' id='word_1_211' title='bbox 194 2515 236 2545; x_wconf 72' lang='lat' dir='ltr'>At</span> <span class='ocrx_word' id='word_1_212' title='bbox 254 2514 411 2547; x_wconf 79' lang='lat' dir='ltr'>editiones</span> <span class='ocrx_word' id='word_1_213' title='bbox 426 2516 550 2547; x_wconf 83' lang='lat' dir='ltr'>multae.</span> <span class='ocrx_word' id='word_1_214' title='bbox 600 2516 744 2558; x_wconf 65' lang='lat' dir='ltr'>Magnis,</span> <span class='ocrx_word' id='word_1_215' title='bbox 763 2514 876 2546; x_wconf 88' lang='lat' dir='ltr'>Heins.</span> 
     </span>
     <span class='ocr_line' id='line_1_42' title="bbox 191 2563 344 2595; baseline 0.013 -2"><span class='ocrx_word' id='word_1_216' title='bbox 191 2563 344 2595; x_wconf 83' lang='lat' dir='ltr'>malebat.</span> 
     </span>
    </p>

    <p class='ocr_par' dir='ltr' id='par_1_15' title="bbox 194 2615 877 2804">
     <span class='ocr_line' id='line_1_43' title="bbox 238 2615 877 2660; baseline 0.005 -15"><span class='ocrx_word' id='word_1_217' title='bbox 238 2616 291 2646; x_wconf 74' lang='lat'>38.</span> <span class='ocrx_word' id='word_1_218' title='bbox 317 2615 426 2660; x_wconf 39' lang='lat' dir='ltr'>Lupuls</span> <span class='ocrx_word' id='word_1_219' title='bbox 441 2618 508 2647; x_wconf 68' lang='lat' dir='ltr'>acri</span> <span class='ocrx_word' id='word_1_220' title='bbox 524 2618 661 2647; x_wconf 68' lang='lat' dir='ltr'>concitus</span> <span class='ocrx_word' id='word_1_221' title='bbox 678 2617 752 2658; x_wconf 58' lang='lat' dir='ltr'>inu]</span> <span class='ocrx_word' id='word_1_222' title='bbox 779 2620 799 2635; x_wconf 86' lang='lat'><em>“</em></span> <span class='ocrx_word' id='word_1_223' title='bbox 812 2617 877 2648; x_wconf 81' lang='lat' dir='ltr'>Mi-</span> 
     </span>
     <span class='ocr_line' id='line_1_44' title="bbox 196 2665 875 2710; baseline 0.004 -15"><span class='ocrx_word' id='word_1_224' title='bbox 196 2676 255 2696; x_wconf 85' lang='lat' dir='ltr'>nus</span> <span class='ocrx_word' id='word_1_225' title='bbox 271 2665 302 2697; x_wconf 90' lang='lat' dir='ltr'>in</span> <span class='ocrx_word' id='word_1_226' title='bbox 319 2666 517 2708; x_wconf 84' lang='lat' dir='ltr'>providendo</span> <span class='ocrx_word' id='word_1_227' title='bbox 533 2667 642 2710; x_wconf 82' lang='lat' dir='ltr'>Lupus</span> <span class='ocrx_word' id='word_1_228' title='bbox 663 2668 800 2699; x_wconf 66' lang='lat' dir='ltr'>solertiae</span> <span class='ocrx_word' id='word_1_229' title='bbox 818 2668 875 2699; x_wconf 87' lang='lat' dir='ltr'>ha-</span> 
     </span>
     <span class='ocr_line' id='line_1_45' title="bbox 194 2715 874 2760; baseline 0.006 -14"><span class='ocrx_word' id='word_1_230' title='bbox 194 2715 261 2752; x_wconf 88' lang='lat' dir='ltr'>bet,</span> <span class='ocrx_word' id='word_1_231' title='bbox 277 2716 332 2747; x_wconf 87' lang='lat' dir='ltr'>sed</span> <span class='ocrx_word' id='word_1_232' title='bbox 348 2727 498 2759; x_wconf 84' lang='lat' dir='ltr'>magnum</span> <span class='ocrx_word' id='word_1_233' title='bbox 515 2718 609 2748; x_wconf 88' lang='lat' dir='ltr'>robur</span> <span class='ocrx_word' id='word_1_234' title='bbox 622 2717 654 2748; x_wconf 91' lang='lat' dir='ltr'>in</span> <span class='ocrx_word' id='word_1_235' title='bbox 670 2718 874 2760; x_wconf 81' lang='lat' dir='ltr'>poenitendo:</span> 
     </span>
     <span class='ocr_line' id='line_1_46' title="bbox 195 2766 877 2804; baseline 0.006 -8"><span class='ocrx_word' id='word_1_236' title='bbox 195 2776 268 2797; x_wconf 86' lang='lat' dir='ltr'>nam</span> <span class='ocrx_word' id='word_1_237' title='bbox 286 2772 321 2797; x_wconf 90' lang='lat' dir='ltr'>ut</span> <span class='ocrx_word' id='word_1_238' title='bbox 336 2766 428 2798; x_wconf 87' lang='lat' dir='ltr'>haesit</span> <span class='ocrx_word' id='word_1_239' title='bbox 440 2768 471 2798; x_wconf 90' lang='lat' dir='ltr'>in</span> <span class='ocrx_word' id='word_1_240' title='bbox 488 2767 592 2804; x_wconf 89' lang='lat' dir='ltr'>hamo,</span> <span class='ocrx_word' id='word_1_241' title='bbox 605 2768 802 2800; x_wconf 86' lang='lat' dir='ltr'>tumultuoso</span> <span class='ocrx_word' id='word_1_242' title='bbox 814 2768 877 2800; x_wconf 83' lang='lat' dir='ltr'>‹lis-</span> 
     </span>
    </p>
   </div>
   <div class='ocr_carea' id='block_1_9' title="bbox 935 1200 1634 2811">
    <p class='ocr_par' dir='ltr' id='par_1_16' title="bbox 935 1200 1623 1286">
     <span class='ocr_line' id='line_1_47' title="bbox 935 1200 1623 1239; baseline -0.004 -4"><span class='ocrx_word' id='word_1_243' title='bbox 935 1214 1027 1235; x_wconf 90' lang='lat' dir='ltr'>cursu</span> <span class='ocrx_word' id='word_1_244' title='bbox 1057 1203 1147 1234; x_wconf 86' lang='lat' dir='ltr'>laxat</span> <span class='ocrx_word' id='word_1_245' title='bbox 1171 1203 1318 1239; x_wconf 82' lang='lat' dir='ltr'>vulnera,</span> <span class='ocrx_word' id='word_1_246' title='bbox 1340 1201 1444 1233; x_wconf 89' lang='lat' dir='ltr'>donec</span> <span class='ocrx_word' id='word_1_247' title='bbox 1470 1200 1623 1233; x_wconf 82' lang='lat' dir='ltr'>excidant</span> 
     </span>
     <span class='ocr_line' id='line_1_48' title="bbox 935 1253 1365 1286; baseline -0.002 -2"><span class='ocrx_word' id='word_1_248' title='bbox 935 1253 1095 1286; x_wconf 61' lang='lat' dir='ltr'>insidiaeff&#39;</span> <span class='ocrx_word' id='word_1_249' title='bbox 1121 1253 1208 1284; x_wconf 85' lang='lat' dir='ltr'>Plin.</span> <span class='ocrx_word' id='word_1_250' title='bbox 1226 1253 1270 1284; x_wconf 88' lang='lat' dir='ltr'>ib.</span> <span class='ocrx_word' id='word_1_251' title='bbox 1287 1263 1315 1283; x_wconf 88' lang='lat' dir='ltr'>c.</span> <span class='ocrx_word' id='word_1_252' title='bbox 1331 1254 1365 1284; x_wconf 85' lang='lat'>2.</span> 
     </span>
    </p>

    <p class='ocr_par' dir='ltr' id='par_1_17' title="bbox 936 1300 1624 1391">
     <span class='ocr_line' id='line_1_49' title="bbox 980 1300 1624 1336; baseline -0.005 0"><span class='ocrx_word' id='word_1_253' title='bbox 980 1305 1036 1336; x_wconf 89' lang='lat'>39.</span> <span class='ocrx_word' id='word_1_254' title='bbox 1071 1304 1235 1335; x_wconf 82' lang='lat' dir='ltr'>Discursu.</span> <span class='ocrx_word' id='word_1_255' title='bbox 1265 1303 1362 1334; x_wconf 90' lang='lat' dir='ltr'>MSS.</span> <span class='ocrx_word' id='word_1_256' title='bbox 1391 1303 1557 1334; x_wconf 79' lang='lat' dir='ltr'>Discussus</span> <span class='ocrx_word' id='word_1_257' title='bbox 1588 1300 1624 1333; x_wconf 90' lang='lat' dir='ltr'>id</span> 
     </span>
     <span class='ocr_line' id='line_1_50' title="bbox 936 1354 1293 1391; baseline -0.006 -5"><span class='ocrx_word' id='word_1_258' title='bbox 936 1361 998 1391; x_wconf 83' lang='lat' dir='ltr'>est,</span> <span class='ocrx_word' id='word_1_259' title='bbox 1013 1356 1163 1386; x_wconf 72' lang='lat' dir='ltr'>discussit.</span> <span class='ocrx_word' id='word_1_260' title='bbox 1188 1354 1293 1385; x_wconf 63' lang='lat' dir='ltr'><strong>IDEM.</strong></span> 
     </span>
    </p>

    <p class='ocr_par' dir='ltr' id='par_1_18' title="bbox 937 1402 1629 1896">
     <span class='ocr_line' id='line_1_51' title="bbox 982 1402 1624 1445; baseline -0.005 -9"><span class='ocrx_word' id='word_1_261' title='bbox 982 1407 1036 1437; x_wconf 79' lang='lat'>42.</span> <span class='ocrx_word' id='word_1_262' title='bbox 1062 1404 1236 1445; x_wconf 61' lang='lat' dir='ltr'>Min-ceum]</span> <span class='ocrx_word' id='word_1_263' title='bbox 1257 1408 1277 1421; x_wconf 80' lang='lat'>‘¹</span> <span class='ocrx_word' id='word_1_264' title='bbox 1290 1404 1439 1435; x_wconf 85' lang='lat' dir='ltr'>Muraena</span> <span class='ocrx_word' id='word_1_265' title='bbox 1450 1402 1546 1435; x_wconf 89' lang='lat' dir='ltr'>etiam</span> <span class='ocrx_word' id='word_1_266' title='bbox 1559 1412 1624 1433; x_wconf 87' lang='lat' dir='ltr'>non</span> 
     </span>
     <span class='ocr_line' id='line_1_52' title="bbox 937 1451 1624 1499; baseline -0.006 -11"><span class='ocrx_word' id='word_1_267' title='bbox 937 1457 1062 1499; x_wconf 87' lang='lat' dir='ltr'>ignorat</span> <span class='ocrx_word' id='word_1_268' title='bbox 1092 1456 1172 1487; x_wconf 82' lang='lat' dir='ltr'>vires</span> <span class='ocrx_word' id='word_1_269' title='bbox 1206 1454 1348 1498; x_wconf 83' lang='lat' dir='ltr'>proprias</span> <span class='ocrx_word' id='word_1_270' title='bbox 1382 1460 1451 1485; x_wconf 91' lang='lat' dir='ltr'>tum</span> <span class='ocrx_word' id='word_1_271' title='bbox 1486 1451 1624 1485; x_wconf 86' lang='lat' dir='ltr'>nocendi</span> 
     </span>
     <span class='ocr_line' id='line_1_53' title="bbox 939 1504 1624 1545; baseline -0.004 -7"><span class='ocrx_word' id='word_1_272' title='bbox 939 1508 1021 1545; x_wconf 88' lang='lat' dir='ltr'>aliis,</span> <span class='ocrx_word' id='word_1_273' title='bbox 1052 1514 1120 1539; x_wconf 91' lang='lat' dir='ltr'>tum</span> <span class='ocrx_word' id='word_1_274' title='bbox 1158 1507 1199 1538; x_wconf 79' lang='lat' dir='ltr'>ad</span> <span class='ocrx_word' id='word_1_275' title='bbox 1238 1505 1459 1538; x_wconf 81' lang='lat' dir='ltr'>auxiliandum</span> <span class='ocrx_word' id='word_1_276' title='bbox 1497 1504 1559 1536; x_wconf 85' lang='lat' dir='ltr'>sibi</span> <span class='ocrx_word' id='word_1_277' title='bbox 1581 1505 1624 1535; x_wconf 92' lang='lat' dir='ltr'>&#39;in</span> 
     </span>
     <span class='ocr_line' id='line_1_54' title="bbox 939 1554 1624 1589; baseline -0.004 0"><span class='ocrx_word' id='word_1_278' title='bbox 939 1569 1046 1589; x_wconf 87' lang='lat' dir='ltr'>morsu</span> <span class='ocrx_word' id='word_1_279' title='bbox 1074 1568 1143 1588; x_wconf 87' lang='lat' dir='ltr'>esse</span> <span class='ocrx_word' id='word_1_280' title='bbox 1172 1556 1261 1588; x_wconf 84' lang='lat' dir='ltr'>sitas.</span> <span class='ocrx_word' id='word_1_281' title='bbox 1309 1555 1508 1587; x_wconf 87' lang='lat' dir='ltr'>Praemordet</span> <span class='ocrx_word' id='word_1_282' title='bbox 1537 1554 1624 1586; x_wconf 89' lang='lat' dir='ltr'>enim</span> 
     </span>
     <span class='ocr_line' id='line_1_55' title="bbox 940 1605 1622 1649; baseline -0.004 -10"><span class='ocrx_word' id='word_1_283' title='bbox 940 1607 1078 1639; x_wconf 87' lang='lat' dir='ltr'>lineam:</span> <span class='ocrx_word' id='word_1_284' title='bbox 1107 1618 1212 1649; x_wconf 86' lang='lat' dir='ltr'>neque</span> <span class='ocrx_word' id='word_1_285' title='bbox 1235 1605 1401 1637; x_wconf 83' lang='lat' dir='ltr'>mordendi</span> <span class='ocrx_word' id='word_1_286' title='bbox 1423 1606 1488 1637; x_wconf 89' lang='lat' dir='ltr'>vim</span> <span class='ocrx_word' id='word_1_287' title='bbox 1512 1605 1622 1636; x_wconf 86' lang='lat' dir='ltr'>remit-</span> 
     </span>
     <span class='ocr_line' id='line_1_56' title="bbox 941 1656 1624 1698; baseline -0.006 -8"><span class='ocrx_word' id='word_1_288' title='bbox 941 1659 991 1695; x_wconf 88' lang='lat' dir='ltr'>tit,</span> <span class='ocrx_word' id='word_1_289' title='bbox 1014 1658 1116 1690; x_wconf 92' lang='lat' dir='ltr'>donec</span> <span class='ocrx_word' id='word_1_290' title='bbox 1140 1657 1269 1689; x_wconf 90' lang='lat' dir='ltr'>omnino</span> <span class='ocrx_word' id='word_1_291' title='bbox 1295 1656 1465 1688; x_wconf 86' lang='lat' dir='ltr'>debilitata</span> <span class='ocrx_word' id='word_1_292' title='bbox 1488 1666 1522 1687; x_wconf 92' lang='lat' dir='ltr'>se</span> <span class='ocrx_word' id='word_1_293' title='bbox 1548 1666 1624 1698; x_wconf 86' lang='lat' dir='ltr'>cap-</span> 
     </span>
     <span class='ocr_line' id='line_1_57' title="bbox 943 1707 1626 1740; baseline -0.004 0"><span class='ocrx_word' id='word_1_294' title='bbox 943 1715 1009 1740; x_wconf 89' lang='lat' dir='ltr'>tam</span> <span class='ocrx_word' id='word_1_295' title='bbox 1046 1715 1078 1740; x_wconf 89' lang='lat' dir='ltr'>et</span> <span class='ocrx_word' id='word_1_296' title='bbox 1113 1708 1233 1740; x_wconf 82' lang='lat' dir='ltr'>victam</span> <span class='ocrx_word' id='word_1_297' title='bbox 1271 1708 1422 1739; x_wconf 81' lang='lat' dir='ltr'>fateatur.</span> <span class='ocrx_word' id='word_1_298' title='bbox 1467 1707 1626 1738; x_wconf 83' lang='lat' dir='ltr'>Muraenae</span> 
     </span>
     <span class='ocr_line' id='line_1_58' title="bbox 940 1757 1626 1802; baseline -0.004 -11"><span class='ocrx_word' id='word_1_299' title='bbox 940 1759 1079 1802; x_wconf 87' lang='lat' dir='ltr'>amplius</span> <span class='ocrx_word' id='word_1_300' title='bbox 1102 1759 1256 1790; x_wconf 88' lang='lat' dir='ltr'>devorant</span> <span class='ocrx_word' id='word_1_301' title='bbox 1278 1768 1376 1801; x_wconf 85' lang='lat' dir='ltr'>quarn</span> <span class='ocrx_word' id='word_1_302' title='bbox 1403 1757 1546 1795; x_wconf 88' lang='lat' dir='ltr'>hamum,</span> <span class='ocrx_word' id='word_1_303' title='bbox 1569 1757 1626 1789; x_wconf 92' lang='lat' dir='ltr'>ad-</span> 
     </span>
     <span class='ocr_line' id='line_1_59' title="bbox 940 1808 1629 1852; baseline -0.001 -11"><span class='ocrx_word' id='word_1_304' title='bbox 940 1817 1134 1852; x_wconf 88' lang='lat' dir='ltr'>moventque</span> <span class='ocrx_word' id='word_1_305' title='bbox 1156 1809 1307 1841; x_wconf 87' lang='lat' dir='ltr'>dentibus</span> <span class='ocrx_word' id='word_1_306' title='bbox 1327 1809 1442 1846; x_wconf 88' lang='lat' dir='ltr'>lineas,</span> <span class='ocrx_word' id='word_1_307' title='bbox 1460 1815 1558 1852; x_wconf 82' lang='lat' dir='ltr'>atque</span> <span class='ocrx_word' id='word_1_308' title='bbox 1582 1808 1629 1840; x_wconf 81' lang='lat' dir='ltr'>ita</span> 
     </span>
     <span class='ocr_line' id='line_1_60' title="bbox 941 1858 1494 1896; baseline -0.002 -4"><span class='ocrx_word' id='word_1_309' title='bbox 941 1860 1111 1893; x_wconf 87' lang='lat' dir='ltr'>erodunt.”</span> <span class='ocrx_word' id='word_1_310' title='bbox 1135 1859 1273 1896; x_wconf 84' lang='lat' dir='ltr'>Plinius,</span> <span class='ocrx_word' id='word_1_311' title='bbox 1289 1860 1359 1891; x_wconf 90' lang='lat' dir='ltr'>loco</span> <span class='ocrx_word' id='word_1_312' title='bbox 1371 1858 1427 1891; x_wconf 90' lang='lat' dir='ltr'>cit.</span> <span class='ocrx_word' id='word_1_313' title='bbox 1451 1860 1494 1891; x_wconf 90' lang='lat' dir='ltr'>G.</span> 
     </span>
    </p>

    <p class='ocr_par' dir='ltr' id='par_1_19' title="bbox 941 1910 1630 2354">
     <span class='ocr_line' id='line_1_61' title="bbox 987 1910 1626 1953; baseline -0.003 -11"><span class='ocrx_word' id='word_1_314' title='bbox 987 1912 1040 1942; x_wconf 87' lang='grc'>43.</span> <span class='ocrx_word' id='word_1_315' title='bbox 1065 1912 1251 1952; x_wconf 73' lang='lat' dir='ltr'>Auxilioque</span> <span class='ocrx_word' id='word_1_316' title='bbox 1273 1910 1358 1951; x_wconf 64' lang='lat' dir='ltr'>sibi]</span> <span class='ocrx_word' id='word_1_317' title='bbox 1391 1910 1492 1953; x_wconf 86' lang='lat' dir='ltr'>Lege,</span> <span class='ocrx_word' id='word_1_318' title='bbox 1514 1911 1563 1940; x_wconf 81' lang='lat' dir='ltr'>sui</span> <span class='ocrx_word' id='word_1_319' title='bbox 1586 1919 1626 1941; x_wconf 90' lang='lat' dir='ltr'>ex</span> 
     </span>
     <span class='ocr_line' id='line_1_62' title="bbox 941 1960 1628 2003; baseline -0.001 -11"><span class='ocrx_word' id='word_1_320' title='bbox 941 1961 1068 1993; x_wconf 87' lang='lat' dir='ltr'>Thuan.</span> <span class='ocrx_word' id='word_1_321' title='bbox 1084 1969 1117 1993; x_wconf 88' lang='lat' dir='ltr'>et</span> <span class='ocrx_word' id='word_1_322' title='bbox 1136 1960 1265 1998; x_wconf 83' lang='lat' dir='ltr'>deinde,</span> <span class='ocrx_word' id='word_1_323' title='bbox 1285 1964 1422 1993; x_wconf 78' lang='lat' dir='ltr'>cominus</span> <span class='ocrx_word' id='word_1_324' title='bbox 1442 1971 1498 2003; x_wconf 90' lang='lat' dir='ltr'>pro</span> <span class='ocrx_word' id='word_1_325' title='bbox 1518 1972 1550 1992; x_wconf 87' lang='lat' dir='ltr'>eo</span> <span class='ocrx_word' id='word_1_326' title='bbox 1570 1962 1628 1992; x_wconf 82' lang='lat' dir='ltr'>mi-</span> 
     </span>
     <span class='ocr_line' id='line_1_63' title="bbox 943 2010 1627 2054; baseline -0.001 -11"><span class='ocrx_word' id='word_1_327' title='bbox 943 2024 1012 2048; x_wconf 65' lang='lat' dir='ltr'>mis,</span> <span class='ocrx_word' id='word_1_328' title='bbox 1026 2023 1064 2043; x_wconf 80' lang='lat' dir='ltr'>ex</span> <span class='ocrx_word' id='word_1_329' title='bbox 1078 2017 1214 2054; x_wconf 89' lang='lat' dir='ltr'>utroque</span> <span class='ocrx_word' id='word_1_330' title='bbox 1223 2011 1359 2054; x_wconf 84' lang='lat' dir='ltr'>scripto;</span> <span class='ocrx_word' id='word_1_331' title='bbox 1378 2012 1457 2042; x_wconf 87' lang='lat' dir='ltr'>sorte</span> <span class='ocrx_word' id='word_1_332' title='bbox 1471 2023 1478 2041; x_wconf 92' lang='lat'>:</span> <span class='ocrx_word' id='word_1_333' title='bbox 1503 2015 1523 2029; x_wconf 80' lang='lat'>‘⁴</span> <span class='ocrx_word' id='word_1_334' title='bbox 1534 2010 1627 2042; x_wconf 86' lang='lat' dir='ltr'>Aux-</span> 
     </span>
     <span class='ocr_line' id='line_1_64' title="bbox 942 2060 1629 2104; baseline 0.001 -13"><span class='ocrx_word' id='word_1_335' title='bbox 942 2061 1099 2104; x_wconf 88' lang='lat' dir='ltr'>iliumque</span> <span class='ocrx_word' id='word_1_336' title='bbox 1115 2061 1163 2093; x_wconf 88' lang='lat' dir='ltr'>sui</span> <span class='ocrx_word' id='word_1_337' title='bbox 1175 2072 1281 2092; x_wconf 84' lang='lat' dir='ltr'>morsu</span> <span class='ocrx_word' id='word_1_338' title='bbox 1296 2071 1356 2092; x_wconf 90' lang='lat' dir='ltr'>nec</span> <span class='ocrx_word' id='word_1_339' title='bbox 1371 2060 1550 2092; x_wconf 90' lang='lat' dir='ltr'>comminus</span> <span class='ocrx_word' id='word_1_340' title='bbox 1563 2061 1629 2093; x_wconf 90' lang='lat' dir='ltr'>acri</span> 
     </span>
     <span class='ocr_line' id='line_1_65' title="bbox 944 2110 1630 2153; baseline 0 -11"><span class='ocrx_word' id='word_1_341' title='bbox 944 2110 1107 2143; x_wconf 85' lang='lat' dir='ltr'>Deficit.&#39;’</span> <span class='ocrx_word' id='word_1_342' title='bbox 1153 2111 1205 2142; x_wconf 90' lang='lat' dir='ltr'>Sic</span> <span class='ocrx_word' id='word_1_343' title='bbox 1225 2110 1283 2142; x_wconf 88' lang='lat' dir='ltr'>illa</span> <span class='ocrx_word' id='word_1_344' title='bbox 1303 2115 1494 2153; x_wconf 86' lang='lat' dir='ltr'>tempestate</span> <span class='ocrx_word' id='word_1_345' title='bbox 1516 2110 1630 2153; x_wconf 90' lang='lat' dir='ltr'>loque-</span> 
     </span>
     <span class='ocr_line' id='line_1_66' title="bbox 945 2161 1628 2203; baseline 0.001 -11"><span class='ocrx_word' id='word_1_346' title='bbox 945 2161 1082 2200; x_wconf 88' lang='lat' dir='ltr'>bantur;</span> <span class='ocrx_word' id='word_1_347' title='bbox 1119 2167 1151 2193; x_wconf 87' lang='lat' dir='ltr'>et</span> <span class='ocrx_word' id='word_1_348' title='bbox 1180 2162 1219 2193; x_wconf 84' lang='grc' dir='ltr'>τὸ</span> <span class='ocrx_word' id='word_1_349' title='bbox 1249 2161 1376 2202; x_wconf 54' lang='lat' dir='ltr'>deficere</span> <span class='ocrx_word' id='word_1_350' title='bbox 1404 2171 1477 2192; x_wconf 91' lang='lat' dir='ltr'>cum</span> <span class='ocrx_word' id='word_1_351' title='bbox 1513 2167 1628 2203; x_wconf 91' lang='lat' dir='ltr'>quarto</span> 
     </span>
     <span class='ocr_line' id='line_1_67' title="bbox 946 2212 1630 2255; baseline 0.001 -12"><span class='ocrx_word' id='word_1_352' title='bbox 946 2222 1023 2243; x_wconf 87' lang='lat' dir='ltr'>casu</span> <span class='ocrx_word' id='word_1_353' title='bbox 1049 2212 1300 2255; x_wconf 85' lang='lat' dir='ltr'>conjungebant,</span> <span class='ocrx_word' id='word_1_354' title='bbox 1325 2217 1359 2243; x_wconf 88' lang='lat' dir='ltr'>ut</span> <span class='ocrx_word' id='word_1_355' title='bbox 1383 2212 1459 2244; x_wconf 81' lang='lat' dir='ltr'>alibi</span> <span class='ocrx_word' id='word_1_356' title='bbox 1483 2212 1630 2255; x_wconf 87' lang='lat' dir='ltr'>pluribus</span> 
     </span>
     <span class='ocr_line' id='line_1_68' title="bbox 946 2261 1630 2304; baseline 0.001 -11"><span class='ocrx_word' id='word_1_357' title='bbox 946 2268 993 2293; x_wconf 87' lang='lat' dir='ltr'>est</span> <span class='ocrx_word' id='word_1_358' title='bbox 1005 2261 1270 2294; x_wconf 85' lang='lat' dir='ltr'>demonstratum.</span> <span class='ocrx_word' id='word_1_359' title='bbox 1301 2262 1456 2304; x_wconf 88' lang='lat' dir='ltr'>Sequenti</span> <span class='ocrx_word' id='word_1_360' title='bbox 1470 2273 1563 2294; x_wconf 86' lang='lat' dir='ltr'>versu</span> <span class='ocrx_word' id='word_1_361' title='bbox 1575 2263 1630 2294; x_wconf 85' lang='lat' dir='ltr'>ha·</span> 
     </span>
     <span class='ocr_line' id='line_1_69' title="bbox 946 2313 1629 2354; baseline 0.006 -12"><span class='ocrx_word' id='word_1_362' title='bbox 946 2324 1007 2344; x_wconf 81' lang='lat' dir='ltr'>mos</span> <span class='ocrx_word' id='word_1_363' title='bbox 1020 2319 1115 2353; x_wconf 83' lang='lat' dir='ltr'>ponat</span> <span class='ocrx_word' id='word_1_364' title='bbox 1130 2319 1262 2354; x_wconf 80' lang='lat' dir='ltr'>captura</span> <span class='ocrx_word' id='word_1_365' title='bbox 1276 2314 1419 2344; x_wconf 84' lang='lat' dir='ltr'>minaces.</span> <span class='ocrx_word' id='word_1_366' title='bbox 1434 2313 1562 2345; x_wconf 84' lang='lat' dir='ltr'>Thuan.</span> <span class='ocrx_word' id='word_1_367' title='bbox 1585 2313 1629 2346; x_wconf 91' lang='lat' dir='ltr'>H.</span> 
     </span>
    </p>

    <p class='ocr_par' dir='ltr' id='par_1_20' title="bbox 946 2362 1634 2811">
     <span class='ocr_line' id='line_1_70' title="bbox 992 2362 1630 2407; baseline 0.005 -14"><span class='ocrx_word' id='word_1_368' title='bbox 992 2364 1047 2395; x_wconf 88' lang='lat'>45.</span> <span class='ocrx_word' id='word_1_369' title='bbox 1072 2364 1206 2394; x_wconf 74' lang='lat' dir='ltr'>Anthios</span> <span class='ocrx_word' id='word_1_370' title='bbox 1233 2363 1310 2404; x_wconf 81' lang='lat' dir='ltr'>his.]</span> <span class='ocrx_word' id='word_1_371' title='bbox 1352 2364 1405 2395; x_wconf 88' lang='lat' dir='ltr'>De</span> <span class='ocrx_word' id='word_1_372' title='bbox 1442 2362 1503 2395; x_wconf 89' lang='lat' dir='ltr'>hoc</span> <span class='ocrx_word' id='word_1_373' title='bbox 1542 2364 1630 2407; x_wconf 88' lang='lat' dir='ltr'>pisce</span> 
     </span>
     <span class='ocr_line' id='line_1_71' title="bbox 947 2413 1630 2456; baseline 0.003 -11"><span class='ocrx_word' id='word_1_374' title='bbox 947 2414 1073 2446; x_wconf 87' lang='lat' dir='ltr'>Plinius</span> <span class='ocrx_word' id='word_1_375' title='bbox 1102 2413 1159 2445; x_wconf 91' lang='lat' dir='ltr'>lib.</span> <span class='ocrx_word' id='word_1_376' title='bbox 1177 2413 1221 2444; x_wconf 91' lang='lat' dir='ltr'>ix.</span> <span class='ocrx_word' id='word_1_377' title='bbox 1244 2423 1317 2456; x_wconf 88' lang='lat' dir='ltr'>cap.</span> <span class='ocrx_word' id='word_1_378' title='bbox 1340 2413 1394 2445; x_wconf 87' lang='lat'>59.</span> <span class='ocrx_word' id='word_1_379' title='bbox 1441 2414 1500 2445; x_wconf 90' lang='lat' dir='ltr'>Est</span> <span class='ocrx_word' id='word_1_380' title='bbox 1522 2420 1630 2447; x_wconf 85' lang='lat' dir='ltr'>autem</span> 
     </span>
     <span class='ocr_line' id='line_1_72' title="bbox 949 2463 1633 2508; baseline 0.004 -13"><span class='ocrx_word' id='word_1_381' title='bbox 949 2475 967 2496; x_wconf 84' lang='lat' dir='ltr'>a</span> <span class='ocrx_word' id='word_1_382' title='bbox 986 2464 1111 2496; x_wconf 89' lang='lat' dir='ltr'>Graecis</span> <span class='ocrx_word' id='word_1_383' title='bbox 1133 2470 1266 2496; x_wconf 88' lang='lat' dir='ltr'>vocatus</span> <span class='ocrx_word' id='word_1_384' title='bbox 1288 2463 1373 2507; x_wconf 80' lang='grc' dir='ltr'><strong><em>ἱερὸς</em></strong></span> <span class='ocrx_word' id='word_1_385' title='bbox 1396 2464 1507 2508; x_wconf 82' lang='grc' dir='ltr'><em>ἰχθὺς,</em></span> <span class='ocrx_word' id='word_1_386' title='bbox 1530 2473 1563 2497; x_wconf 88' lang='lat' dir='ltr'>ut</span> <span class='ocrx_word' id='word_1_387' title='bbox 1587 2465 1633 2499; x_wconf 86' lang='lat' dir='ltr'>ait</span> 
     </span>
     <span class='ocr_line' id='line_1_73' title="bbox 948 2515 1632 2560; baseline 0.003 -14"><span class='ocrx_word' id='word_1_388' title='bbox 948 2515 1137 2547; x_wconf 85' lang='lat' dir='ltr'>Aristoteles</span> <span class='ocrx_word' id='word_1_389' title='bbox 1153 2515 1210 2547; x_wconf 90' lang='lat' dir='ltr'>lib.</span> <span class='ocrx_word' id='word_1_390' title='bbox 1226 2515 1272 2546; x_wconf 88' lang='lat' dir='ltr'>ix.</span> <span class='ocrx_word' id='word_1_391' title='bbox 1288 2515 1330 2546; x_wconf 82' lang='lat' dir='ltr'>de</span> <span class='ocrx_word' id='word_1_392' title='bbox 1352 2515 1425 2547; x_wconf 86' lang='lat' dir='ltr'>hist.</span> <span class='ocrx_word' id='word_1_393' title='bbox 1442 2515 1542 2548; x_wconf 88' lang='lat' dir='ltr'>anim.</span> <span class='ocrx_word' id='word_1_394' title='bbox 1559 2527 1632 2560; x_wconf 87' lang='lat' dir='ltr'>cap.</span> 
     </span>
     <span class='ocr_line' id='line_1_74' title="bbox 947 2565 1629 2608; baseline 0.003 -11"><span class='ocrx_word' id='word_1_395' title='bbox 947 2567 989 2598; x_wconf 89' lang='lat'>37</span> <span class='ocrx_word' id='word_1_396' title='bbox 1004 2578 1011 2605; x_wconf 92' lang='lat'>;</span> <span class='ocrx_word' id='word_1_397' title='bbox 1035 2565 1120 2608; x_wconf 88' lang='lat' dir='ltr'>quod</span> <span class='ocrx_word' id='word_1_398' title='bbox 1138 2566 1170 2597; x_wconf 88' lang='lat' dir='ltr'>in</span> <span class='ocrx_word' id='word_1_399' title='bbox 1193 2576 1230 2597; x_wconf 91' lang='lat' dir='ltr'>eo</span> <span class='ocrx_word' id='word_1_400' title='bbox 1247 2565 1318 2597; x_wconf 91' lang='lat' dir='ltr'>loco</span> <span class='ocrx_word' id='word_1_401' title='bbox 1337 2565 1389 2603; x_wconf 87' lang='lat' dir='ltr'>sit,</span> <span class='ocrx_word' id='word_1_402' title='bbox 1406 2567 1460 2598; x_wconf 88' lang='lat' dir='ltr'>ubi</span> <span class='ocrx_word' id='word_1_403' title='bbox 1475 2566 1565 2598; x_wconf 90' lang='lat' dir='ltr'>nulla</span> <span class='ocrx_word' id='word_1_404' title='bbox 1580 2578 1629 2599; x_wconf 87' lang='lat' dir='ltr'>re-</span> 
     </span>
     <span class='ocr_line' id='line_1_75' title="bbox 947 2617 1631 2659; baseline 0.001 -11"><span class='ocrx_word' id='word_1_405' title='bbox 947 2618 1088 2659; x_wconf 77' lang='lat' dir='ltr'>periatur</span> <span class='ocrx_word' id='word_1_406' title='bbox 1121 2617 1242 2648; x_wconf 89' lang='lat' dir='ltr'>bellua.</span> <span class='ocrx_word' id='word_1_407' title='bbox 1300 2617 1352 2648; x_wconf 90' lang='lat' dir='ltr'>De</span> <span class='ocrx_word' id='word_1_408' title='bbox 1385 2617 1498 2649; x_wconf 89' lang='lat' dir='ltr'>eodem</span> <span class='ocrx_word' id='word_1_409' title='bbox 1534 2617 1631 2649; x_wconf 82' lang='lat' dir='ltr'>etiam</span> 
     </span>
     <span class='ocr_line' id='line_1_76' title="bbox 948 2666 1629 2710; baseline 0.003 -13"><span class='ocrx_word' id='word_1_410' title='bbox 948 2667 1099 2698; x_wconf 63' lang='lat' dir='ltr'>AElianus</span> <span class='ocrx_word' id='word_1_411' title='bbox 1115 2667 1170 2698; x_wconf 91' lang='lat' dir='ltr'>lib.</span> <span class='ocrx_word' id='word_1_412' title='bbox 1186 2667 1207 2698; x_wconf 90' lang='lat' dir='ltr'>i.</span> <span class='ocrx_word' id='word_1_413' title='bbox 1222 2677 1295 2710; x_wconf 86' lang='lat' dir='ltr'>cap.</span> <span class='ocrx_word' id='word_1_414' title='bbox 1306 2668 1338 2698; x_wconf 88' lang='lat'>3.</span> <span class='ocrx_word' id='word_1_415' title='bbox 1355 2673 1387 2698; x_wconf 89' lang='lat' dir='ltr'>et</span> <span class='ocrx_word' id='word_1_416' title='bbox 1403 2666 1460 2698; x_wconf 88' lang='lat' dir='ltr'>lib.</span> <span class='ocrx_word' id='word_1_417' title='bbox 1475 2667 1541 2699; x_wconf 83' lang='lat' dir='ltr'>viii.</span> <span class='ocrx_word' id='word_1_418' title='bbox 1557 2677 1629 2710; x_wconf 91' lang='lat' dir='ltr'>cap.</span> 
     </span>
     <span class='ocr_line' id='line_1_77' title="bbox 947 2717 1634 2760; baseline 0.003 -12"><span class='ocrx_word' id='word_1_419' title='bbox 947 2718 1003 2748; x_wconf 82' lang='lat'>27.</span> <span class='ocrx_word' id='word_1_420' title='bbox 1021 2718 1225 2755; x_wconf 84' lang='lat' dir='ltr'>Plutarchus,</span> <span class='ocrx_word' id='word_1_421' title='bbox 1245 2717 1277 2748; x_wconf 91' lang='lat' dir='ltr'>in</span> <span class='ocrx_word' id='word_1_422' title='bbox 1295 2718 1364 2760; x_wconf 87' lang='lat' dir='ltr'>jam</span> <span class='ocrx_word' id='word_1_423' title='bbox 1388 2717 1487 2749; x_wconf 78' lang='lat' dir='ltr'>citato</span> <span class='ocrx_word' id='word_1_424' title='bbox 1510 2717 1634 2750; x_wconf 87' lang='lat' dir='ltr'>libello.</span> 
     </span>
     <span class='ocr_line' id='line_1_78' title="bbox 946 2767 1630 2811; baseline 0 -12"><span class='ocrx_word' id='word_1_425' title='bbox 946 2769 1093 2811; x_wconf 86' lang='lat' dir='ltr'>-Tergo</span> <span class='ocrx_word' id='word_1_426' title='bbox 1108 2780 1172 2810; x_wconf 83' lang='lat' dir='ltr'>quae</span> <span class='ocrx_word' id='word_1_427' title='bbox 1184 2781 1244 2800; x_wconf 75' lang='lat' dir='ltr'>uon</span> <span class='ocrx_word' id='word_1_428' title='bbox 1260 2771 1353 2800; x_wconf 82' lang='lat' dir='ltr'>videt.</span> <span class='ocrx_word' id='word_1_429' title='bbox 1404 2768 1489 2800; x_wconf 82' lang='lat' dir='ltr'>Vidit</span> <span class='ocrx_word' id='word_1_430' title='bbox 1503 2767 1630 2800; x_wconf 86' lang='lat' dir='ltr'>Thuan.</span> 
     </span>
    </p>
   </div>
  </div>
 </body>
</html>
