1809 3220
192 195 279 237 290

590 195 640 236 Ρ.
675 193 893 235 OVIDII
928 193 1214 235 NASONIS

194 312 371 360 Donec
399 312 449 358 in
476 312 582 358 haec
611 310 747 358 venit
772 309 1069 375 Tirynthius
1097 326 1229 366 arva,
1257 310 1533 374 quotannis

260 390 446 437 Tristia
472 388 728 436 Leucadio
755 404 899 435 sacra
924 397 1133 453 peracta
1157 388 1328 436 inodo.

1519 391 1619 436 630

195 467 344 515 Illum
372 467 672 515 stramineos
698 466 748 513 in
775 483 960 530 aquam
989 466 1187 514 misisse
1213 460 1466 521 Quirites:

264 545 500 594 Herculis
529 545 765 610 exemplo
791 561 1001 609 corpora
1026 544 1153 592 falsa
1172 544 1292 606 jaci.

195 624 322 672 Pars
348 631 511 689 putat,
540 632 596 672 ut
621 624 809 672 ferrent
827 625 1044 687 juvenes
1071 623 1310 686 suffragia
1336 623 1445 679 soli,

263 702 513 750 Pontibus
541 702 764 750 infirmos
792 702 1139 766 praecipitasse
1166 718 1333 750 senes

194 780 351 838 Tibri,
379 781 505 829 doce
533 797 701 828 verum
724 799 734 838 ;
775 787 862 828 tua
886 780 995 844 ripa
1020 780 1264 828 vetustior
1289 780 1412 828 urbe
1436 797 1445 828 :

1521 781 1618 827 635

262 859 575 924 Principium
603 859 726 906 ritus
753 867 805 906 tu
833 859 964 906 bene
992 875 1140 906 nosse
1169 866 1330 922 potes,

193 937 357 986 Tibris
384 937 726 985 arundiferum
753 937 919 985 medio
946 945 1102 1001 caput
1127 937 1310 984 extulit
1334 937 1476 984 alveo
1498 955 1508 994 ;

264 1016 545 1081 Raucaque
571 1016 781 1064 dimovit
806 1016 992 1063 talibus
1018 1032 1105 1062 ora
1130 1015 1293 1063 sonis:

194 1093 319 1142 Haec
344 1096 455 1143 loca
479 1095 709 1143 desertas
737 1095 836 1142 vidi
863 1095 970 1142 sine
997 1095 1248 1142 moenibus
1275 1094 1487 1142 herbas:

262 1173 515 1222 Pascebat
540 1189 742 1238 sparsos
772 1181 985 1237 utraque
1012 1173 1119 1237 ripa
1146 1173 1317 1220 boves,

233 1394 311 1424 629.
348 1394 480 1429 Omnes,
504 1402 584 1434 quos
607 1402 702 1434 supra
727 1391 868 1427 laudavi,

191 1448 336 1474 auctores
355 1443 386 1473 in
407 1453 444 1473 eo
467 1442 678 1477 consentiunt,
695 1441 867 1472 Herculem

192 1503 229 1523 ex
252 1492 407 1535 Hispania
430 1492 613 1523 redeuntem
639 1492 806 1533 abrogasse
830 1491 866 1521 il-

192 1543 256 1574 lum
274 1553 402 1574 morem.
453 1543 568 1573 Leucas
582 1541 623 1572 ad
640 1541 715 1572 litus
726 1541 868 1572 Acarna-

192 1593 264 1629 niae,
292 1592 367 1624 olim
395 1592 572 1634 peninsula,
603 1597 714 1634 postea
743 1591 868 1629 insula;

191 1643 331 1674 Metam.
350 1654 400 1673 xv.
417 1643 481 1673 289
498 1654 504 1677 ς
532 1641 667 1677 Plinius,
688 1641 721 1672 ii.
738 1643 791 1673 90.
808 1641 869 1672 ibi-

192 1703 253 1735 que
269 1692 463 1723 Harduinus.
494 1692 531 1722 In
549 1702 587 1722 ea
603 1691 706 1722 insula
722 1691 869 1733 scopulus

191 1748 270 1778 erat,
287 1742 382 1778 unde,
399 1741 440 1773 ad
463 1741 644 1783 exemplum
661 1741 796 1784 Saplius,
813 1740 868 1772 de-

190 1792 275 1824 silire
303 1792 457 1829 solebant,
481 1791 535 1833 qui
560 1802 696 1823 amorem
720 1791 825 1822 excuti
851 1802 867 1822 e

191 1848 318 1886 pectore
354 1853 412 1873 suo
441 1842 575 1884 aliisque
605 1841 692 1884 injici
725 1841 867 1880 vellent;

192 1892 325 1924 Heroid.
343 1903 397 1923 xv.
417 1893 478 1923 163
494 1903 574 1934 sqq3
600 1891 787 1927 Athenaeus,
805 1890 867 1921 xiv.

190 1944 232 1982 33
260 1942 387 1974 Servius
417 1942 456 1973 ad
483 1943 572 1983 Virg.
597 1942 710 1982 Eclog.
736 1941 779 1971 ix.
804 1942 865 1980 573

191 1992 323 2024 Vossius
344 1992 384 2023 ad
401 1992 577 2024 Catullum.
624 1991 703 2022 Inde
725 1991 776 2021 hic
796 2002 865 2022 sco-

189 2043 286 2085 pulus
303 2042 477 2074 amantium
494 2042 599 2073 dictus
615 2047 675 2073 est.
714 2041 775 2072 Sed
790 2041 865 2072 inde

190 2097 222 2123 et
237 2092 268 2123 in
284 2092 381 2123 sacris
396 2091 555 2134 Apollinis
571 2091 706 2122 malefici
723 2091 865 2133 quidam,

191 2142 306 2184 quibus
322 2142 380 2173 alae
402 2141 533 2183 illigatae
550 2146 650 2177 erant,
667 2140 861 2183 dejicieban-

190 2198 250 2228 tur,
274 2191 319 2222 ita
348 2191 489 2233 quidem,
515 2198 548 2222 ut
578 2191 799 2233 exciperentur
825 2191 865 2221 ab

189 2241 370 2273 hominibus
390 2241 422 2272 in
441 2241 564 2283 cymbis
578 2240 757 2282 dispositis;
781 2242 865 2271 Stra-

190 2292 242 2328 bo,
259 2303 290 2322 x.
302 2302 334 2333 p.
349 2293 424 2323 452.
473 2292 609 2326 Quirites
624 2290 772 2322 Herculis
787 2297 864 2322 tern-

191 2352 265 2383 pore
276 2341 415 2373 nondum
429 2348 528 2373 erant.
549 2342 655 2372 Suasit
666 2347 771 2373 autem
784 2341 864 2373 Her-

192 2391 280 2423 cules
304 2391 484 2422 hominibus
513 2390 604 2422 istius
630 2398 738 2423 terrae:
781 2396 801 2408 ‘⁸
821 2391 865 2422 Ut

191 2441 303 2472 faustis
331 2441 494 2473 sacrificiis
523 2442 662 2472 infausta
691 2447 862 2477 mutarent,

190 2490 361 2522 inferentes
380 2491 460 2527 Diti,
478 2501 540 2522 non
563 2491 724 2522 hominurn
747 2491 864 2533 capita,

190 2541 246 2572 sed
263 2540 374 2572 oscilla
394 2541 435 2572 ad
460 2540 630 2572 humanam
646 2540 782 2582 effigiem
799 2547 864 2572 arte

190 2591 351 2626 simulata,
368 2597 400 2622 et
421 2601 490 2623 aras
511 2591 685 2627 Satur-nias,
702 2602 764 2622 non
780 2601 864 2622 mac-

192 2640 290 2672 tando
316 2641 407 2676 viros.
436 2640 491 2672 sed
523 2639 664 2672 accensis
692 2640 866 2673 luminibus

192 2690 386 2726 excolentes,
417 2690 493 2733 quia
528 2701 587 2722 non
618 2690 718 2722 solum
748 2689 862 2727 virum,

192 2740 248 2771 sed
264 2746 296 2771 et
310 2740 432 2771 lumina
448 2741 562 2782 φῶτα”
574 2740 677 2782 (quod
693 2741 725 2772 in
737 2742 865 2772 oraculo

191 2790 344 2831 occurrit)
383 2795 402 2807 ¹¹
420 2790 622 2831 significat;'’
669 2791 864 2827 Macrobius,

1516 1173 1615 1219 640

936 1392 1004 1422 Sat.
1031 1391 1088 1422 lib.
1115 1390 1134 1421 i.
1159 1400 1231 1433 cap.
1258 1391 1298 1428 73
1323 1389 1362 1421 de
1389 1389 1536 1421 Herculis
1560 1387 1617 1420 ad-

938 1446 1034 1472 ventu
1051 1439 1083 1471 in
1100 1440 1237 1471 Italiam.

982 1491 1058 1521 633.
1082 1491 1161 1521 Haec
1187 1489 1293 1531 opinio
1315 1495 1383 1520 orta
1409 1494 1476 1520 erat
1501 1499 1518 1520 e
1541 1499 1612 1530 pro-

937 1541 1043 1572 verbio
1090 1541 1172 1571 male
1216 1540 1392 1571 intellecto.
1464 1539 1588 1571 Nonius
1606 1552 1613 1570 z

937 1595 958 1607 “
975 1592 1082 1628 Quum
1097 1590 1129 1621 in
1147 1589 1292 1632 quintum
1310 1589 1446 1632 gradum
1461 1600 1615 1632 pervene-

938 1648 1020 1677 rant,
1035 1646 1131 1682 atque
1148 1640 1309 1672 habebant
1323 1641 1490 1682 sexaginta
1505 1651 1616 1677 annOS,

938 1698 1004 1722 tum
1023 1691 1161 1733 denique
1177 1698 1266 1721 erant
1283 1701 1300 1722 a
1321 1690 1458 1733 publicis
1482 1690 1615 1732 negotiis

939 1741 1028 1773 liberi
1047 1747 1143 1783 atque
1160 1740 1301 1783 expediti
1317 1747 1349 1771 et
1363 1739 1472 1772 otiosi:
1498 1739 1571 1771 ideo
1582 1740 1615 1771 in

938 1791 1136 1834 proverbium
1169 1790 1300 1832 quidam
1331 1795 1448 1833 putant
1475 1789 1612 1826 venisse,

937 1840 1161 1883 sexagenarios
1176 1840 1216 1871 de
1232 1845 1326 1882 ponte
1342 1839 1437 1882 dejici
1456 1845 1612 1882 oportere,

938 1890 970 1922 id
995 1898 1055 1927 est,
1081 1891 1166 1932 quod
1196 1890 1380 1932 suffragium
1412 1900 1475 1921 non
1502 1890 1615 1927 ferant,

936 1941 1021 1983 quod
1038 1952 1093 1983 per
1114 1948 1243 1984 pontem
1265 1940 1444 1972 serebant.''
1490 1939 1615 1972 Similia

937 1991 1032 2022 habet
1059 1992 1182 2022 Festus.
1230 1990 1322 2021 Alias
1349 2000 1462 2022 causas
1486 1990 1613 2022 Plutar-

936 2039 1014 2071 chus
1039 2040 1124 2071 dicto
1150 2040 1220 2071 loco
1244 2039 1359 2076 adfert,
1376 2046 1432 2071 aut
1451 2040 1613 2077 barbaros,

936 2089 989 2131 qui
1007 2089 1236 2131 antiquissimis
1255 2088 1450 2131 temporibus
1471 2088 1529 2120 illa
1543 2089 1615 2121 loca

934 2140 1118 2176 incolerent,
1135 2139 1265 2171 Graecos
1291 2138 1316 2169 si
1339 2149 1419 2181 quos
1440 2138 1612 2182 cepissent,

935 2189 1141 2225 interfecisse,
1179 2195 1233 2220 aut
1270 2189 1374 2231 ipsum
1410 2189 1610 2228 Evandrum,

935 2250 1035 2281 quum
1061 2239 1172 2282 Argivi
1197 2238 1378 2270 Arcadibus
1402 2238 1610 2272 inimicissimi

934 2295 1052 2325 essent,
1071 2289 1162 2320 istam
1179 2289 1242 2320 odii
1255 2289 1440 2321 memoriam
1455 2300 1564 2322 secum
1579 2291 1612 2322 in

935 2338 1062 2370 Italiam
1080 2338 1245 2370 adtulisse.

979 2389 1057 2420 637.
1083 2390 1248 2421 Arundine
1263 2389 1348 2431 cingi
1365 2389 1512 2422 Flumina
1527 2390 1608 2423 sole-

934 2440 1032 2478 bant;
1058 2440 1138 2471 Met.
1161 2440 1204 2471 ix.
1228 2441 1259 2471 3.
1280 2439 1462 2472 Achelous:
1489 2445 1509 2458 ‘⁴
1527 2440 1610 2472 inor-

934 2496 1024 2522 natos
1067 2490 1231 2522 redimitus
1269 2491 1424 2523 arundine
1462 2491 1609 2524 crines.”

935 2542 1039 2580 Sparsi
1055 2553 1116 2573 non
1136 2552 1254 2584 paucos
1270 2541 1402 2579 indicat,
1416 2542 1472 2574 sed
1488 2541 1520 2574 in
1537 2553 1608 2585 pas-

934 2591 1004 2623 cuis
1027 2598 1178 2630 errantes,
1195 2603 1257 2624 non
1279 2592 1435 2635 gregatim
1459 2593 1608 2625 inceden-

935 2649 991 2673 tes.
1039 2643 1135 2677 Quem
1157 2654 1251 2679 nunc,
1267 2647 1329 2674 etc.
1374 2643 1456 2673 Met.
1473 2641 1506 2674 ii.
1521 2643 1607 2674 259:

934 2696 953 2708 ‘⁸
965 2692 1092 2734 Cuique
1106 2691 1165 2723 suit
1177 2703 1280 2723 rerum
1292 2691 1444 2734 promissa
1453 2691 1607 2734 potentia,

932 2741 1069 2772 Tibris.''
1099 2742 1230 2783 Propter
1243 2741 1332 2773 illam
1344 2741 1517 2783 potentiam
1530 2752 1606 2781 gen-

933 2796 979 2821 tes
999 2791 1118 2822 Tiberin
1136 2797 1306 2832 noruntque
1320 2792 1531 2831 timebantque.
