1809 3220
174 163 261 205 ‘202
579 162 628 203 P.
662 159 879 203 OVIDII
917 160 1202 205 NASONIS

179 280 361 327 Circus
387 279 482 328 erit
507 295 694 344 pompa
718 278 938 335 celeber,
965 295 1280 343 numeroque
1311 279 1572 339 Deorum;

245 358 521 422 Primaque
548 357 771 406 ventosis
798 358 966 423 palma
992 365 1196 422 petetur
1221 359 1391 423 equis.

180 436 248 485 Hi
277 437 478 486 Cereris
505 437 638 485 ludi:
681 453 779 485 non
807 444 885 486 est
909 453 1038 502 opus
1066 437 1233 486 indice
1258 453 1456 485 causae:

250 515 443 581 Sponte
472 515 597 564 Deae
622 532 823 573 munus,
853 516 1287 581 promeritumque
1313 521 1471 580 patet.

183 593 370 643 Messis
397 602 541 644 erant
564 595 739 660 primis
764 594 949 642 virides
977 593 1276 642 mortalibus
1302 593 1489 650 herbae,
1506 596 1606 643 395

250 672 392 728 Quas
417 674 583 730 tellus,
612 673 750 722 nullo
777 673 1100 728 sollicitante,
1126 673 1310 721 dabat:

183 749 250 798 Et
274 752 426 799 modo
451 752 729 816 carpebant
754 751 912 800 vivaci
938 751 1133 817 cespite
1160 767 1398 815 gramen;

253 828 401 878 Nunc
418 831 581 895 epulae
599 839 774 879 tenera
789 830 964 880 fronde
981 846 1226 880 cacumen
1244 836 1404 879 erant.
1421 829 1608 894 [perta;

183 906 465 957 Postmodo
483 909 628 972 glans
650 916 769 958 nata
791 916 892 958 est:
922 910 1052 959 bene
1076 917 1184 958 erat
1197 910 1302 973 jam
1327 907 1512 972 glande
1531 922 1607 956 re-

254 985 496 1050 Duraque
524 987 818 1051 magnificas
844 1004 1062 1052 quercus
1089 988 1314 1035 habebat
1337 1001 1479 1051 opes.
1506 987 1608 1032 400

187 1117 280 1148 quern
297 1107 481 1139 duraverint
496 1107 552 1139 illa
567 1107 701 1139 ludicra.
751 1109 862 1140 Broto-

185 1156 250 1188 rius
288 1168 371 1191 vero.
402 1158 598 1200 approbante
638 1157 792 1194 Ernestio,
823 1158 861 1189 ml

185 1207 289 1238 Taciti
317 1208 435 1239 Annal.
460 1220 512 1239 xv.
537 1209 590 1239 53.
615 1219 631 1239 e
659 1208 864 1240 Kalendariis

187 1255 300 1288 docere
331 1263 464 1288 conatus
495 1264 553 1293 cst,
584 1258 708 1288 initium
740 1258 862 1289 illorum

187 1306 335 1338 ludorum
352 1307 446 1339 fuisse
464 1308 530 1340 xiii.
547 1308 688 1340 Kalend.
706 1308 863 1340 Maii.seu

186 1356 238 1388 die
264 1358 330 1388 xix.
357 1357 486 1400 Aprilis.
532 1361 613 1395 Quae
642 1359 721 1389 ratio
747 1359 863 1390 diserte

188 1407 229 1437 ab
246 1407 364 1438 Ovidio
381 1407 449 1449 ipso
465 1407 630 1439 refellitur.
660 1409 784 1439 Etenim
803 1419 865 1440 ver.

188 1457 266 1488 621.
279 1456 407 1489 demum
426 1457 465 1488 ad
482 1457 566 1492 Idus.
580 1464 611 1489 et
624 1459 700 1490 629.
712 1458 752 1490 ad
769 1460 865 1489 lucem

187 1511 310 1539 tertiam
331 1516 394 1549 posi
418 1509 540 1539 l‘eneris
561 1508 632 1539 Idus
657 1510 867 1551 progreditur.

190 1557 258 1590 Nos
281 1568 354 1589 cum
380 1558 531 1590 Massono
555 1569 621 1590 ver.
645 1559 720 1590 377.
744 1562 865 1590 tertiam

189 1609 288 1640 lucem
325 1609 452 1640 tertium
494 1608 579 1639 diem
619 1609 864 1650 Megalensiurn,

188 1657 256 1690 sive
271 1658 359 1690 diem
375 1659 418 1689 vi.
436 1658 554 1700 Aprilis
570 1664 654 1690 recte
671 1659 866 1693 intellexisse

190 1709 280 1739 uobis
309 1707 466 1740 videmur.
520 1709 602 1749 Ergo
631 1710 766 1749 proximu
798 1710 866 1742 haec

193 1760 251 1790 Eos
266 1759 351 1790 diem
363 1759 417 1791 vii.
429 1759 559 1801 Aprilis,
573 1759 627 1790 vii.
646 1760 721 1791 Idus
736 1760 868 1793 indicat.

191 1809 298 1851 Atque
315 1808 388 1840 huic
404 1808 508 1840 eidem
526 1808 589 1840 diei
613 1810 752 1842 Kalend.
769 1821 866 1842 unum

190 1859 283 1890 ludos
298 1859 448 1891 Cereales
463 1859 618 1901 assignat.

236 1909 388 1950 Inspicere
411 1910 509 1941 etiam
530 1921 569 1941 ex
593 1909 657 1941 alto
679 1909 866 1952 despicere;

194 1962 270 1992 AEn.
283 1960 316 1990 ii.
328 1961 368 1991 47
383 1973 389 1990 z
412 1961 552 1991 winchina
570 1963 703 2000 inspectu
710 1971 743 1991 ra
760 1963 868 1999 domos,

190 2011 231 2042 de
247 2021 330 2052 equo
344 2010 494 2052 Trojano.
536 2010 678 2050 Pompam
698 2010 868 2042 Cirr-ensem

190 2061 360 2101 diligenter
387 2059 553 2102 descripsit
579 2059 754 2102 Dionysius
775 2061 867 2092 Hali-

192 2121 278 2142 carn.
308 2110 364 2141 vii.
395 2110 447 2140 72.
494 2110 573 2141 Eam
612 2110 776 2142 ducebant
810 2110 868 2142 viri

192 2161 306 2192 summi
331 2171 350 2191 a
371 2159 532 2202 Capitolio
554 2170 609 2202 per
629 2160 731 2190 forum
754 2159 787 2191 in
808 2160 868 2192 cir—

191 2221 276 2242 cum.
322 2209 420 2241 Primi
442 2215 532 2240 erant
550 2220 658 2241 eorum
678 2209 735 2240 filii
759 2209 867 2242 adole-

191 2260 327 2292 scentuli
343 2261 434 2302 equis
449 2259 634 2291 insidentes.
672 2259 740 2291 Hos
754 2270 866 2302 seque-

190 2312 306 2342 bantur
333 2309 540 2352 quadrigarii,
564 2309 689 2351 bigarii,
713 2320 867 2352 equorum

191 2359 399 2402 singularium
414 2359 596 2400 agitatores,
612 2359 754 2395 athletae,
769 2359 866 2391 salta-

194 2415 296 2441 torum
311 2408 410 2445 chori,
425 2408 584 2445 tibicines,
601 2408 785 2445 citharistae,
801 2409 868 2442 alii.

190 2459 348 2501 Pompam
370 2458 530 2500 cogebant
555 2458 762 2500 plurimorum
786 2460 866 2491 Deo-

192 2520 264 2539 rum
279 2508 462 2545 simulacra,
481 2519 552 2550 quae
574 2508 736 2540 hominum
754 2508 864 2542 hume·

190 2558 233 2590 ris
255 2557 483 2600 portabantur;
513 2557 587 2588 iude
610 2567 687 2589 sane
710 2558 867 2591 celebritas

191 2607 276 2640 circi.
312 2607 364 2638 De
378 2605 556 2638 simulacris
571 2607 713 2638 Deorum
730 2607 763 2638 in
778 2619 866 2650 pom-

192 2668 244 2700 pa,
269 2657 360 2688 locus
377 2656 541 2699 jucundus
563 2663 611 2688 est
635 2657 744 2688 Amor.
766 2657 814 2688 iii.
832 2659 866 2690 2.

196 2707 316 2738 Ventosi
340 2705 491 2738 audacter
513 2705 648 2742 dictum,
665 2714 775 2738 ventos
798 2714 868 2748 post

191 2763 281 2798 terga
297 2756 513 2798 relinquentes
527 2767 535 2791 ς
560 2755 668 2791 Silius,
685 2756 750 2786 xvi.
767 2756 843 2786 336.

977 1109 1052 1140 393.
1080 1109 1179 1139 Poeta
1198 1117 1293 1150 supra
1315 1106 1433 1150 passim
1455 1106 1544 1139 Deos
1560 1107 1611 1139 in-

933 1158 1069 1195 vocavit,
1090 1165 1125 1189 ut
1148 1157 1208 1189 sibi
1233 1169 1339 1189 causas
1363 1167 1466 1190 rerum
1492 1158 1612 1189 indica-

936 1215 1014 1244 rent,
1045 1207 1101 1239 sed
1134 1218 1217 1239 nunc
1250 1209 1352 1239 indice
1382 1206 1491 1238 divino
1520 1206 1616 1249 hujus

933 1269 1029 1288 cunm
1053 1269 1132 1301 opus
1157 1268 1218 1288 non
1242 1264 1309 1288 erat
1323 1270 1331 1296 ;
1361 1263 1464 1297 sponte
1487 1257 1571 1288 enirn
1595 1267 1614 1288 e

934 1308 1036 1349 poetis
1063 1314 1096 1339 et
1121 1307 1240 1350 mythis
1264 1308 1449 1339 Graecoruin
1471 1307 1618 1350 patebat,

934 1368 990 1388 cur
1006 1358 1116 1390 Cereri
1138 1357 1206 1388 ludi
1225 1357 1347 1389 fierent.
1395 1357 1615 1394 Promeritum.

935 1409 1095 1439 meritum.

979 1459 1169 1490 395—400.
1186 1458 1353 1490 Alimenta
1369 1463 1443 1490 ante
1454 1458 1615 1491 Cererem.

938 1508 1088 1550 Vulgaris
1102 1508 1234 1540 traditio
1257 1515 1336 1545 erat.
1354 1507 1529 1549 glandibus
1548 1508 1613 1552 pri-

936 1569 1003 1590 mos
1031 1558 1173 1590 homines
1195 1569 1264 1590 esse
1290 1564 1418 1600 pastos;
1446 1557 1504 1590 sed
1530 1569 1615 1591 nunc

936 1614 1042 1651 poeta,
1065 1619 1080 1639 a
1109 1608 1195 1640 victu
1220 1608 1316 1639 etiam
1338 1607 1559 1640 inhumaniore
1583 1614 1615 1641 et

939 1658 1114 1690 infeliciore
1129 1669 1192 1690 rem
1210 1657 1326 1701 repetit
1341 1670 1349 1694 ;
1366 1657 1474 1690 confer
1489 1657 1522 1690 ii.
1533 1659 1617 1697 Q&

936 1709 1044 1740 Amor.
1057 1708 1137 1739 dict.
1154 1707 1216 1740 loc.
1229 1714 1261 1738 et
1276 1708 1350 1739 Art.
1368 1708 1480 1739 Amat..
1491 1707 1524 1739 ii.
1537 1708 1614 1740 475-

937 1758 990 1789 ubi
1007 1769 1073 1789 rem
1088 1758 1185 1789 verbo
1206 1756 1324 1800 tetigit,
1341 1757 1418 1788 dum
1440 1757 1548 1790 herbas
1570 1759 1614 1790 oi-

937 1810 1005 1839 Imm
1022 1808 1118 1839 fuisse
1141 1808 1237 1840 dixit.
1283 1808 1347 1839 Pro
1360 1808 1426 1839 cibo
1441 1817 1525 1839 nunc
1540 1818 1616 1840 mu·

937 1870 995 1889 sem
1025 1858 1216 1900 exquisitius
1245 1860 1370 1901 posuit;
1410 1858 1548 1890 Metam.
1572 1860 1618 1891 xi.

941 1910 1013 1940 113.
1037 1908 1146 1940 Midas
1171 1915 1292 1940 arentes
1323 1908 1445 1940 Cereris
1469 1909 1616 1949 decerpat

936 1960 1047 1989 aristas
1058 1970 1067 1988 .·
1092 1959 1196 1989 Aurea
1213 1960 1312 1990 menis
1326 1964 1404 1989 παι.
1444 1957 1544 1989 Nullo
1558 1959 1614 1990 ml-

937 2008 1097 2045 licitante,·
1130 2008 1267 2039 Metam.
1291 2007 1314 2038 i.
1343 2008 1418 2040 103.
1449 2006 1497 2039 sic
1529 2009 1618 2040 mallo

936 2064 1083 2100 cogente5
1108 2064 1141 2089 et
1159 2058 1247 2100 Vir-g.
1262 2058 1385 2100 Georg.
1398 2058 1420 2090 i.
1440 2059 1513 2090 128.
1528 2059 1618 2091 nullo

933 2115 1083 2148 poscente.
1130 2109 1175 2141 Ut
1211 2115 1310 2140 nauta
1346 2119 1434 2141 mare
1471 2109 1617 2142 sollicitat

937 2158 1043 2195 remis,
1059 2158 1176 2200 Georg.
1193 2158 1226 2189 ii.
1241 2159 1321 2190 503.
1336 2158 1382 2190 sic
1403 2158 1542 2191 rusticus
1556 2159 1615 2191 tel-

937 2208 1037 2240 lurem
1052 2210 1199 2240 sollicitat
1215 2214 1330 2247 aratro,
1346 2208 1426 2241 ibid.
1441 2210 1525 2248 418;
1539 2220 1615 2242 nam

936 2259 1104 2290 sollicitare
1118 2264 1167 2290 est.
1183 2258 1300 2301 saepius
1321 2268 1459 2291 movere.
1508 2259 1615 2298 Vivus,

936 2307 992 2350 qui
1006 2319 1068 2340 non
1084 2308 1179 2340 facile
1195 2315 1349 2340 enecatur
1363 2315 1422 2341 aut
1434 2309 1616 2347 marcescit.

939 2358 1092 2390 Cacumen
1107 2366 1211 2390 tenera
1215 2358 1347 2399 fronde,
1357 2363 1474 2390 tenerae
1487 2357 1615 2392 frondes

937 2409 1095 2440 arborum.
1153 2409 1236 2440 Bene
1265 2419 1324 2440 asse
1353 2408 1383 2440 ei
1411 2408 1530 2441 dicitur
1557 2411 1614 2452 qui

936 2458 1102 2490 commode
1126 2465 1183 2490 aut
1204 2459 1291 2491 laute
1313 2458 1416 2498 vivit3
1449 2458 1546 2491 Trist.
1570 2459 1614 2492 V.

936 2507 992 2539 xii.
1008 2509 1046 2538 41
1063 2520 1069 2538 :
1087 2512 1108 2525 “
1123 2508 1198 2540 Non
1214 2508 1295 2540 adeo
1310 2515 1359 2540 est
1372 2509 1454 2540 bene
1469 2519 1566 2546 nuuc,
1577 2513 1614 2541 ut

935 2557 978 2588 sit
990 2557 1067 2588 mihi
1082 2555 1184 2600 gloria
1198 2558 1322 2590 curae.”
1367 2557 1454 2590 Vide
1469 2557 1612 2590 Canub-

937 2605 979 2637 ad
996 2607 1154 2644 Persium,
1169 2607 1213 2638 iv.
1227 2608 1282 2639 29.
1329 2606 1416 2639 Huic
1435 2607 1518 2639 bene
1536 2617 1613 2639 con-

937 2656 1026 2688 venit
1039 2657 1173 2688 alterum
1189 2658 1378 2700 magnificas.

980 2707 1056 2738 400.
1080 2707 1132 2738 De
1148 2706 1207 2738 hoc
1228 2707 1342 2739 merito
1357 2705 1483 2740 Cereris
1501 2705 1612 2738 confer

936 2757 1050 2787 Amor.
1075 2756 1121 2787 iii.
1138 2757 1196 2794 20;
1222 2757 1359 2788 Metam.
1384 2768 1416 2788 v.
1441 2757 1506 2788 342
1525 2767 1609 2799 sqq;

1778 2523 1809 2795 mh*
1806 2472 1809 2483 n
1807 2404 1809 2411 .
