1830 3220
548 208 622 250 IN
656 208 874 251 OVIDII
909 209 1164 252 FASTOS.
1481 212 1568 254 409

143 341 167 360 α
199 323 334 378 long.)
358 325 697 378 ἰναηεὶὒο-φύω,
725 326 976 382 ‹papa—alibi
1001 327 1298 381 productiores
1326 328 1473 369 formae
1504 328 1564 369 in-

139 397 269 436 trans.
292 391 381 432 οἷσαι
405 395 576 443 satiare,
603 399 732 442 ἀδῆσαι
756 396 957 436 satiatum
980 411 1089 437 esse.
1114 402 1198 437 etc.
1220 403 1303 438 etc.

192 463 253 505 3⁰.
281 463 317 504 Ι.
348 463 448 505 525.
481 464 553 505 ubi
582 464 818 506 Carmenta
848 465 1025 506 fatidica
1058 466 1111 507 de
1146 465 1303 514 Roma,
1335 481 1391 508 ex
1421 467 1563 523 Trojae

135 545 301 574 eversae
323 533 469 574 cinere
492 533 762 588 splendidius
785 540 1096 582 resurrectura,
1123 535 1363 576 exclamat:

348 646 463 684 Urite
482 647 659 685 victrices
683 646 889 698 Neptunia
910 647 1101 699 Pergama
1122 649 1309 695 flammam

401 709 510 747 Num
530 710 660 748 minus
680 711 741 748 hic
761 717 843 748 toto
863 718 921 748 est
943 711 1056 749 altior
1075 713 1165 750 orbe
1186 713 1313 751 cinis?

133 811 343 867 explicari
374 818 419 853 et
445 813 570 868 jungi
601 812 753 853 video:
788 828 888 854 num
923 813 991 854 laic
1023 814 1144 861 cinis,
1173 814 1216 855 id
1251 821 1332 864 est,
1364 816 1494 871 Troja
1523 816 1565 857 in

131 881 299 922 cineres
322 882 514 929 redacta,
536 882 669 923 altior
692 889 782 923 toto
803 883 900 924 orbe
925 883 1061 924 minus
1083 884 1187 938 quid
1210 890 1290 931 est,
1312 899 1440 939 quam
1465 891 1564 927 ante

131 949 263 1005 Troja
284 956 389 999 erat,
407 951 561 1006 igitur:
587 966 638 992 an
655 951 785 1006 Troja
808 952 1009 993 incendio
1028 952 1253 994 imminuta
1271 960 1337 994 est
1352 954 1366 994 ’ἶ
1403 954 1562 996 Nonne

131 1019 191 1060 ita
215 1034 365 1061 sensus
388 1021 690 1074 expediendus
719 1027 785 1062 est
800 1021 814 1062 ’ἶ
848 1037 946 1062 num
977 1022 1113 1063 minas
1142 1029 1209 1063 est
1236 1023 1561 1078 interrogative,

134 1094 183 1130 ut
204 1090 375 1144 gravior
400 1091 534 1132 oratio
566 1091 738 1145 poetica
766 1092 917 1146 poscit,
948 1106 1024 1146 pro
1052 1092 1269 1146 pedestri:
1302 1108 1384 1134 non
1410 1094 1561 1143 acinus,

133 1158 416 1208 nihilominus,
445 1166 652 1201 attamen.
716 1160 902 1202 Sensus:
940 1160 1080 1209 Urite‚
1111 1167 1196 1202 etc.
1259 1161 1468 1203 Attamen
1499 1163 1566 1204 hic

134 1227 241 1269 cinis
260 1228 384 1269 altior
405 1229 488 1270 erit
509 1235 598 1271 toto
622 1230 739 1271 orbe.
778 1229 879 1271 Hoc
899 1245 982 1271 non
1006 1231 1229 1285 capientes
1252 1231 1411 1272 librarii
1430 1233 1566 1274 minus

134 1311 212 1351 pro
241 1297 326 1353 adj.
351 1298 573 1353 capientes
604 1300 658 1340 ad
691 1299 824 1340 altior
853 1301 960 1341 cinis
989 1301 1254 1349 referebant,
1287 1308 1331 1342 et
1359 1302 1565 1343 lectiones

136 1367 360 1415 cuderam,
385 1367 535 1421 quales
559 1374 682 1409 sunt:
716 1383 800 1409 non
822 1369 973 1417 minor,
994 1385 1092 1410 mem
1116 1370 1266 1410 minor.

192 1437 253 1476 4⁰.
290 1436 324 1477 I.
360 1436 461 1477 595.
502 1436 575 1477 ubi
618 1437 740 1477 multi
784 1438 976 1492 insignes
1017 1439 1267 1479 referuntur
1304 1439 1452 1488 duces,
1493 1440 1567 1494 qui

135 1505 264 1546 rebus
286 1506 420 1561 gestis
442 1506 585 1547 titulos
616 1513 661 1547 et
689 1507 946 1562 cognomina
974 1514 1316 1562 reportaverant,
1343 1515 1438 1563 post
1461 1509 1566 1550 mul-

136 1581 200 1616 tos
223 1575 327 1616 alios
346 1575 475 1616 etiam
499 1576 589 1617 dux
613 1576 788 1630 quidam
810 1575 872 1616 his
892 1576 1033 1617 verbis
1057 1577 1271 1618 innuitur:

204 1644 336 1686 Hunc
357 1644 560 1686 Numidce
577 1644 774 1700 faciunt,
802 1645 918 1686 illum
946 1646 1149 1687 Illessana
1180 1646 1418 1702 superbum.
1484 1647 1566 1689 Co—

138 1714 329 1769 gitarunt
363 1714 552 1769 interpp.
586 1714 641 1754 de
676 1714 736 1755 M.
768 1713 946 1755 Valerio
985 1714 1189 1763 Messala,
1225 1716 1295 1756 vel
1332 1717 1386 1757 de
1419 1716 1567 1772 Appio

138 1781 338 1831 Claudio,
365 1783 452 1838 qui,
476 1783 612 1836 primo
636 1782 748 1823 bello
767 1782 952 1831 Punico,
976 1798 1066 1824 rem
1090 1784 1130 1824 in
1155 1784 1304 1825 Sicilia
1326 1792 1566 1839 gesserant,

138 1857 184 1893 et
221 1852 405 1893 alterum
444 1852 514 1893 vel
550 1851 732 1892 alterum
773 1852 1029 1893 Mct‘nzertim'
1066 1867 1305 1908 cognomen
1347 1855 1566 1909 accepisse

138 1921 382 1977 opinantur.
447 1921 536 1962 Sed
561 1922 725 1970 dubito,
747 1936 799 1962 an
822 1922 876 1962 de
897 1921 1088 1970 Valerio,
1113 1922 1235 1977 cujus
1259 1929 1404 1977 partes
1426 1924 1467 1964 in
1490 1924 1568 1966 hac

138 1992 420 2046 expeditione
443 1992 648 2033 secundae
671 1998 809 2039 erant,
835 1998 879 2032 et
903 1992 956 2032 de
981 1992 1235 2047 cognomine
1259 1993 1382 2046 cujus
1406 1993 1568 2034 nullum

140 2061 370 2116 vestigium
403 2068 563 2110 exstat,
598 2061 779 2116 cogitari
817 2061 961 2110 liceat,
994 2076 1126 2116 quum
1159 2062 1354 2116 inspecto
1388 2062 1569 2119 Polybio

137 2131 181 2183 (i.
220 2131 282 2181 1.)
318 2131 390 2172 vix
427 2132 481 2172 de
517 2147 582 2179 eo,
621 2146 749 2186 quem
785 2131 971 2172 Ovidius
1007 2131 1160 2179 innuit,
1196 2131 1382 2172 dubitari
1421 2138 1566 2187 queat.

138 2199 311 2255 Appius
342 2201 456 2242 enim
487 2201 697 2242 Claudius
720 2215 803 2242 non
831 2201 966 2242 solum
997 2201 1203 2256 singulari
1232 2200 1455 2242 celeritate
1485 2203 1567 2257 pri-

140 2284 251 2311 mam
288 2271 615 2324 expeditionem
655 2271 860 2319 confecit,
898 2271 1103 2312 Messana
1143 2271 1312 2325 expulit
1343 2270 1569 2326 Carthagi-

138 2340 311 2380 nienses
330 2346 374 2380 et
394 2340 636 2381 Hieronem
660 2340 944 2395 expugnavit,
967 2341 1043 2381 sed
1063 2345 1108 2380 et
1124 2346 1276 2394 postea
1294 2340 1347 2381 ad
1370 2342 1572 2395 exempla

141 2408 263 2450 navis
303 2408 658 2464 Carth-aginensis
693 2410 874 2451 classem
914 2410 1145 2459 exstruxit,
1184 2410 1379 2464 praelium
1417 2410 1569 2451 navale

140 2478 368 2526 commisit,
403 2484 447 2519 et
484 2478 688 2520 Caudio-is
725 2493 967 2533 cognomen
1006 2479 1107 2520 inde
1141 2479 1356 2520 invenisse
1389 2479 1571 2521 dicitur:

140 2547 226 2588 vid.
263 2547 412 2602 Polyb.
444 2547 471 2588 l.
505 2563 542 2588 c.
581 2547 740 2588 Nonne
774 2547 887 2588 hunc
923 2548 1094 2588 titulum
1129 2548 1314 2589 Ovidius
1350 2554 1570 2603 spectasse

143 2616 362 2670 putandus
385 2616 468 2656 erit
484 2616 500 2657 ’ἔ

502 2747 619 2773 FINIS
653 2746 927 2774 EXCURSUUM
962 2747 1009 2773 IN
1046 2747 1219 2775 FASTOS·

210 2834 325 2864 von.
349 2835 393 2864 v.
1140 2824 1168 2865 3
1191 2835 1218 2863 G
