1830 3220
531 195 883 239 FASTORUM
918 195 1039 238 LIB.
1072 196 1132 238 II.
1486 202 1543 243 57

120 311 350 376 Quaeque
374 312 513 377 capit
536 312 681 361 lictor
705 312 941 361 domibus
968 312 1267 376 purgamina
1292 316 1459 373 certis,

185 390 397 438 'Torrida
422 407 540 438 cum
566 392 698 440 mica
722 391 852 440 farra
875 399 1119 457 vocantur
1143 392 1306 452 idem3

120 469 321 518 Nomen
346 470 481 518 idem
508 487 665 528 ramo,
694 471 781 535 qui
808 487 970 518 caesus
997 471 1060 518 ab
1088 472 1266 519 arbore
1292 488 1433 536 pura,
1474 477 1537 520 25

187 548 346 596 Casta
369 549 689 596 sacerdotum
716 555 945 613 tempora
968 548 1145 597 fronde
1171 550 1314 612 tegit.

118 624 239 689 Ipse
266 642 361 688 ego
389 625 717 673 Flaminicam
740 625 1037 690 poscentem
1061 625 1237 674 februa
1261 627 1391 675 vidi:

187 703 387 752 Februa
411 704 642 769 poscenti
670 704 820 769 pinea
840 705 979 767 virga
1004 705 1124 752 data
1149 711 1242 753 est.

1387 707 1537 769 [mur,

119 781 357 845 Denique
376 782 736 846 quodcumque
763 789 856 838 est,
881 799 983 847 quo
1010 788 1217 846 pectora
1235 789 1407 831 nostra
1432 784 1538 848 pia·

187 859 299 908 Hoc
325 860 460 924 apud
486 860 712 908 intonsos
740 876 923 908 nomen
949 861 1170 908 habebat
1195 877 1329 909 avos.
1472 866 1537 910 30

118 937 314 986 Mensis
341 939 404 986 ab
430 937 508 985 his
534 938 719 996 dictus,
748 946 888 987 secta
914 939 1034 1003 quia
1059 940 1192 1004 pelle
1220 939 1438 1004 Luperci

189 1017 355 1065 Omne
382 1017 544 1065 solum
568 1017 800 1076 lustrant,
829 1018 985 1083 idque
1010 1019 1212 1083 piamen
1239 1019 1451 1077 habent;

117 1094 224 1143 Aut
247 1095 368 1159 quia
392 1096 607 1160 placatis
634 1104 752 1145 sunt
776 1104 1007 1162 tempora
1032 1114 1159 1162 pura
1183 1097 1448 1162 sepulcris.

184 1173 327 1221 Tunc
357 1191 514 1238 quum
540 1174 717 1223 ferales
744 1177 1031 1240 praeteriere
1056 1177 1182 1225 dies.

119 1250 284 1299 Omne
301 1251 458 1308 nefas,
476 1269 783 1317 omnemque
799 1254 916 1302 mali
935 1255 1235 1319 purgamina
1250 1270 1456 1303 causam
1473 1258 1536 1302 35

185 1329 479 1379 Credebant
505 1331 661 1378 nostri
687 1332 865 1380 tollere
891 1349 1041 1397 posse
1068 1349 1232 1380 senes.

117 1496 219 1520 tonsus
241 1488 346 1520 Numa
360 1501 370 1527 ,·
386 1489 507 1521 Horat.
524 1490 570 1521 ΙΙ.
589 1490 653 1521 Od.
669 1502 721 1522 xv.
741 1492 790 1523 11.

115 1541 228 1571 intonsi
247 1539 384 1570 Catonis.
422 1540 552 1572 Tonderi
569 1540 707 1572 Romani
723 1551 790 1572 coe-

115 1595 228 1632 perunt
258 1590 327 1621 urb.
353 1589 446 1622 cond.
471 1591 546 1621 454.
572 1601 670 1632 quum
698 1597 792 1623 antea

115 1644 221 1671 essent
233 1639 349 1670 intonsi
361 1645 393 1671 et
408 1640 553 1679 barbati;
569 1640 654 1671 Plin.
667 1641 722 1671 vii.
738 1642 791 1672 59.

159 1690 302 1722 31—34.
326 1690 489 1722 Februarii
505 1701 630 1722 nomen.
656 1691 790 1722 Festus:

115 1744 137 1757 “
149 1739 340 1771 Februarius
353 1739 470 1771 mensis
482 1740 597 1777 dictus,
615 1740 699 1782 quod
713 1747 792 1778 tum,

116 1790 148 1821 id
164 1795 211 1821 est
224 1794 364 1821 extremo
379 1790 454 1821 anni
471 1801 578 1821 mense
594 1790 730 1832 populus
747 1791 793 1821 fe-

114 1841 291 1876 bruaretur,
316 1839 349 1870 id
376 1845 423 1870 est
444 1840 630 1871 lustraretur
656 1850 693 1871 ae
717 1851 791 1882 pur-

115 1896 263 1932 garetur:
282 1889 331 1921 vel
347 1900 367 1920 a
379 1890 509 1921 Junone
523 1890 680 1926 fem-uara,
697 1901 792 1932 quam

115 1940 170 1971 alii
212 1939 401 1976 februalem,
439 1939 578 1971 Romani
623 1940 792 1971 sebrualim

115 1996 249 2022 vocant:
291 1989 377 2032 quod
406 1989 466 2032 ipsi
495 2000 532 2021 eo
568 2000 677 2021 mense
703 2001 794 2022 sacra

116 2040 246 2077 fiebant,
276 2039 408 2082 ejusque
436 2039 521 2070 feriae
552 2045 642 2070 erant
671 2041 793 2082 Luper-

116 2089 212 2127 calia,
238 2089 327 2120 etc.”
374 2088 492 2120 Confer
517 2089 666 2120 Macrob.
692 2089 712 2120 i.
742 2091 793 2120 13.

116 2140 304 2181 Lupercalia
333 2139 556 2170 describuntur
579 2139 654 2170 inde
680 2150 699 2171 a
724 2151 792 2172 ver.

116 2191 192 2222 267.
218 2189 362 2230 Tempora
372 2200 464 2229 pura,
478 2188 589 2220 civitas
604 2199 641 2219 eo
651 2194 793 2231 tempore

118 2250 208 2283 pura,
223 2241 354 2280 placatis
369 2240 528 2279 sepulcris.
555 2239 648 2271 Conf.
660 2249 724 2270 ver.
739 2241 793 2271 52.

117 2296 150 2322 et
164 2290 186 2321 i.
203 2290 256 2321 43.
293 2289 345 2320 De
364 2288 525 2320 Feralibus
541 2288 613 2320 vide
629 2288 712 2319 infra
729 2289 793 2320 433

118 2340 241 2371 -470.
290 2338 455 2379 &pulei-1¹5,
487 2349 561 2369 nam
589 2337 630 2369 ad
654 2338 794 2369 tumulos

118 2391 236 2421 Manes
249 2388 471 2431 placabantur.

163 2440 219 2470 35.
245 2438 418 2474 Lustratz'o,
440 2437 592 2479 ἱλασμὸς,
617 2436 792 2479 ἁγνισμὸς,

118 2489 330 2531 καθαρισμός,
356 2498 432 2519 sane
463 2487 549 2530 apud
577 2488 698 2519 Graecos
726 2498 794 2519 mos

120 2538 370 2581 antiquissimus,
382 2543 414 2569 et
431 2537 516 2580 apud
532 2537 705 2569 Homerum
721 2548 792 2579 pas-

119 2600 188 2622 sum
202 2589 327 2622 obvius.
366 2590 598 2621 Lustrabantur
613 2594 719 2620 autem
738 2599 793 2620 va-

118 2640 180 2672 rias
195 2641 234 2672 ob
250 2650 375 2677 causas,
390 2645 515 2682 propter
529 2649 620 2670 sacra
633 2637 793 2675 facienda,

120 2696 157 2722 ut
177 2690 285 2723 sordes
304 2695 507 2732 peccatorum
525 2689 793 2731 abstergerentur‚

123 2746 191 2783 post
207 2740 344 2772 reditum
364 2751 380 2771 e
398 2740 494 2777 bello,
509 2745 581 2782 post
600 2739 724 2771 facinus
738 2737 795 2770 ad-

123 2790 263 2822 missum.
310 2790 426 2822 Ponere
429 2790 538 2834 facta,
556 2789 682 2821 liberari
697 2799 713 2820 a
727 2788 794 2820 cul-

168 2840 269 2871 VOL.
286 2841 328 2872 V.

862 1502 904 1533 pa
929 1491 1096 1523 scelerum.
1142 1491 1216 1534 Ipse
1241 1491 1370 1534 Apollo,
1392 1490 1538 1532 Pythone

860 1540 978 1578 occiso,
1009 1541 1188 1583 expiandus
1223 1547 1301 1573 erat.
1348 1541 1538 1578 Menoetius,

862 1592 984 1622 Actoris
1007 1591 1101 1627 filius,
1126 1590 1187 1621 fuit
1209 1591 1291 1622 inter
1316 1591 1537 1633 Argonautas;

862 1641 992 1683 Opunte
1020 1642 1054 1672 in
1083 1641 1159 1672 ludo
1193 1641 1353 1673 interfecit
1383 1641 1541 1684 Clysony-

861 1701 957 1725 mum,
987 1690 1271 1733 Amphidamantis
1296 1691 1417 1730 filium3
1450 1692 1540 1723 exsul

862 1746 1016 1783 exceptus
1040 1746 1087 1772 est
1111 1751 1129 1772 a
1154 1741 1266 1779 Peleo;
1294 1741 1446 1783 Apollod.
1471 1741 1539 1773 III.

863 1788 930 1820 xiii.
948 1790 979 1820 8.
1013 1789 1143 1827 Phocus,
1162 1790 1255 1821 stEaci
1271 1796 1303 1821 et
1318 1790 1543 1823 Psammathes

862 1838 957 1875 filius,
968 1850 987 1870 a
1001 1839 1173 1871 Telamone
1191 1845 1222 1871 et
1237 1840 1338 1876 Peleo,
1357 1851 1436 1882 quos
1451 1846 1540 1883 pater

862 1899 902 1920 ex
914 1889 1060 1921 Endeide
1069 1896 1262 1932 susceperat,
1274 1890 1458 1921 interfectus
1468 1897 1515 1922 est
1529 1902 1537 1929 3

861 1938 1022 1971 Diodorus
1047 1940 1110 1971 Sic.
1135 1940 1177 1971 iv.
1203 1941 1267 1979 723
1304 1940 1481 1972 Pausanias
1505 1940 1539 1973 ii.

861 1990 917 2021 29.
964 1990 1006 2020 Et
1025 1995 1163 2021 tractata
1181 2000 1221 2021 ea
1244 2001 1294 2022 res
1314 1990 1347 2021 in
1371 1990 1539 2032 tragoediis

862 2045 961 2071 veter.
998 2039 1083 2071 Hinc
1099 2040 1253 2071 Telamon
1269 2040 1432 2072 Salamina
1447 2040 1540 2082 fugit,

864 2089 973 2121 Peleus
1000 2095 1111 2121 contra
1133 2091 1165 2121 in
1190 2090 1352 2128 Phthiam,
1385 2089 1439 2122 ubi
1463 2102 1538 2133 pur-

862 2146 955 2181 gatur
992 2140 1031 2170 ab
1068 2138 1253 2182 Eurytione,
1291 2139 1417 2172 Actoris
1455 2139 1538 2179 filio;

862 2189 973 2232 Apoll.
996 2190 1062 2221 III.
1083 2189 1137 2222 xii.
1162 2190 1211 2221 13.
1258 2190 1310 2221 Ab
1330 2190 1398 2232 ipso
1419 2189 1538 2221 Actore

863 2239 917 2281 qui
940 2245 1045 2270 tamen
1068 2239 1210 2270 diversus
1233 2250 1251 2270 a
1274 2239 1443 2281 superiore,
1463 2250 1538 2281 pur-

863 2294 970 2330 gatum
988 2294 1093 2319 narrat
1108 2287 1207 2320 Diod.
1223 2288 1286 2320 Sic.
1303 2288 1334 2320 d.
1351 2288 1373 2319 l.
1401 2288 1481 2319 Inde
1498 2289 1538 2320 ad

865 2338 1061 2370 venationem
1089 2338 1156 2381 apri
1183 2338 1353 2380 Calydonii
1380 2338 1539 2381 profectus

863 2389 1040 2431 Eurytiona
1069 2400 1210 2421 socerum
1241 2389 1371 2426 occidit,
1401 2395 1467 2420 turn
1498 2390 1538 2420 ab

863 2441 984 2476 Acasto,
996 2439 1074 2470 Iolci
1087 2450 1172 2481 rege,
1184 2446 1336 2481 purgatus
1346 2445 1410 2478 est;
1426 2439 1538 2481 Apoll.

863 2489 929 2520 1ΙΙ.
957 2489 1022 2521 xiii.
1047 2491 1077 2519 ⁶2.
1123 2489 1260 2520 Ovidius
1285 2488 1382 2529 igitur
1410 2488 1539 2520 miscuit

863 2539 999 2570 diversa.
1046 2538 1153 2570 Iolcus
1177 2550 1249 2581 pars
1272 2539 1446 2575 Hoemonioe,
1469 2538 1538 2570 scil.

861 2589 1045 2620 Thessaliae.
1068 2588 1174 2619 Etiam
1191 2600 1274 2630 aqucr
1287 2599 1361 2620 usus
1377 2587 1409 2618 in
1425 2588 1539 2619 lustra-

864 2639 1013 2676 tionibus,
1045 2639 1078 2670 in
1114 2638 1224 2682 primis
1255 2639 1395 2675 marinae,
1425 2649 1538 2680 quam-

863 2700 960 2731 quam
976 2696 1009 2721 et
1024 2688 1209 2720 fluminalis.
1248 2688 1429 2720 Secundum
1446 2687 1537 2718 Euri-

863 2739 969 2782 pidem
999 2739 1083 2770 enim
1107 2738 1263 2770 Θάλασσα
1287 2738 1397 2774 κλύζει
1424 2736 1538 2768 πάντα

864 2788 890 2821 τ’
905 2788 1098 2831 ἀνθρώπων
1112 2787 1208 2819 κακά.

997 2840 1011 2869 I
