1830 3220
675 183 756 226 CO
765 183 890 226 NSO
899 183 1108 227 LATIO.

1526 185 1609 228 421

176 295 313 351 Quid
340 300 565 348 tenuisse
592 301 817 349 animum
843 309 1022 351 contra
1047 318 1140 350 sua
1165 303 1340 351 secula
1365 309 1592 361 rectum;

246 376 412 426 Altius
438 386 490 427 et
514 379 648 427 vitiis
674 382 965 430 exseruisse
990 382 1182 447 caput?
1542 386 1607 432 46

176 454 223 502 N
230 472 288 505 ec
314 458 550 507 nocuisse
577 460 682 518 ulli,
711 468 762 508 et
786 460 1040 510 fortunam
1067 461 1310 510 habuisse
1337 461 1593 510 nocendi?

243 534 353 584 Nec
381 553 696 603 quemquam
724 555 903 587 nervos
930 540 1232 588 extimuisse
1258 541 1408 589 tuos?

174 612 285 663 Nec
307 615 438 664 vires
463 633 660 665 errasse
686 624 800 666 tuas
829 618 1135 684 Campoque
1164 619 1428 684 Foroque;

239 691 513 759 Quamque
541 695 666 744 libet
691 695 819 744 citra
843 698 1160 747 continuisse
1187 699 1433 747 domum?
1542 703 1608 748 50

174 771 377 838 Nempe
405 791 496 839 per
519 775 612 823 hos
637 776 792 824 etiam
822 776 1059 825 Fortunae
1086 777 1271 842 injuria
1296 794 1462 826 mores

241 850 472 917 Regnat;
514 861 567 902 et
593 854 786 902 incerta
812 862 892 903 est
917 855 997 903 hic
1026 872 1234 920 quoque
1262 855 1385 904 nixa
1410 864 1537 905 rota.

173 929 271 978 Hic
294 948 502 997 quoque
523 934 768 982 sentitur:
806 951 868 982 ne
890 935 1013 999 quid
1037 952 1135 983 non
1157 935 1389 1000 improba
1408 944 1601 1002 carpat,

240 1009 423 1065 Saevit;
466 1019 517 1060 et
544 1011 789 1076 injustum
811 1014 897 1075 jus
925 1013 1020 1061 sibi
1049 1014 1241 1079 ubique
1268 1014 1405 1063 facit.

172 1087 384 1138 Scilicet
411 1091 650 1140 immunis
678 1094 719 1140 si
746 1093 917 1142 luctus
943 1110 1046 1142 una
1069 1093 1250 1142 fuisset
1540 1097 1605 1142 55

238 1167 396 1227 Livia,
428 1170 663 1220 Fortunae
691 1189 848 1236 regna
874 1173 1070 1221 minora
1096 1172 1294 1221 forent?

169 1245 344 1302 Quid?
383 1249 423 1296 si
451 1266 551 1298 non
577 1250 752 1298 habitu
782 1251 854 1298 sic
882 1268 937 1299 se
964 1252 1211 1315 gessisset
1238 1251 1288 1299 in
1315 1251 1469 1308 omni,

241 1325 312 1375 Ut
338 1344 431 1376 sua
457 1345 558 1376 non
586 1338 760 1378 essent
787 1330 1036 1378 invidiosa
1062 1331 1228 1379 bona?

167 1406 388 1455 Caesaris
415 1409 546 1457 adde
573 1409 812 1463 domum;
854 1426 969 1474 quae
997 1418 1153 1467 certe,
1181 1410 1372 1458 funeris
1399 1427 1602 1475 expers,

237 1484 431 1534 Debuit
461 1487 696 1536 humanis
725 1488 871 1536 altior
898 1505 1012 1537 esse
1038 1489 1203 1537 malis.
1537 1494 1604 1537 60

161 1563 256 1614 Ille
283 1565 419 1630 vigil,
447 1584 648 1615 summa
674 1584 818 1617 sacer
844 1568 928 1616 ille
956 1569 1153 1617 locatus
1180 1569 1229 1617 in
1258 1585 1391 1626 arce,

230 1643 337 1693 Res
364 1645 628 1694 hominum
653 1663 718 1695 ex
745 1654 856 1695 tuto
881 1663 1089 1696 cernere
1116 1648 1300 1711 dignus
1328 1654 1453 1697 erat.

160 1762 271 1782 norum
301 1751 367 1794 (tot
396 1751 547 1787 virtutes)
579 1753 660 1784 adeo
688 1753 845 1796 pudicitia

158 1803 340 1839 cumulasse,
358 1802 561 1844 (superasse,)
577 1809 611 1835 ut
632 1803 673 1835 sit
692 1803 749 1835 illa
765 1806 843 1846 (pu-

159 1852 272 1884 dicitia
284 1853 427 1893 scilicet)
440 1855 552 1885 ultima
566 1854 743 1895 (extrema,
757 1865 842 1886 sum-

160 1901 231 1944 ma)
266 1903 324 1935 tibi
360 1903 472 1941 virtus,
504 1910 552 1936 tot
586 1905 669 1936 inter
700 1905 843 1936 virtutes.

159 1955 305 1996 Legebat
334 1955 479 1987 Clericus
508 1956 607 1997 (Jean
636 1956 681 1987 Le
713 1956 843 1996 Clercs)

161 2005 282 2040 Quidve
306 2007 466 2046 pudicitiae
491 2005 649 2048 (proficit)
677 2008 767 2038 turba
793 2008 843 2038 in-

158 2056 273 2087 violata
289 2057 435 2087 bonomam
447 2057 459 2086 ?

203 2107 258 2140 47.
284 2106 350 2139 Nec
375 2108 511 2139 nocuisse
535 2109 607 2144 ulli,
629 2114 656 2139 et
672 2108 843 2150 fortunam

159 2158 297 2190 habuisse
313 2159 475 2200 nocendzZ]
518 2159 611 2190 Hanc
628 2170 757 2202 quoque
773 2160 842 2191 lau-

158 2207 233 2240 dem
263 2208 392 2240 Patere.
418 2208 481 2240 loc.
509 2208 564 2240 cit.
591 2209 692 2241 Liviae
720 2209 842 2247 tribuit,

160 2263 183 2277 “
200 2260 303 2303 cujus,
319 2260 437 2302 inquit,
456 2259 634 2303 potentiam
657 2271 749 2292 nemo
771 2272 842 2292 sen-

158 2310 211 2348 sit,
227 2310 289 2342 nisi
304 2316 361 2342 aut
375 2311 535 2342 levatione
552 2310 697 2354 periculi,
715 2317 770 2343 aut
786 2322 841 2343 ac-

159 2361 302 2393 cessione
318 2361 523 2404 dignitatis.'’

202 2413 257 2450 49,
271 2413 326 2444 50.
352 2413 418 2444 Nee
435 2414 514 2445 vires
529 2424 644 2444 errasse
662 2418 744 2449 tuas,
762 2413 842 2454 etc-J

160 2462 249 2501 Quid
265 2462 362 2505 juvat
381 2473 440 2494 nec
460 2463 614 2505 suffragia
638 2462 672 2494 in
694 2463 843 2501 comitiis,

157 2525 218 2546 nee
242 2513 276 2545 in
299 2514 365 2545 foro
380 2513 506 2556 judicia
530 2513 719 2557 corrupisse,
743 2524 843 2556 quum

158 2570 331 2607 utrumque
351 2565 421 2601 tibi,
442 2576 498 2607 pro
523 2564 587 2596 tuis
606 2566 734 2601 viribus,
752 2566 842 2608 (quae

159 2619 216 2646 tua
230 2620 278 2646 est
292 2615 454 2658 potentia)
471 2615 567 2647 facile
583 2614 755 2646 admodum
774 2626 841 2647 ces-

157 2665 273 2697 sisset?
322 2666 482 2708 Quamque
499 2667 571 2698 libet
591 2668 673 2697 citra
692 2669 841 2698 constitu-

156 2717 211 2748 isse
231 2719 365 2748 domum.
418 2717 502 2749 Vires
516 2715 682 2748 subintell.
700 2722 756 2748 aut
771 2729 841 2749 ner-

161 2778 226 2805 vos,·
251 2766 344 2799 etsie
363 2777 381 2799 e
402 2767 595 2810 praecedenti
612 2767 666 2798 48.
686 2766 838 2810 interpre-

156 2817 250 2849 teris:
284 2816 373 2850 nulla
402 2817 516 2850 domus
545 2823 605 2853 est.
634 2817 840 2860 quantumvis

915 1754 1044 1786 humilis
1071 1753 1264 1797 (quaelibet)
1293 1765 1365 1796 quae
1393 1755 1470 1797 quid
1497 1756 1601 1797 possis

914 1815 1057 1847 unquam
1071 1807 1261 1836 eati-mnerit.
1301 1805 1488 1847 Legendum
1503 1805 1600 1848 igitur

914 1865 988 1886 cum
1007 1855 1151 1891 Heinsio,
1166 1856 1365 1887 continuisse.

957 1906 1011 1938 51.
1039 1907 1154 1947 Nempe
1168 1918 1222 1947 per
1235 1907 1285 1937 hos
1300 1907 1425 1948 mores]
1472 1907 1533 1938 Per
1548 1908 1599 1939 hos

913 1968 1007 1988 mores
1029 1956 1291 1999 intelligendum,
1307 1968 1377 1988 meo
1397 1957 1526 1999 quidem
1544 1959 1598 2000 ju-

913 2007 1010 2044 dicio,
1031 2007 1071 2039 de
1093 2007 1131 2039 iis
1153 2007 1354 2050 principibus
1377 2007 1433 2050 qui
1458 2007 1598 2040 insolen-

915 2059 983 2091 tiori
1006 2059 1156 2102 potentiae
1179 2069 1245 2090 suae
1267 2070 1340 2095 usu,
1363 2059 1486 2090 animos
1507 2070 1602 2091 exas-

913 2115 1050 2153 perant;
1084 2109 1195 2151 sicque
1227 2108 1360 2140 fortunae
1394 2109 1600 2141 subserviunt

913 2160 1018 2197 inscii,
1035 2171 1106 2202 quae
1127 2160 1216 2191 brevi
1239 2170 1257 2190 a
1281 2159 1403 2191 miseris
1418 2171 1532 2203 poenas
1551 2171 1598 2192 re-

913 2211 994 2254 petit
1008 2211 1125 2242 favoris
1140 2211 1199 2243 sui.
1243 2211 1339 2242 Unde
1355 2211 1401 2247 fit,
1419 2217 1453 2242 ut
1466 2211 1598 2243 miscere

913 2261 1130 2304 principatum
1148 2272 1221 2292 cum
1241 2260 1373 2303 publica
1393 2260 1540 2293 libertate
1556 2262 1598 2293 sit

913 2322 962 2343 res
977 2310 1119 2342 omnium
1134 2310 1345 2349 difficillima;
1368 2310 1529 2354 statioque
1546 2312 1597 2353 (in

913 2369 981 2394 rota
997 2362 1150 2403 fortunae)
1167 2363 1307 2394 maxime
1323 2363 1459 2395 lubrica.
1505 2364 1596 2396 Nihil

913 2413 1014 2451 aliud,
1028 2413 1136 2450 credo,
1152 2418 1248 2457 poeta
1263 2413 1364 2445 voluit
1377 2413 1521 2445 innuere.

958 2465 1012 2496 54.
1037 2463 1195 2505 Injnstum
1204 2466 1263 2505 jus
1282 2466 1338 2495 sibi
1358 2464 1594 2507 ubiquefacit]

914 2515 984 2547 Hoc
1012 2515 1072 2546 sibi
1098 2515 1224 2546 fortuna
1251 2520 1376 2555 arrogat
1402 2517 1529 2555 injuste,
1560 2521 1593 2546 ut

912 2567 1023 2608 ubique
1038 2566 1230 2597 dominetur.

957 2618 1008 2649 57.
1038 2617 1141 2652 Quid?
1158 2618 1182 2647 si
1198 2628 1259 2647 non
1275 2616 1393 2651 habitu,
1410 2615 1490 2656 etc.]
1517 2616 1593 2646 For-

912 2672 998 2698 tunae
1020 2667 1078 2699 hoc
1101 2666 1189 2699 laudi
1211 2666 1333 2702 tribuit,
1352 2676 1425 2708 quae
1441 2665 1537 2697 talem
1559 2678 1593 2698 se

912 2729 1036 2761 semper
1059 2724 1212 2761 gesserat,
1240 2727 1304 2759 quo
1328 2716 1495 2753 minorem,
1521 2728 1592 2759 quae

909 2769 1042 2811 largitur
1068 2771 1157 2806 bona,
1181 2767 1334 2800 invidiam
1362 2767 1411 2798 sui
1436 2767 1591 2800 facerent.

953 2820 1007 2851 61.
1033 2819 1093 2851 Ille
1106 2820 1193 2861 vigil,
1205 2830 1319 2851 summa
1335 2830 1420 2850 sacer
1433 2819 1499 2855 ille,
1513 2819 1592 2860 etc.]
