1830 3220
706 172 1136 215 CONSOLATIO.

1541 173 1622 213 441

203 293 352 342 Adde
379 292 517 357 quod
544 297 624 339 est
648 292 833 340 absens
858 291 1092 350 functus3
1131 307 1225 340 nec
1251 306 1457 340 cernere
1485 290 1589 338 nati

274 372 569 422 Semineces
594 371 769 419 oculos
796 372 1082 420 sustinuere
1107 371 1198 419 tui.

202 451 406 516 Quique
432 450 575 498 dolor
599 450 757 498 menti
783 450 1072 498 lenissimus
1098 450 1266 498 influit
1290 466 1452 514 aegrae,

1525 451 1623 497 395

270 531 520 596 Accipere
542 546 596 578 es
622 529 790 577 luctus
816 546 935 578 aure
961 536 1138 577 coacta
1163 537 1296 577 tuos.

201 609 571 673 Praevertitque
597 615 763 656 metus
790 625 880 672 per
906 609 1058 672 longa
1082 608 1308 673 pericula
1333 609 1556 665 luctum;

270 689 349 737 Tu
375 689 561 753 quibus
589 687 777 736 auditis
804 687 957 736 anxia
983 688 1167 736 mentis
1195 704 1322 736 eras.

204 769 322 818 Non
348 785 412 817 ex
439 767 687 832 praecipiti
713 767 931 822 dolorin
957 774 1044 815 tua
1069 775 1278 832 pectora
1300 765 1453 821 venit,

272 848 376 897 Sed
402 864 492 912 per
515 846 735 895 mollitos
762 854 880 896 ante
903 847 1084 895 timore
1111 847 1314 910 gradus.

1525 846 1625 890 400

200 926 402 993 Jupiter
428 933 544 975 ante
571 925 714 974 dedit
738 925 825 974 fati
846 926 979 973 mala
1005 926 1149 990 signa
1174 924 1388 981 cruenti,

271 1006 596 1055 Flammifera
621 1006 767 1071 petiit
793 1022 951 1070 quum
978 1005 1073 1053 tria
1098 1005 1290 1070 templa
1313 1020 1495 1060 manu3

200 1085 525 1150 Junonisque
552 1085 688 1149 gravi
715 1093 881 1139 nocte,
910 1085 1283 1150 impavidaeque
1311 1083 1571 1137 Minervae,

272 1165 567 1230 Sanctaque
594 1172 645 1213 et
670 1164 903 1213 immensi
933 1165 1150 1213 Caesaris
1177 1164 1279 1212 icta
1303 1164 1502 1212 domus.

202 1244 383 1293 Sidera
408 1245 531 1309 quin
557 1244 710 1293 etiam
736 1245 864 1292 coelo
891 1243 1080 1308 fugisse
1107 1244 1362 1300 feruntur;

1524 1242 1623 1287 405

268 1323 470 1373 Lucifer
495 1330 548 1372 et
572 1323 748 1371 solitas
774 1323 1070 1372 destituisse
1096 1323 1219 1372 vias.

203 1403 403 1452 Lucifer
428 1403 478 1450 in
505 1410 611 1451 toto
637 1402 763 1450 nulli
789 1403 1073 1467 comparuit
1098 1403 1236 1459 orbe,

273 1483 340 1531 Et
364 1483 502 1531 venit
527 1482 675 1530 stella
700 1499 799 1530 non
826 1490 1087 1547 praeeunte
1114 1483 1242 1531 dies.

206 1563 399 1611 Sideris
426 1563 521 1611 hoc
548 1562 717 1610 obitus
744 1562 889 1611 terris
917 1562 1107 1610 instare
1133 1561 1403 1617 monebat3

273 1641 341 1690 Et
365 1642 525 1706 mergi
554 1641 736 1706 Stygia
761 1641 930 1689 nobile
956 1641 1128 1689 lumen
1155 1658 1305 1705 aqua.

1529 1639 1630 1683 410

203 1720 273 1769 At
298 1727 371 1777 tu,
400 1721 488 1785 qui
514 1736 725 1785 superes
748 1727 944 1768 moestae
972 1720 1152 1768 solatia
1176 1719 1340 1776 matri,

273 1799 601 1865 Comprecor,
630 1799 700 1847 illi
727 1799 824 1864 ipsi
851 1800 1167 1866 conspiciare
1194 1816 1372 1848 senex.

202 1880 408 1944 Perque
435 1895 594 1926 annos
620 1879 889 1927 diuturnus
916 1896 1001 1927 eas
1027 1879 1298 1943 fratrisque
1322 1885 1573 1941 tuosque3

275 1958 343 2007 Et
367 1958 501 2006 vivat
526 1964 645 2007 nato
670 1974 787 2005 cum
814 1974 935 2006 sene
962 1966 1122 2007 mater
1147 1975 1290 2006 anus.

247 2104 327 2135 402.
357 2104 561 2147 Flammifera
588 2105 680 2144 petiit
703 2114 796 2144 quum
822 2105 884 2134 tria

205 2156 316 2196 templa
341 2154 465 2196 mamm]
485 2153 618 2186 Scilicet
641 2153 732 2186 Jovis
753 2153 884 2196 Capito-

203 2206 272 2241 lini.
289 2211 321 2237 et
335 2205 485 2242 Junoxfis,
503 2212 535 2236 et
550 2203 720 2241 Minervae,
737 2215 809 2246 quae
825 2204 884 2247 ipsi

204 2256 360 2300 proxima.
410 2256 450 2287 In
480 2266 544 2298 quo
574 2254 681 2286 differt
715 2255 833 2285 Noster
867 2265 884 2286 a

205 2307 323 2344 Dione,
342 2307 396 2349 qui
417 2305 490 2337 libri
509 2307 553 2338 lv.
569 2305 670 2342 initio,
688 2304 778 2338 Jovis
803 2310 884 2336 tem-

203 2358 293 2401 plum
309 2357 443 2393 indicat,
456 2363 489 2388 et
504 2358 639 2389 alterum
652 2356 805 2389 σὺνναον
822 2355 882 2387 αὐ-

202 2411 283 2449 τοῦ;
307 2410 399 2452 cujus
415 2420 489 2441 vero
505 2408 656 2445 numinis,
673 2419 735 2439 non
750 2407 839 2440 dicit.

250 2462 326 2497 403,
351 2461 427 2491 404.
450 2459 641 2501 Junonisque
667 2460 758 2501 gravi
787 2463 883 2494 nocte,

204 2511 288 2552 etc.]
322 2509 494 2541 Distichon
519 2509 578 2540 hoc
604 2508 743 2541 vicissim
765 2508 884 2550 Cuper.

206 2561 318 2592 Heius.
358 2565 390 2591 et
419 2560 623 2590 Burmannus
661 2563 883 2596 tentaverunt;

205 2610 262 2642 sed
288 2620 400 2653 parum
424 2609 504 2640 adeo
528 2609 673 2645 feliciter,
690 2615 726 2640 ut
748 2608 886 2640 fateatur

206 2662 320 2692 Burm.
337 2658 588 2702 exspectandum
605 2670 673 2691 esse
691 2672 709 2690 a
726 2660 810 2691 libris
825 2670 883 2690 me-

208 2714 333 2745 lioribus
358 2713 531 2743 amilium.-
556 2711 641 2754 quod
668 2721 767 2754 quum
797 2709 887 2741 nobis

207 2762 347 2795 nondum
374 2761 536 2804 obtigerit,
559 2762 763 2804 desperatam
790 2759 888 2791 tantis

209 2814 284 2845 viris
321 2812 516 2844 curationem
561 2823 624 2843 non
668 2810 888 2854 suscipiemus.

256 2863 359 2894 VOL.
375 2863 419 2893 V.

952 2103 1068 2145 Neque
1087 2102 1133 2134 ita
1153 2107 1312 2145 repugnat
1332 2100 1387 2143 qui
1403 2109 1472 2130 sese
1494 2097 1630 2141 primum

952 2153 1043 2184 offert
1068 2163 1199 2189 sensus3
1229 2155 1350 2184 domum
1377 2149 1502 2182 scilicet
1530 2150 1550 2181 J
1555 2159 1631 2180 uno-

953 2204 1014 2239 nis.
1032 2203 1188 2235 Minervae
1213 2209 1246 2234 et
1262 2202 1410 2238 Caesaris,
1426 2208 1511 2232 nocte
1530 2201 1632 2242 gravi,

954 2253 986 2284 id
1014 2260 1072 2290 est,
1095 2253 1247 2290 ominosa,
1265 2252 1412 2288 exitiosa,
1437 2250 1569 2282 fulmine
1591 2249 1632 2280 si-

954 2304 1021 2334 mul
1042 2314 1060 2335 a
1081 2305 1163 2336 Jove
1186 2305 1277 2334 ictum
1301 2302 1412 2334 fuisse,
1459 2301 1576 2332 Forsan
1601 2305 1633 2331 et

954 2356 1015 2386 tria
1039 2355 1109 2386 haec
1127 2365 1196 2386 esse
1221 2354 1354 2397 templa,
1377 2353 1416 2384 de
1441 2352 1559 2395 quibus
1580 2363 1631 2382 su·

954 2404 1068 2447 periori
1098 2415 1189 2436 versu
1217 2404 1344 2436 locutus
1372 2408 1431 2440 est,
1461 2401 1547 2434 credi
1578 2412 1634 2443 po-

955 2460 1028 2487 test.

999 2506 1075 2537 411.
1092 2506 1135 2536 At
1150 2511 1196 2543 tu,
1212 2507 1265 2547 qui
1279 2515 1409 2545 superes,
1426 2503 1504 2544 etc.]
1524 2504 1633 2535 Sermo

955 2567 1040 2588 nunc
1056 2555 1096 2588 ad
1111 2555 1275 2587 Tiberium
1291 2565 1474 2586 conversus.

1000 2608 1075 2638 414.
1100 2607 1142 2637 Et
1163 2609 1246 2638 vivat
1268 2612 1340 2637 nato
1358 2617 1426 2637 cum
1449 2616 1516 2636 sene
1536 2609 1634 2634 >mater

955 2658 1061 2699 anun]
1094 2656 1186 2689 Vixit
1209 2657 1339 2700 quidem
1370 2666 1450 2687 anus
1476 2654 1577 2691 Livia,
1602 2659 1634 2684 et

956 2721 1024 2740 cum
1050 2715 1123 2739 nato
1151 2713 1309 2751 provectae
1339 2707 1405 2749 jam
1432 2705 1555 2744 aetatis;
1579 2703 1635 2735 sed

958 2770 1030 2791 eum
1046 2764 1188 2801 experta,
1204 2764 1239 2790 ut
1254 2757 1355 2789 multo
1377 2756 1405 2788 ei
1426 2756 1637 2799 praestitisset,

960 2816 1133 2853 antequam
1159 2809 1307 2841 Tiberius
1331 2808 1515 2850 imperaret,
1539 2806 1636 2838 inter-

1097 2861 1116 2890 3
1133 2861 1159 2890 L
