<?xml version="1.0" encoding="UTF-8"?>
<!DOCTYPE html PUBLIC "-//W3C//DTD XHTML 1.0 Transitional//EN"
    "http://www.w3.org/TR/xhtml1/DTD/xhtml1-transitional.dtd">
<html xmlns="http://www.w3.org/1999/xhtml" xml:lang="en" lang="en">
 <head>
  <title>
</title>
<meta http-equiv="Content-Type" content="text/html;charset=utf-8" />
  <meta name='ocr-system' content='tesseract 3.04.00' />
  <meta name='ocr-capabilities' content='ocr_page ocr_carea ocr_par ocr_line ocrx_word'/>
</head>
<body>
  <div class='ocr_page' id='page_1' title='image "./povidiinasonisop05oviduoft_0328.png"; bbox 0 0 1809 3220; ppageno 0'>
   <div class='ocr_carea' id='block_1_1' title="bbox 195 186 282 227">
    <p class='ocr_par' dir='ltr' id='par_1_1' title="bbox 195 186 282 227">
     <span class='ocr_line' id='line_1_1' title="bbox 195 186 282 227; baseline 0 0"><span class='ocrx_word' id='word_1_1' title='bbox 195 186 282 227; x_wconf 84' lang='lat'>300</span> 
     </span>
    </p>
   </div>
   <div class='ocr_carea' id='block_1_2' title="bbox 592 185 1218 228">
    <p class='ocr_par' dir='ltr' id='par_1_2' title="bbox 592 185 1218 228">
     <span class='ocr_line' id='line_1_2' title="bbox 592 185 1218 228; baseline 0 -1"><span class='ocrx_word' id='word_1_2' title='bbox 592 187 644 228; x_wconf 92' lang='grc' dir='ltr'>Ρ.</span> <span class='ocrx_word' id='word_1_3' title='bbox 680 185 896 228; x_wconf 84' lang='lat' dir='ltr'>OVIDII</span> <span class='ocrx_word' id='word_1_4' title='bbox 931 185 1218 228; x_wconf 90' lang='lat' dir='ltr'><strong>NASONIS</strong></span> 
     </span>
    </p>
   </div>
   <div class='ocr_carea' id='block_1_3' title="bbox 197 302 1546 358">
    <p class='ocr_par' dir='ltr' id='par_1_3' title="bbox 197 302 1546 358">
     <span class='ocr_line' id='line_1_3' title="bbox 197 302 1546 358; baseline 0 -8"><span class='ocrx_word' id='word_1_5' title='bbox 197 302 292 350; x_wconf 82' lang='lat' dir='ltr'>Est</span> <span class='ocrx_word' id='word_1_6' title='bbox 317 319 494 350; x_wconf 88' lang='lat' dir='ltr'>nemus</span> <span class='ocrx_word' id='word_1_7' title='bbox 522 303 784 350; x_wconf 80' lang='lat' dir='ltr'>arboribus</span> <span class='ocrx_word' id='word_1_8' title='bbox 809 303 1040 358; x_wconf 89' lang='lat' dir='ltr'>densum,</span> <span class='ocrx_word' id='word_1_9' title='bbox 1067 309 1294 350; x_wconf 87' lang='lat' dir='ltr'>secretus</span> <span class='ocrx_word' id='word_1_10' title='bbox 1320 303 1384 350; x_wconf 84' lang='lat' dir='ltr'>ab</span> <span class='ocrx_word' id='word_1_11' title='bbox 1410 302 1546 350; x_wconf 78' lang='lat' dir='ltr'>omni</span> 
     </span>
    </p>
   </div>
   <div class='ocr_carea' id='block_1_4' title="bbox 265 381 1388 445">
    <p class='ocr_par' dir='ltr' id='par_1_4' title="bbox 265 381 1388 445">
     <span class='ocr_line' id='line_1_4' title="bbox 265 381 1388 445; baseline 0.001 -18"><span class='ocrx_word' id='word_1_12' title='bbox 265 381 404 429; x_wconf 94' lang='lat' dir='ltr'>Voce</span> <span class='ocrx_word' id='word_1_13' title='bbox 430 382 588 437; x_wconf 88' lang='lat' dir='ltr'>locus,</span> <span class='ocrx_word' id='word_1_14' title='bbox 617 382 657 428; x_wconf 94' lang='lat' dir='ltr'>si</span> <span class='ocrx_word' id='word_1_15' title='bbox 686 398 787 429; x_wconf 87' lang='lat' dir='ltr'>non</span> <span class='ocrx_word' id='word_1_16' title='bbox 814 382 1199 445; x_wconf 80' lang='lat' dir='ltr'>obstreperetur</span> <span class='ocrx_word' id='word_1_17' title='bbox 1225 381 1388 444; x_wconf 85' lang='lat' dir='ltr'>aquis.</span> 
     </span>
    </p>
   </div>
   <div class='ocr_carea' id='block_1_5' title="bbox 1553 383 1613 428">
    <p class='ocr_par' dir='ltr' id='par_1_5' title="bbox 1553 383 1613 428">
     <span class='ocr_line' id='line_1_5' title="bbox 1553 383 1613 428; baseline -0.017 0"><span class='ocrx_word' id='word_1_18' title='bbox 1553 383 1613 428; x_wconf 89' lang='lat'>10</span> 
     </span>
    </p>
   </div>
   <div class='ocr_carea' id='block_1_6' title="bbox 196 457 1454 756">
    <p class='ocr_par' dir='ltr' id='par_1_6' title="bbox 196 457 1454 600">
     <span class='ocr_line' id='line_1_6' title="bbox 196 457 1454 524; baseline 0.001 -19"><span class='ocrx_word' id='word_1_19' title='bbox 196 458 293 506; x_wconf 90' lang='lat' dir='ltr'>Hic</span> <span class='ocrx_word' id='word_1_20' title='bbox 320 476 414 523; x_wconf 84' lang='lat' dir='ltr'>ego</span> <span class='ocrx_word' id='word_1_21' title='bbox 441 460 749 523; x_wconf 80' lang='lat' dir='ltr'>quaerebam,</span> <span class='ocrx_word' id='word_1_22' title='bbox 778 459 932 524; x_wconf 87' lang='lat' dir='ltr'>coepti</span> <span class='ocrx_word' id='word_1_23' title='bbox 959 475 1073 523; x_wconf 85' lang='lat' dir='ltr'>quae</span> <span class='ocrx_word' id='word_1_24' title='bbox 1100 457 1289 506; x_wconf 86' lang='lat' dir='ltr'>mensis</span> <span class='ocrx_word' id='word_1_25' title='bbox 1315 459 1454 522; x_wconf 84' lang='lat' dir='ltr'>origo</span> 
     </span>
     <span class='ocr_line' id='line_1_7' title="bbox 265 536 1334 600; baseline 0 -16"><span class='ocrx_word' id='word_1_26' title='bbox 265 536 433 594; x_wconf 89' lang='lat' dir='ltr'>Esset,</span> <span class='ocrx_word' id='word_1_27' title='bbox 463 545 513 585; x_wconf 92' lang='lat' dir='ltr'>et</span> <span class='ocrx_word' id='word_1_28' title='bbox 538 537 588 584; x_wconf 90' lang='lat' dir='ltr'>in</span> <span class='ocrx_word' id='word_1_29' title='bbox 614 554 735 585; x_wconf 87' lang='lat' dir='ltr'>cura</span> <span class='ocrx_word' id='word_1_30' title='bbox 761 537 976 584; x_wconf 88' lang='lat' dir='ltr'>nominis</span> <span class='ocrx_word' id='word_1_31' title='bbox 1002 537 1154 600; x_wconf 90' lang='lat' dir='ltr'>hujus</span> <span class='ocrx_word' id='word_1_32' title='bbox 1180 552 1334 584; x_wconf 83' lang='lat' dir='ltr'>eram.</span> 
     </span>
    </p>

    <p class='ocr_par' dir='ltr' id='par_1_7' title="bbox 198 613 1436 756">
     <span class='ocr_line' id='line_1_8' title="bbox 198 613 1430 679; baseline 0 -18"><span class='ocrx_word' id='word_1_33' title='bbox 198 613 334 662; x_wconf 90' lang='lat' dir='ltr'>Ecce</span> <span class='ocrx_word' id='word_1_34' title='bbox 361 615 482 662; x_wconf 87' lang='lat' dir='ltr'>deas</span> <span class='ocrx_word' id='word_1_35' title='bbox 509 615 628 671; x_wconf 90' lang='lat' dir='ltr'>vidi,</span> <span class='ocrx_word' id='word_1_36' title='bbox 657 632 757 663; x_wconf 86' lang='lat' dir='ltr'>non</span> <span class='ocrx_word' id='word_1_37' title='bbox 785 631 913 679; x_wconf 83' lang='lat' dir='ltr'>quas</span> <span class='ocrx_word' id='word_1_38' title='bbox 942 623 1227 679; x_wconf 83' lang='lat' dir='ltr'>praeceptor</span> <span class='ocrx_word' id='word_1_39' title='bbox 1256 614 1430 662; x_wconf 85' lang='lat' dir='ltr'>arandi</span> 
     </span>
     <span class='ocr_line' id='line_1_9' title="bbox 264 691 1436 756; baseline 0.003 -19"><span class='ocrx_word' id='word_1_40' title='bbox 264 691 489 748; x_wconf 82' lang='lat' dir='ltr'>Viderat,</span> <span class='ocrx_word' id='word_1_41' title='bbox 519 693 752 741; x_wconf 80' lang='lat' dir='ltr'>Ascraeas</span> <span class='ocrx_word' id='word_1_42' title='bbox 780 709 937 756; x_wconf 89' lang='lat' dir='ltr'>quum</span> <span class='ocrx_word' id='word_1_43' title='bbox 964 701 1265 756; x_wconf 83' lang='lat' dir='ltr'>sequeretur</span> <span class='ocrx_word' id='word_1_44' title='bbox 1291 709 1436 747; x_wconf 89' lang='lat' dir='ltr'>oves;</span> 
     </span>
    </p>
   </div>
   <div class='ocr_carea' id='block_1_7' title="bbox 199 769 1451 834">
    <p class='ocr_par' dir='ltr' id='par_1_8' title="bbox 199 769 1451 834">
     <span class='ocr_line' id='line_1_10' title="bbox 199 769 1451 834; baseline 0.002 -18"><span class='ocrx_word' id='word_1_45' title='bbox 199 769 309 817; x_wconf 91' lang='lat' dir='ltr'>Nec</span> <span class='ocrx_word' id='word_1_46' title='bbox 336 787 463 834; x_wconf 87' lang='lat' dir='ltr'>quas</span> <span class='ocrx_word' id='word_1_47' title='bbox 487 771 770 818; x_wconf 84' lang='lat' dir='ltr'>Priamides</span> <span class='ocrx_word' id='word_1_48' title='bbox 798 771 846 817; x_wconf 90' lang='lat' dir='ltr'>in</span> <span class='ocrx_word' id='word_1_49' title='bbox 873 787 1078 834; x_wconf 78' lang='lat' dir='ltr'>aquosae</span> <span class='ocrx_word' id='word_1_50' title='bbox 1104 770 1318 818; x_wconf 86' lang='lat' dir='ltr'>vallibus</span> <span class='ocrx_word' id='word_1_51' title='bbox 1347 770 1451 818; x_wconf 84' lang='lat' dir='ltr'>Idae</span> 
     </span>
    </p>
   </div>
   <div class='ocr_carea' id='block_1_8' title="bbox 1558 773 1615 818">
    <p class='ocr_par' dir='ltr' id='par_1_9' title="bbox 1558 773 1615 818">
     <span class='ocr_line' id='line_1_11' title="bbox 1558 773 1615 818; baseline 0.018 -1"><span class='ocrx_word' id='word_1_52' title='bbox 1558 773 1615 818; x_wconf 87' lang='grc'>15</span> 
     </span>
    </p>
   </div>
   <div class='ocr_carea' id='block_1_9' title="bbox 267 849 1341 906">
    <p class='ocr_par' dir='ltr' id='par_1_10' title="bbox 267 849 1341 906">
     <span class='ocr_line' id='line_1_12' title="bbox 267 849 1341 906; baseline 0.001 -10"><span class='ocrx_word' id='word_1_53' title='bbox 267 849 524 906; x_wconf 87' lang='lat' dir='ltr'>Contulit;</span> <span class='ocrx_word' id='word_1_54' title='bbox 567 867 630 898; x_wconf 83' lang='lat' dir='ltr'>ex</span> <span class='ocrx_word' id='word_1_55' title='bbox 658 850 756 897; x_wconf 87' lang='lat' dir='ltr'>illis</span> <span class='ocrx_word' id='word_1_56' title='bbox 783 849 872 898; x_wconf 88' lang='lat' dir='ltr'>sed</span> <span class='ocrx_word' id='word_1_57' title='bbox 899 858 1069 898; x_wconf 81' lang='lat' dir='ltr'>tamen</span> <span class='ocrx_word' id='word_1_58' title='bbox 1097 866 1196 897; x_wconf 82' lang='lat' dir='ltr'>una</span> <span class='ocrx_word' id='word_1_59' title='bbox 1219 849 1341 897; x_wconf 88' lang='lat' dir='ltr'>fuit:</span> 
     </span>
    </p>
   </div>
   <div class='ocr_carea' id='block_1_10' title="bbox 194 1040 872 2823">
    <p class='ocr_par' dir='ltr' id='par_1_11' title="bbox 194 1040 872 1525">
     <span class='ocr_line' id='line_1_13' title="bbox 239 1040 872 1082; baseline 0.002 -13"><span class='ocrx_word' id='word_1_60' title='bbox 239 1040 270 1069; x_wconf 85' lang='lat'>9.</span> <span class='ocrx_word' id='word_1_61' title='bbox 295 1040 334 1069; x_wconf 88' lang='lat' dir='ltr'>In</span> <span class='ocrx_word' id='word_1_62' title='bbox 356 1050 473 1070; x_wconf 80' lang='lat' dir='ltr'>nemore</span> <span class='ocrx_word' id='word_1_63' title='bbox 495 1047 617 1075; x_wconf 77' lang='lat' dir='ltr'>secreto,</span> <span class='ocrx_word' id='word_1_64' title='bbox 643 1042 738 1082; x_wconf 83' lang='lat' dir='ltr'>quale</span> <span class='ocrx_word' id='word_1_65' title='bbox 764 1048 872 1072; x_wconf 86' lang='lat' dir='ltr'>amant</span> 
     </span>
     <span class='ocr_line' id='line_1_14' title="bbox 197 1088 869 1129; baseline 0.004 -11"><span class='ocrx_word' id='word_1_66' title='bbox 197 1088 428 1124; x_wconf 63' lang='lat' dir='ltr'>medhabundi,</span> <span class='ocrx_word' id='word_1_67' title='bbox 447 1089 567 1129; x_wconf 84' lang='lat' dir='ltr'>cogitat</span> <span class='ocrx_word' id='word_1_68' title='bbox 581 1089 621 1120; x_wconf 88' lang='lat' dir='ltr'>de</span> <span class='ocrx_word' id='word_1_69' title='bbox 643 1090 767 1120; x_wconf 90' lang='lat' dir='ltr'>nomine</span> <span class='ocrx_word' id='word_1_70' title='bbox 783 1101 869 1121; x_wconf 84' lang='lat' dir='ltr'>men—</span> 
     </span>
     <span class='ocr_line' id='line_1_15' title="bbox 194 1137 872 1181; baseline 0.003 -14"><span class='ocrx_word' id='word_1_71' title='bbox 194 1137 246 1168; x_wconf 83' lang='lat' dir='ltr'>sis.</span> <span class='ocrx_word' id='word_1_72' title='bbox 298 1137 381 1174; x_wconf 82' lang='lat' dir='ltr'>Voce,</span> <span class='ocrx_word' id='word_1_73' title='bbox 398 1148 485 1169; x_wconf 87' lang='lat' dir='ltr'>sono.</span> <span class='ocrx_word' id='word_1_74' title='bbox 535 1139 710 1179; x_wconf 74' lang='lat' dir='ltr'>obstrepere</span> <span class='ocrx_word' id='word_1_75' title='bbox 725 1139 764 1170; x_wconf 90' lang='lat' dir='ltr'>de</span> <span class='ocrx_word' id='word_1_76' title='bbox 780 1139 872 1181; x_wconf 78' lang='lat' dir='ltr'>aquis</span> 
     </span>
     <span class='ocr_line' id='line_1_16' title="bbox 194 1187 869 1224; baseline 0.004 -7"><span class='ocrx_word' id='word_1_77' title='bbox 194 1194 224 1217; x_wconf 81' lang='lat' dir='ltr'>ct</span> <span class='ocrx_word' id='word_1_78' title='bbox 238 1187 319 1218; x_wconf 87' lang='lat' dir='ltr'>foliis</span> <span class='ocrx_word' id='word_1_79' title='bbox 331 1188 476 1218; x_wconf 87' lang='lat' dir='ltr'>arborum</span> <span class='ocrx_word' id='word_1_80' title='bbox 491 1190 775 1224; x_wconf 83' lang='lat' dir='ltr'>murmurantibus;</span> <span class='ocrx_word' id='word_1_81' title='bbox 794 1191 869 1220; x_wconf 87' lang='lat' dir='ltr'>Pro-</span> 
     </span>
     <span class='ocr_line' id='line_1_17' title="bbox 195 1237 872 1280; baseline 0.006 -14"><span class='ocrx_word' id='word_1_82' title='bbox 195 1237 325 1277; x_wconf 86' lang='lat' dir='ltr'>pertius,</span> <span class='ocrx_word' id='word_1_83' title='bbox 343 1237 408 1268; x_wconf 85' lang='lat' dir='ltr'>IV.</span> <span class='ocrx_word' id='word_1_84' title='bbox 422 1237 464 1268; x_wconf 89' lang='lat' dir='ltr'>iv.</span> <span class='ocrx_word' id='word_1_85' title='bbox 482 1238 519 1267; x_wconf 88' lang='lat'>4:</span> <span class='ocrx_word' id='word_1_86' title='bbox 537 1242 558 1255; x_wconf 90' lang='lat'><em>“</em></span> <span class='ocrx_word' id='word_1_87' title='bbox 573 1238 738 1280; x_wconf 86' lang='lat' dir='ltr'>multaque</span> <span class='ocrx_word' id='word_1_88' title='bbox 756 1239 872 1270; x_wconf 84' lang='lat' dir='ltr'>nativis</span> 
     </span>
     <span class='ocr_line' id='line_1_18' title="bbox 194 1287 869 1329; baseline 0.006 -13"><span class='ocrx_word' id='word_1_89' title='bbox 194 1287 347 1328; x_wconf 83' lang='lat' dir='ltr'>obstrepit</span> <span class='ocrx_word' id='word_1_90' title='bbox 385 1288 476 1318; x_wconf 88' lang='lat' dir='ltr'>arbor</span> <span class='ocrx_word' id='word_1_91' title='bbox 515 1288 642 1329; x_wconf 83' lang='lat' dir='ltr'>aquis.&#39;&#39;</span> <span class='ocrx_word' id='word_1_92' title='bbox 706 1288 869 1325; x_wconf 84' lang='lat' dir='ltr'>Horatius,</span> 
     </span>
     <span class='ocr_line' id='line_1_19' title="bbox 201 1335 871 1378; baseline 0.006 -13"><span class='ocrx_word' id='word_1_93' title='bbox 201 1335 299 1377; x_wconf 78' lang='lat' dir='ltr'>Epod.</span> <span class='ocrx_word' id='word_1_94' title='bbox 329 1336 361 1367; x_wconf 87' lang='lat' dir='ltr'>ii.</span> <span class='ocrx_word' id='word_1_95' title='bbox 391 1337 451 1366; x_wconf 77' lang='lat'>21:</span> <span class='ocrx_word' id='word_1_96' title='bbox 496 1336 661 1378; x_wconf 73' lang='lat' dir='ltr'>fontesque</span> <span class='ocrx_word' id='word_1_97' title='bbox 691 1338 768 1378; x_wconf 88' lang='lat' dir='ltr'>(nisi</span> <span class='ocrx_word' id='word_1_98' title='bbox 798 1349 871 1369; x_wconf 88' lang='lat' dir='ltr'>cum</span> 
     </span>
     <span class='ocr_line' id='line_1_20' title="bbox 197 1385 870 1428; baseline 0.007 -14"><span class='ocrx_word' id='word_1_99' title='bbox 197 1385 514 1427; x_wconf 76' lang='lat' dir='ltr'>Markl.fr0mlesque</span> <span class='ocrx_word' id='word_1_100' title='bbox 537 1387 647 1426; x_wconf 88' lang='lat' dir='ltr'>malis)</span> <span class='ocrx_word' id='word_1_101' title='bbox 672 1389 801 1428; x_wconf 69' lang='lat' dir='ltr'>lymphis</span> <span class='ocrx_word' id='word_1_102' title='bbox 822 1390 870 1419; x_wconf 84' lang='lat' dir='ltr'>ob-</span> 
     </span>
     <span class='ocr_line' id='line_1_21' title="bbox 194 1437 869 1473; baseline 0.007 -11"><span class='ocrx_word' id='word_1_103' title='bbox 194 1440 334 1473; x_wconf 76' lang='lat' dir='ltr'>strepunt</span> <span class='ocrx_word' id='word_1_104' title='bbox 359 1437 563 1467; x_wconf 78' lang='lat' dir='ltr'>manantibus.</span> <span class='ocrx_word' id='word_1_105' title='bbox 615 1437 651 1467; x_wconf 82' lang='lat' dir='ltr'>ln</span> <span class='ocrx_word' id='word_1_106' title='bbox 676 1448 752 1467; x_wconf 77' lang='lat' dir='ltr'>cura</span> <span class='ocrx_word' id='word_1_107' title='bbox 776 1448 869 1473; x_wconf 79' lang='lat' dir='ltr'>erum,</span> 
     </span>
     <span class='ocr_line' id='line_1_22' title="bbox 197 1483 499 1525; baseline 0.007 -11"><span class='ocrx_word' id='word_1_108' title='bbox 197 1483 236 1514; x_wconf 85' lang='lat' dir='ltr'>de</span> <span class='ocrx_word' id='word_1_109' title='bbox 253 1494 291 1514; x_wconf 91' lang='lat' dir='ltr'>eo</span> <span class='ocrx_word' id='word_1_110' title='bbox 307 1484 499 1525; x_wconf 81' lang='lat' dir='ltr'>cogitabam.</span> 
     </span>
    </p>

    <p class='ocr_par' dir='ltr' id='par_1_12' title="bbox 194 1535 872 2574">
     <span class='ocr_line' id='line_1_23' title="bbox 244 1535 869 1578; baseline 0.005 -14"><span class='ocrx_word' id='word_1_111' title='bbox 244 1535 296 1564; x_wconf 90' lang='lat'>13.</span> <span class='ocrx_word' id='word_1_112' title='bbox 334 1535 415 1565; x_wconf 73' lang='lat' dir='ltr'>Dens</span> <span class='ocrx_word' id='word_1_113' title='bbox 448 1536 522 1571; x_wconf 63' lang='lat' dir='ltr'>vidi,</span> <span class='ocrx_word' id='word_1_114' title='bbox 554 1546 614 1566; x_wconf 87' lang='lat' dir='ltr'>non</span> <span class='ocrx_word' id='word_1_115' title='bbox 645 1537 767 1572; x_wconf 76' lang='lat' dir='ltr'>Musas,</span> <span class='ocrx_word' id='word_1_116' title='bbox 797 1548 869 1578; x_wconf 80' lang='lat' dir='ltr'>quae</span> 
     </span>
     <span class='ocr_line' id='line_1_24' title="bbox 196 1583 870 1626; baseline 0.006 -13"><span class='ocrx_word' id='word_1_117' title='bbox 196 1583 381 1625; x_wconf 87' lang='lat' dir='ltr'>plerumque</span> <span class='ocrx_word' id='word_1_118' title='bbox 416 1585 517 1626; x_wconf 88' lang='lat' dir='ltr'>poetis</span> <span class='ocrx_word' id='word_1_119' title='bbox 552 1585 686 1624; x_wconf 81' lang='lat' dir='ltr'>adsunt3</span> <span class='ocrx_word' id='word_1_120' title='bbox 722 1585 777 1617; x_wconf 86' lang='lat' dir='ltr'>sed</span> <span class='ocrx_word' id='word_1_121' title='bbox 812 1586 870 1617; x_wconf 88' lang='lat' dir='ltr'>hoc</span> 
     </span>
     <span class='ocr_line' id='line_1_25' title="bbox 195 1633 871 1676; baseline 0.006 -13"><span class='ocrx_word' id='word_1_122' title='bbox 195 1633 287 1664; x_wconf 88' lang='lat' dir='ltr'>docte</span> <span class='ocrx_word' id='word_1_123' title='bbox 326 1633 471 1665; x_wconf 82' lang='lat' dir='ltr'>variavit.</span> <span class='ocrx_word' id='word_1_124' title='bbox 538 1636 711 1676; x_wconf 72' lang='lat' dir='ltr'>Praeceptor</span> <span class='ocrx_word' id='word_1_125' title='bbox 747 1639 871 1673; x_wconf 77' lang='lat' dir='ltr'>arandi,</span> 
     </span>
     <span class='ocr_line' id='line_1_26' title="bbox 195 1683 870 1728; baseline 0.006 -15"><span class='ocrx_word' id='word_1_126' title='bbox 195 1683 356 1714; x_wconf 87' lang='lat' dir='ltr'>Hesiodus</span> <span class='ocrx_word' id='word_1_127' title='bbox 384 1691 510 1726; x_wconf 88' lang='lat' dir='ltr'>propter</span> <span class='ocrx_word' id='word_1_128' title='bbox 545 1696 685 1721; x_wconf 80' lang='lat' dir='ltr'>carmen,</span> <span class='ocrx_word' id='word_1_129' title='bbox 715 1686 801 1728; x_wconf 86' lang='lat' dir='ltr'>quod</span> <span class='ocrx_word' id='word_1_130' title='bbox 831 1687 870 1717; x_wconf 89' lang='lat' dir='ltr'>de</span> 
     </span>
     <span class='ocr_line' id='line_1_27' title="bbox 196 1733 871 1775; baseline 0.006 -12"><span class='ocrx_word' id='word_1_131' title='bbox 196 1733 354 1775; x_wconf 84' lang='lat' dir='ltr'>Operibus</span> <span class='ocrx_word' id='word_1_132' title='bbox 369 1739 399 1764; x_wconf 91' lang='lat' dir='ltr'>et</span> <span class='ocrx_word' id='word_1_133' title='bbox 413 1734 536 1765; x_wconf 84' lang='lat' dir='ltr'>Diebus</span> <span class='ocrx_word' id='word_1_134' title='bbox 550 1735 740 1766; x_wconf 82' lang='lat' dir='ltr'>inscribitur.</span> <span class='ocrx_word' id='word_1_135' title='bbox 764 1736 871 1767; x_wconf 88' lang='lat' dir='ltr'>Etiam</span> 
     </span>
     <span class='ocr_line' id='line_1_28' title="bbox 194 1783 871 1825; baseline 0.006 -12"><span class='ocrx_word' id='word_1_136' title='bbox 194 1783 391 1825; x_wconf 81' lang='lat' dir='ltr'>Propertius,</span> <span class='ocrx_word' id='word_1_137' title='bbox 417 1784 463 1814; x_wconf 91' lang='grc' dir='ltr'>ΙΙ.</span> <span class='ocrx_word' id='word_1_138' title='bbox 488 1796 562 1816; x_wconf 86' lang='lat' dir='ltr'>xxv.</span> <span class='ocrx_word' id='word_1_139' title='bbox 587 1786 646 1816; x_wconf 88' lang='lat'>77:</span> <span class='ocrx_word' id='word_1_140' title='bbox 675 1791 694 1803; x_wconf 88' lang='lat'><strong>“</strong></span> <span class='ocrx_word' id='word_1_141' title='bbox 710 1786 758 1817; x_wconf 79' lang='lat' dir='ltr'>&#39;l&#39;u</span> <span class='ocrx_word' id='word_1_142' title='bbox 782 1786 871 1817; x_wconf 85' lang='lat' dir='ltr'>canis</span> 
     </span>
     <span class='ocr_line' id='line_1_29' title="bbox 195 1831 871 1878; baseline 0.009 -16"><span class='ocrx_word' id='word_1_143' title='bbox 195 1831 316 1863; x_wconf 86' lang='lat' dir='ltr'>Ascraei</span> <span class='ocrx_word' id='word_1_144' title='bbox 333 1833 446 1864; x_wconf 87' lang='lat' dir='ltr'>veteris</span> <span class='ocrx_word' id='word_1_145' title='bbox 470 1841 632 1877; x_wconf 63' lang='lat' dir='ltr'>praecepta</span> <span class='ocrx_word' id='word_1_146' title='bbox 655 1836 793 1878; x_wconf 80' lang='lat' dir='ltr'>poetae‚’&#39;</span> <span class='ocrx_word' id='word_1_147' title='bbox 809 1842 871 1868; x_wconf 88' lang='lat' dir='ltr'>etc.</span> 
     </span>
     <span class='ocr_line' id='line_1_30' title="bbox 195 1882 871 1926; baseline 0.006 -14"><span class='ocrx_word' id='word_1_148' title='bbox 195 1882 303 1918; x_wconf 86' lang='lat' dir='ltr'>Quum</span> <span class='ocrx_word' id='word_1_149' title='bbox 326 1882 404 1913; x_wconf 89' lang='lat' dir='ltr'>dicit</span> <span class='ocrx_word' id='word_1_150' title='bbox 426 1885 559 1915; x_wconf 65' lang='lat' dir='ltr'>:lscraeas</span> <span class='ocrx_word' id='word_1_151' title='bbox 584 1896 676 1925; x_wconf 80' lang='lat' dir='ltr'>quum</span> <span class='ocrx_word' id='word_1_152' title='bbox 697 1893 871 1926; x_wconf 80' lang='lat' dir='ltr'>sequeretur</span> 
     </span>
     <span class='ocr_line' id='line_1_31' title="bbox 196 1932 870 1976; baseline 0.007 -14"><span class='ocrx_word' id='word_1_153' title='bbox 196 1943 271 1968; x_wconf 76' lang='lat' dir='ltr'>oves,</span> <span class='ocrx_word' id='word_1_154' title='bbox 302 1932 429 1974; x_wconf 88' lang='lat' dir='ltr'>respicit</span> <span class='ocrx_word' id='word_1_155' title='bbox 457 1934 577 1976; x_wconf 85' lang='lat' dir='ltr'>Theog.</span> <span class='ocrx_word' id='word_1_156' title='bbox 603 1937 657 1966; x_wconf 91' lang='lat'>22.</span> <span class='ocrx_word' id='word_1_157' title='bbox 681 1936 736 1966; x_wconf 90' lang='lat' dir='ltr'>ubi</span> <span class='ocrx_word' id='word_1_158' title='bbox 765 1936 870 1967; x_wconf 83' lang='lat' dir='ltr'>Musae</span> 
     </span>
     <span class='ocr_line' id='line_1_32' title="bbox 195 1981 870 2028; baseline 0.007 -16"><span class='ocrx_word' id='word_1_159' title='bbox 195 1981 408 2019; x_wconf 87' lang='lat' dir='ltr'>nominantur,</span> <span class='ocrx_word' id='word_1_160' title='bbox 420 1995 491 2025; x_wconf 84' lang='lat' dir='ltr'>quae</span> <span class='ocrx_word' id='word_1_161' title='bbox 504 1984 578 2014; x_wconf 87' lang='lat' dir='ltr'>olim</span> <span class='ocrx_word' id='word_1_162' title='bbox 590 1985 766 2016; x_wconf 85' lang='lat' dir='ltr'>Hesiodum</span> <span class='ocrx_word' id='word_1_163' title='bbox 782 1997 870 2028; x_wconf 88' lang='lat' dir='ltr'>egre-</span> 
     </span>
     <span class='ocr_line' id='line_1_33' title="bbox 194 2032 870 2078; baseline 0.007 -16"><span class='ocrx_word' id='word_1_164' title='bbox 194 2032 282 2072; x_wconf 89' lang='lat' dir='ltr'>gium</span> <span class='ocrx_word' id='word_1_165' title='bbox 311 2042 437 2064; x_wconf 87' lang='lat' dir='ltr'>carmen</span> <span class='ocrx_word' id='word_1_166' title='bbox 467 2033 654 2070; x_wconf 83' lang='lat' dir='ltr'>docuerunt,</span> <span class='ocrx_word' id='word_1_167' title='bbox 680 2046 778 2076; x_wconf 79' lang='lat' dir='ltr'>agnos</span> <span class='ocrx_word' id='word_1_168' title='bbox 799 2046 870 2078; x_wconf 86' lang='lat' dir='ltr'>pas-</span> 
     </span>
     <span class='ocr_line' id='line_1_34' title="bbox 195 2083 872 2127; baseline 0.009 -15"><span class='ocrx_word' id='word_1_169' title='bbox 195 2087 320 2113; x_wconf 88' lang='lat' dir='ltr'>centem</span> <span class='ocrx_word' id='word_1_170' title='bbox 345 2083 499 2114; x_wconf 89' lang='lat' dir='ltr'>Helicone</span> <span class='ocrx_word' id='word_1_171' title='bbox 523 2085 582 2115; x_wconf 91' lang='lat' dir='ltr'>sub</span> <span class='ocrx_word' id='word_1_172' title='bbox 608 2085 734 2116; x_wconf 88' lang='lat' dir='ltr'>divino:</span> <span class='ocrx_word' id='word_1_173' title='bbox 765 2087 872 2127; x_wconf 82' lang='grc' dir='ltr'>ἄρνας</span> 
     </span>
     <span class='ocr_line' id='line_1_35' title="bbox 196 2131 870 2173; baseline 0.009 -11"><span class='ocrx_word' id='word_1_174' title='bbox 196 2131 408 2173; x_wconf 78' lang='grc' dir='ltr'>ποιμαίνονθ’</span> <span class='ocrx_word' id='word_1_175' title='bbox 432 2131 613 2171; x_wconf 74' lang='grc' dir='ltr'>Ἑλικῶνος</span> <span class='ocrx_word' id='word_1_176' title='bbox 643 2134 709 2166; x_wconf 75' lang='grc' dir='ltr'>ὑπὸ</span> <span class='ocrx_word' id='word_1_177' title='bbox 735 2135 870 2171; x_wconf 77' lang='grc' dir='ltr'>ζαθέοιο.</span> 
     </span>
     <span class='ocr_line' id='line_1_36' title="bbox 196 2181 870 2226; baseline 0.007 -15"><span class='ocrx_word' id='word_1_178' title='bbox 196 2181 318 2212; x_wconf 89' lang='lat' dir='ltr'>Eadem</span> <span class='ocrx_word' id='word_1_179' title='bbox 357 2182 452 2213; x_wconf 84' lang='lat' dir='ltr'>verba</span> <span class='ocrx_word' id='word_1_180' title='bbox 489 2183 627 2226; x_wconf 85' lang='lat' dir='ltr'>respexit</span> <span class='ocrx_word' id='word_1_181' title='bbox 664 2183 761 2215; x_wconf 84' lang='lat' dir='ltr'>etiam</span> <span class='ocrx_word' id='word_1_182' title='bbox 799 2185 870 2216; x_wconf 86' lang='lat' dir='ltr'>Art.</span> 
     </span>
     <span class='ocr_line' id='line_1_37' title="bbox 196 2231 869 2266; baseline 0.007 -5"><span class='ocrx_word' id='word_1_183' title='bbox 196 2231 306 2262; x_wconf 83' lang='lat' dir='ltr'>Amat.</span> <span class='ocrx_word' id='word_1_184' title='bbox 332 2231 354 2262; x_wconf 91' lang='lat' dir='ltr'>i.</span> <span class='ocrx_word' id='word_1_185' title='bbox 380 2232 440 2262; x_wconf 91' lang='lat'>27:</span> <span class='ocrx_word' id='word_1_186' title='bbox 466 2234 573 2264; x_wconf 85' lang='lat' dir='ltr'>“Nec</span> <span class='ocrx_word' id='word_1_187' title='bbox 598 2233 674 2264; x_wconf 90' lang='lat' dir='ltr'>mihi</span> <span class='ocrx_word' id='word_1_188' title='bbox 698 2241 771 2265; x_wconf 85' lang='lat' dir='ltr'>sunt</span> <span class='ocrx_word' id='word_1_189' title='bbox 794 2235 869 2266; x_wconf 84' lang='lat' dir='ltr'>visae</span> 
     </span>
     <span class='ocr_line' id='line_1_38' title="bbox 197 2280 869 2327; baseline 0.004 -15"><span class='ocrx_word' id='word_1_190' title='bbox 197 2280 270 2312; x_wconf 78' lang='lat' dir='ltr'>Clio</span> <span class='ocrx_word' id='word_1_191' title='bbox 301 2281 454 2323; x_wconf 82' lang='lat' dir='ltr'>Cliusque</span> <span class='ocrx_word' id='word_1_192' title='bbox 484 2293 614 2319; x_wconf 81' lang='lat' dir='ltr'>sorores,</span> <span class='ocrx_word' id='word_1_193' title='bbox 642 2283 787 2315; x_wconf 83' lang='lat' dir='ltr'>Servanti</span> <span class='ocrx_word' id='word_1_194' title='bbox 815 2296 869 2327; x_wconf 85' lang='lat' dir='ltr'>pe-</span> 
     </span>
     <span class='ocr_line' id='line_1_39' title="bbox 195 2330 870 2368; baseline 0.007 -7"><span class='ocrx_word' id='word_1_195' title='bbox 195 2330 295 2361; x_wconf 89' lang='lat' dir='ltr'>cudes</span> <span class='ocrx_word' id='word_1_196' title='bbox 324 2331 472 2365; x_wconf 82' lang='lat' dir='ltr'>vallibus.</span> <span class='ocrx_word' id='word_1_197' title='bbox 504 2333 619 2368; x_wconf 77' lang='lat' dir='ltr'>Ascra,</span> <span class='ocrx_word' id='word_1_198' title='bbox 650 2332 749 2364; x_wconf 85' lang='lat' dir='ltr'>tuis.¹&#39;</span> <span class='ocrx_word' id='word_1_199' title='bbox 796 2334 870 2366; x_wconf 88' lang='lat' dir='ltr'>Fuit</span> 
     </span>
     <span class='ocr_line' id='line_1_40' title="bbox 196 2381 868 2419; baseline 0.007 -8"><span class='ocrx_word' id='word_1_200' title='bbox 196 2386 303 2411; x_wconf 86' lang='lat' dir='ltr'>autem</span> <span class='ocrx_word' id='word_1_201' title='bbox 318 2382 412 2411; x_wconf 80' lang='lat' dir='ltr'>Ascra</span> <span class='ocrx_word' id='word_1_202' title='bbox 424 2381 512 2412; x_wconf 85' lang='lat' dir='ltr'>vicus</span> <span class='ocrx_word' id='word_1_203' title='bbox 525 2382 673 2419; x_wconf 80' lang='lat' dir='ltr'>Boeotiae,</span> <span class='ocrx_word' id='word_1_204' title='bbox 686 2384 739 2414; x_wconf 86' lang='lat' dir='ltr'>ubi</span> <span class='ocrx_word' id='word_1_205' title='bbox 757 2384 868 2416; x_wconf 88' lang='lat' dir='ltr'>Hesio-</span> 
     </span>
     <span class='ocr_line' id='line_1_41' title="bbox 196 2429 870 2476; baseline 0.009 -16"><span class='ocrx_word' id='word_1_206' title='bbox 196 2429 266 2465; x_wconf 89' lang='lat' dir='ltr'>dus,</span> <span class='ocrx_word' id='word_1_207' title='bbox 298 2430 409 2461; x_wconf 86' lang='lat' dir='ltr'>Cumis</span> <span class='ocrx_word' id='word_1_208' title='bbox 444 2431 574 2466; x_wconf 82' lang='lat' dir='ltr'>relictis.</span> <span class='ocrx_word' id='word_1_209' title='bbox 604 2444 675 2464; x_wconf 84' lang='lat' dir='ltr'>cum</span> <span class='ocrx_word' id='word_1_210' title='bbox 710 2440 799 2476; x_wconf 82' lang='lat' dir='ltr'>patre</span> <span class='ocrx_word' id='word_1_211' title='bbox 837 2443 870 2466; x_wconf 86' lang='lat' dir='ltr'>et</span> 
     </span>
     <span class='ocr_line' id='line_1_42' title="bbox 195 2479 867 2526; baseline 0.009 -16"><span class='ocrx_word' id='word_1_212' title='bbox 195 2480 293 2511; x_wconf 84' lang='lat' dir='ltr'>Persa</span> <span class='ocrx_word' id='word_1_213' title='bbox 314 2479 407 2511; x_wconf 87' lang='lat' dir='ltr'>fratre</span> <span class='ocrx_word' id='word_1_214' title='bbox 425 2480 513 2516; x_wconf 84' lang='lat' dir='ltr'>vixit,</span> <span class='ocrx_word' id='word_1_215' title='bbox 532 2493 606 2523; x_wconf 84' lang='lat' dir='ltr'>agro</span> <span class='ocrx_word' id='word_1_216' title='bbox 624 2483 758 2514; x_wconf 88' lang='lat' dir='ltr'>colendo</span> <span class='ocrx_word' id='word_1_217' title='bbox 774 2495 867 2526; x_wconf 88' lang='lat' dir='ltr'>peco-</span> 
     </span>
     <span class='ocr_line' id='line_1_43' title="bbox 194 2529 765 2574; baseline 0.009 -14"><span class='ocrx_word' id='word_1_218' title='bbox 194 2529 344 2572; x_wconf 86' lang='lat' dir='ltr'>ribusque</span> <span class='ocrx_word' id='word_1_219' title='bbox 361 2529 516 2561; x_wconf 76' lang='lat' dir='ltr'>habendis</span> <span class='ocrx_word' id='word_1_220' title='bbox 531 2543 657 2574; x_wconf 83' lang='lat' dir='ltr'>operam</span> <span class='ocrx_word' id='word_1_221' title='bbox 673 2533 765 2564; x_wconf 89' lang='lat' dir='ltr'>dans.</span> 
     </span>
    </p>

    <p class='ocr_par' dir='ltr' id='par_1_13' title="bbox 194 2580 869 2823">
     <span class='ocr_line' id='line_1_44' title="bbox 242 2580 868 2624; baseline 0.008 -14"><span class='ocrx_word' id='word_1_222' title='bbox 242 2581 293 2611; x_wconf 88' lang='grc'>15.</span> <span class='ocrx_word' id='word_1_223' title='bbox 327 2580 427 2610; x_wconf 85' lang='lat' dir='ltr'>Erant</span> <span class='ocrx_word' id='word_1_224' title='bbox 457 2586 518 2611; x_wconf 82' lang='lat' dir='ltr'>tres</span> <span class='ocrx_word' id='word_1_225' title='bbox 547 2581 628 2617; x_wconf 84' lang='lat' dir='ltr'>deae,</span> <span class='ocrx_word' id='word_1_226' title='bbox 661 2594 732 2624; x_wconf 86' lang='lat' dir='ltr'>quae</span> <span class='ocrx_word' id='word_1_227' title='bbox 763 2594 868 2615; x_wconf 89' lang='lat' dir='ltr'>coram</span> 
     </span>
     <span class='ocr_line' id='line_1_45' title="bbox 196 2628 868 2672; baseline 0.007 -13"><span class='ocrx_word' id='word_1_228' title='bbox 196 2628 314 2660; x_wconf 90' lang='lat' dir='ltr'>Ovidio</span> <span class='ocrx_word' id='word_1_229' title='bbox 343 2639 472 2660; x_wconf 87' lang='lat' dir='ltr'>causam</span> <span class='ocrx_word' id='word_1_230' title='bbox 499 2631 648 2672; x_wconf 85' lang='lat' dir='ltr'>agebant,</span> <span class='ocrx_word' id='word_1_231' title='bbox 676 2638 710 2662; x_wconf 86' lang='lat' dir='ltr'>ut</span> <span class='ocrx_word' id='word_1_232' title='bbox 737 2633 868 2664; x_wconf 89' lang='lat' dir='ltr'>totidem</span> 
     </span>
     <span class='ocr_line' id='line_1_46' title="bbox 196 2677 867 2724; baseline 0.009 -16"><span class='ocrx_word' id='word_1_233' title='bbox 196 2677 357 2718; x_wconf 88' lang='lat' dir='ltr'>quondam</span> <span class='ocrx_word' id='word_1_234' title='bbox 373 2689 477 2709; x_wconf 90' lang='lat' dir='ltr'>coram</span> <span class='ocrx_word' id='word_1_235' title='bbox 489 2679 606 2710; x_wconf 87' lang='lat' dir='ltr'>Paride</span> <span class='ocrx_word' id='word_1_236' title='bbox 619 2688 760 2722; x_wconf 83' lang='lat' dir='ltr'>egerant,</span> <span class='ocrx_word' id='word_1_237' title='bbox 772 2688 867 2724; x_wconf 87' lang='lat' dir='ltr'>atque</span> 
     </span>
     <span class='ocr_line' id='line_1_47' title="bbox 195 2727 869 2763; baseline 0.009 -6"><span class='ocrx_word' id='word_1_238' title='bbox 195 2738 233 2758; x_wconf 88' lang='lat' dir='ltr'>ex</span> <span class='ocrx_word' id='word_1_239' title='bbox 264 2727 313 2758; x_wconf 86' lang='lat' dir='ltr'>his</span> <span class='ocrx_word' id='word_1_240' title='bbox 341 2727 451 2759; x_wconf 88' lang='lat' dir='ltr'>iisdem</span> <span class='ocrx_word' id='word_1_241' title='bbox 481 2739 546 2760; x_wconf 81' lang='lat' dir='ltr'>una</span> <span class='ocrx_word' id='word_1_242' title='bbox 575 2736 607 2761; x_wconf 81' lang='lat' dir='ltr'>et</span> <span class='ocrx_word' id='word_1_243' title='bbox 638 2741 720 2762; x_wconf 90' lang='lat' dir='ltr'>nunc</span> <span class='ocrx_word' id='word_1_244' title='bbox 749 2732 869 2763; x_wconf 85' lang='lat' dir='ltr'>aderat.</span> 
     </span>
     <span class='ocr_line' id='line_1_48' title="bbox 194 2777 868 2823; baseline 0.006 -14"><span class='ocrx_word' id='word_1_245' title='bbox 194 2777 281 2809; x_wconf 88' lang='lat' dir='ltr'>Juno</span> <span class='ocrx_word' id='word_1_246' title='bbox 302 2777 398 2815; x_wconf 86' lang='lat' dir='ltr'>enim,</span> <span class='ocrx_word' id='word_1_247' title='bbox 414 2779 563 2810; x_wconf 85' lang='lat' dir='ltr'>Minerva</span> <span class='ocrx_word' id='word_1_248' title='bbox 582 2785 613 2810; x_wconf 88' lang='lat' dir='ltr'>et</span> <span class='ocrx_word' id='word_1_249' title='bbox 631 2780 752 2817; x_wconf 83' lang='lat' dir='ltr'>Venus,</span> <span class='ocrx_word' id='word_1_250' title='bbox 770 2792 868 2823; x_wconf 87' lang='lat' dir='ltr'>quum</span> 
     </span>
    </p>
   </div>
   <div class='ocr_carea' id='block_1_11' title="bbox 927 1039 1619 2826">
    <p class='ocr_par' dir='ltr' id='par_1_14' title="bbox 927 1039 1619 2826">
     <span class='ocr_line' id='line_1_49' title="bbox 943 1039 1614 1082; baseline -0.001 -11"><span class='ocrx_word' id='word_1_251' title='bbox 943 1041 972 1071; x_wconf 83' lang='lat' dir='ltr'>iu</span> <span class='ocrx_word' id='word_1_252' title='bbox 989 1041 1133 1072; x_wconf 84' lang='lat' dir='ltr'>convivio</span> <span class='ocrx_word' id='word_1_253' title='bbox 1145 1039 1291 1071; x_wconf 81' lang='lat' dir='ltr'>Thetidis</span> <span class='ocrx_word' id='word_1_254' title='bbox 1310 1046 1342 1071; x_wconf 85' lang='lat' dir='ltr'>et</span> <span class='ocrx_word' id='word_1_255' title='bbox 1361 1039 1450 1070; x_wconf 90' lang='lat' dir='ltr'>Pelei</span> <span class='ocrx_word' id='word_1_256' title='bbox 1467 1039 1614 1082; x_wconf 83' lang='lat' dir='ltr'>nuptiali,</span> 
     </span>
     <span class='ocr_line' id='line_1_50' title="bbox 942 1088 1618 1131; baseline 0 -11"><span class='ocrx_word' id='word_1_257' title='bbox 942 1090 1081 1121; x_wconf 83' lang='lat' dir='ltr'>immisso</span> <span class='ocrx_word' id='word_1_258' title='bbox 1113 1091 1153 1121; x_wconf 88' lang='lat' dir='ltr'>ab</span> <span class='ocrx_word' id='word_1_259' title='bbox 1183 1090 1278 1121; x_wconf 82' lang='lat' dir='ltr'>Eride</span> <span class='ocrx_word' id='word_1_260' title='bbox 1308 1100 1413 1131; x_wconf 85' lang='lat' dir='ltr'>pomo,</span> <span class='ocrx_word' id='word_1_261' title='bbox 1443 1089 1483 1120; x_wconf 92' lang='lat' dir='ltr'>de</span> <span class='ocrx_word' id='word_1_262' title='bbox 1519 1088 1618 1120; x_wconf 84' lang='lat' dir='ltr'>forma</span> 
     </span>
     <span class='ocr_line' id='line_1_51' title="bbox 942 1138 1617 1180; baseline 0 -10"><span class='ocrx_word' id='word_1_263' title='bbox 942 1145 1174 1175; x_wconf 88' lang='lat' dir='ltr'>concertarent,</span> <span class='ocrx_word' id='word_1_264' title='bbox 1214 1150 1232 1170; x_wconf 89' lang='lat' dir='ltr'>a</span> <span class='ocrx_word' id='word_1_265' title='bbox 1277 1138 1448 1175; x_wconf 85' lang='lat' dir='ltr'>Mercurio,</span> <span class='ocrx_word' id='word_1_266' title='bbox 1482 1139 1617 1180; x_wconf 84' lang='lat' dir='ltr'>jubente</span> 
     </span>
     <span class='ocr_line' id='line_1_52' title="bbox 941 1188 1618 1225; baseline -0.003 -4"><span class='ocrx_word' id='word_1_267' title='bbox 941 1191 1032 1225; x_wconf 73' lang='lat' dir='ltr'>Jove,</span> <span class='ocrx_word' id='word_1_268' title='bbox 1049 1190 1081 1220; x_wconf 89' lang='lat' dir='ltr'>in</span> <span class='ocrx_word' id='word_1_269' title='bbox 1105 1189 1193 1220; x_wconf 81' lang='lat' dir='ltr'>Idam</span> <span class='ocrx_word' id='word_1_270' title='bbox 1215 1195 1354 1220; x_wconf 86' lang='lat' dir='ltr'>montem</span> <span class='ocrx_word' id='word_1_271' title='bbox 1376 1188 1523 1220; x_wconf 87' lang='lat' dir='ltr'>deductae</span> <span class='ocrx_word' id='word_1_272' title='bbox 1544 1194 1618 1219; x_wconf 91' lang='lat' dir='ltr'>sunt</span> 
     </span>
     <span class='ocr_line' id='line_1_53' title="bbox 941 1238 1618 1281; baseline 0 -11"><span class='ocrx_word' id='word_1_273' title='bbox 941 1240 981 1270; x_wconf 88' lang='lat' dir='ltr'>ad</span> <span class='ocrx_word' id='word_1_274' title='bbox 1007 1239 1170 1276; x_wconf 84' lang='lat' dir='ltr'>Paridem,</span> <span class='ocrx_word' id='word_1_275' title='bbox 1202 1240 1321 1270; x_wconf 79' lang='lat' dir='ltr'>Priami</span> <span class='ocrx_word' id='word_1_276' title='bbox 1346 1239 1458 1275; x_wconf 82' lang='lat' dir='ltr'>filium,</span> <span class='ocrx_word' id='word_1_277' title='bbox 1482 1238 1536 1281; x_wconf 92' lang='lat' dir='ltr'>qui</span> <span class='ocrx_word' id='word_1_278' title='bbox 1564 1249 1618 1270; x_wconf 83' lang='lat' dir='ltr'>eas</span> 
     </span>
     <span class='ocr_line' id='line_1_54' title="bbox 941 1289 1617 1332; baseline 0 -12"><span class='ocrx_word' id='word_1_279' title='bbox 941 1291 1105 1332; x_wconf 55' lang='lat' dir='ltr'>conferret,</span> <span class='ocrx_word' id='word_1_280' title='bbox 1137 1297 1169 1321; x_wconf 90' lang='lat' dir='ltr'>et</span> <span class='ocrx_word' id='word_1_281' title='bbox 1198 1289 1273 1321; x_wconf 88' lang='lat' dir='ltr'>inde</span> <span class='ocrx_word' id='word_1_282' title='bbox 1308 1289 1347 1320; x_wconf 87' lang='lat' dir='ltr'>de</span> <span class='ocrx_word' id='word_1_283' title='bbox 1381 1289 1617 1331; x_wconf 84' lang='lat' dir='ltr'>pulchritudine</span> 
     </span>
     <span class='ocr_line' id='line_1_55' title="bbox 942 1338 1618 1381; baseline -0.001 -11"><span class='ocrx_word' id='word_1_284' title='bbox 942 1351 1050 1370; x_wconf 79' lang='lat' dir='ltr'>earum</span> <span class='ocrx_word' id='word_1_285' title='bbox 1072 1339 1315 1381; x_wconf 81' lang='lat' dir='ltr'>pronuntiaret3</span> <span class='ocrx_word' id='word_1_286' title='bbox 1342 1339 1501 1380; x_wconf 80' lang='lat' dir='ltr'>HyginuS‚</span> <span class='ocrx_word' id='word_1_287' title='bbox 1518 1338 1618 1370; x_wconf 83' lang='lat' dir='ltr'>fabul.</span> 
     </span>
     <span class='ocr_line' id='line_1_56' title="bbox 941 1387 1619 1427; baseline 0 -8"><span class='ocrx_word' id='word_1_288' title='bbox 941 1390 1003 1427; x_wconf 83' lang='lat'>92;</span> <span class='ocrx_word' id='word_1_289' title='bbox 1029 1389 1191 1420; x_wconf 86' lang='lat' dir='ltr'>Lucianus</span> <span class='ocrx_word' id='word_1_290' title='bbox 1215 1388 1347 1419; x_wconf 92' lang='lat' dir='ltr'>deorum</span> <span class='ocrx_word' id='word_1_291' title='bbox 1370 1388 1479 1420; x_wconf 84' lang='lat' dir='ltr'>Judic.</span> <span class='ocrx_word' id='word_1_292' title='bbox 1494 1394 1570 1419; x_wconf 89' lang='lat' dir='ltr'>tom.</span> <span class='ocrx_word' id='word_1_293' title='bbox 1585 1387 1619 1419; x_wconf 86' lang='lat' dir='ltr'>ii.</span> 
     </span>
     <span class='ocr_line' id='line_1_57' title="bbox 941 1437 1617 1481; baseline -0.001 -11"><span class='ocrx_word' id='word_1_294' title='bbox 941 1450 971 1480; x_wconf 87' lang='lat' dir='ltr'>p.</span> <span class='ocrx_word' id='word_1_295' title='bbox 988 1439 1041 1470; x_wconf 88' lang='lat'>20.</span> <span class='ocrx_word' id='word_1_296' title='bbox 1087 1438 1268 1470; x_wconf 88' lang='lat' dir='ltr'>Secundum</span> <span class='ocrx_word' id='word_1_297' title='bbox 1286 1438 1383 1474; x_wconf 85' lang='lat' dir='ltr'>hunc,</span> <span class='ocrx_word' id='word_1_298' title='bbox 1395 1437 1554 1481; x_wconf 87' lang='lat' dir='ltr'>judicium</span> <span class='ocrx_word' id='word_1_299' title='bbox 1570 1438 1617 1469; x_wconf 86' lang='lat' dir='ltr'>la-</span> 
     </span>
     <span class='ocr_line' id='line_1_58' title="bbox 942 1487 1617 1530; baseline 0 -11"><span class='ocrx_word' id='word_1_300' title='bbox 942 1494 1008 1520; x_wconf 89' lang='lat' dir='ltr'>tum</span> <span class='ocrx_word' id='word_1_301' title='bbox 1026 1495 1073 1520; x_wconf 83' lang='lat' dir='ltr'>est</span> <span class='ocrx_word' id='word_1_302' title='bbox 1087 1489 1119 1520; x_wconf 90' lang='lat' dir='ltr'>in</span> <span class='ocrx_word' id='word_1_303' title='bbox 1137 1490 1292 1530; x_wconf 86' lang='lat' dir='ltr'>Gargaro,</span> <span class='ocrx_word' id='word_1_304' title='bbox 1308 1488 1376 1519; x_wconf 83' lang='lat' dir='ltr'>Idae</span> <span class='ocrx_word' id='word_1_305' title='bbox 1393 1487 1524 1520; x_wconf 83' lang='lat' dir='ltr'>vertice.</span> <span class='ocrx_word' id='word_1_306' title='bbox 1553 1488 1617 1520; x_wconf 91' lang='lat' dir='ltr'>Sed</span> 
     </span>
     <span class='ocr_line' id='line_1_59' title="bbox 941 1538 1618 1582; baseline 0.001 -13"><span class='ocrx_word' id='word_1_307' title='bbox 941 1539 1057 1570; x_wconf 69' lang='lat' dir='ltr'>Noster</span> <span class='ocrx_word' id='word_1_308' title='bbox 1089 1545 1219 1570; x_wconf 89' lang='lat' dir='ltr'>secutus</span> <span class='ocrx_word' id='word_1_309' title='bbox 1253 1544 1301 1570; x_wconf 88' lang='lat' dir='ltr'>est</span> <span class='ocrx_word' id='word_1_310' title='bbox 1332 1538 1476 1581; x_wconf 88' lang='lat' dir='ltr'>Euripid.</span> <span class='ocrx_word' id='word_1_311' title='bbox 1514 1538 1618 1582; x_wconf 82' lang='lat' dir='ltr'>Iphig.</span> 
     </span>
     <span class='ocr_line' id='line_1_60' title="bbox 940 1588 1616 1621; baseline 0 -1"><span class='ocrx_word' id='word_1_312' title='bbox 940 1589 1051 1621; x_wconf 84' lang='lat' dir='ltr'>Aulid.</span> <span class='ocrx_word' id='word_1_313' title='bbox 1066 1590 1160 1620; x_wconf 79' lang='lat'>1294.</span> <span class='ocrx_word' id='word_1_314' title='bbox 1173 1589 1227 1620; x_wconf 88' lang='lat' dir='ltr'>ubi</span> <span class='ocrx_word' id='word_1_315' title='bbox 1244 1590 1334 1620; x_wconf 88' lang='lat' dir='ltr'>locus</span> <span class='ocrx_word' id='word_1_316' title='bbox 1350 1588 1396 1620; x_wconf 89' lang='lat' dir='ltr'>sic</span> <span class='ocrx_word' id='word_1_317' title='bbox 1409 1588 1616 1620; x_wconf 88' lang='lat' dir='ltr'>describitur:</span> 
     </span>
     <span class='ocr_line' id='line_1_61' title="bbox 940 1638 1618 1681; baseline -0.001 -11"><span class='ocrx_word' id='word_1_318' title='bbox 940 1639 980 1670; x_wconf 87' lang='lat' dir='ltr'>ad</span> <span class='ocrx_word' id='word_1_319' title='bbox 1005 1650 1106 1681; x_wconf 84' lang='lat' dir='ltr'>aquas</span> <span class='ocrx_word' id='word_1_320' title='bbox 1130 1639 1292 1681; x_wconf 90' lang='lat' dir='ltr'>limpidas,</span> <span class='ocrx_word' id='word_1_321' title='bbox 1313 1639 1368 1670; x_wconf 91' lang='lat' dir='ltr'>ubi</span> <span class='ocrx_word' id='word_1_322' title='bbox 1392 1638 1493 1670; x_wconf 85' lang='lat' dir='ltr'>fontes</span> <span class='ocrx_word' id='word_1_323' title='bbox 1516 1640 1618 1681; x_wconf 86' lang='lat' dir='ltr'>Nym-</span> 
     </span>
     <span class='ocr_line' id='line_1_62' title="bbox 939 1687 1617 1731; baseline 0 -12"><span class='ocrx_word' id='word_1_324' title='bbox 939 1688 1074 1731; x_wconf 87' lang='lat' dir='ltr'>pharum</span> <span class='ocrx_word' id='word_1_325' title='bbox 1095 1694 1128 1719; x_wconf 87' lang='lat' dir='ltr'>et</span> <span class='ocrx_word' id='word_1_326' title='bbox 1142 1694 1268 1730; x_wconf 84' lang='lat' dir='ltr'>pratum</span> <span class='ocrx_word' id='word_1_327' title='bbox 1290 1687 1449 1719; x_wconf 84' lang='lat' dir='ltr'>floridum.</span> <span class='ocrx_word' id='word_1_328' title='bbox 1495 1689 1617 1726; x_wconf 86' lang='lat' dir='ltr'>Quam-</span> 
     </span>
     <span class='ocr_line' id='line_1_63' title="bbox 940 1738 1615 1780; baseline -0.001 -10"><span class='ocrx_word' id='word_1_329' title='bbox 940 1749 1037 1780; x_wconf 87' lang='lat' dir='ltr'>quam</span> <span class='ocrx_word' id='word_1_330' title='bbox 1055 1739 1139 1769; x_wconf 88' lang='lat' dir='ltr'>idem</span> <span class='ocrx_word' id='word_1_331' title='bbox 1160 1738 1234 1770; x_wconf 89' lang='lat' dir='ltr'>Hel.</span> <span class='ocrx_word' id='word_1_332' title='bbox 1251 1739 1306 1769; x_wconf 89' lang='lat'>23.</span> <span class='ocrx_word' id='word_1_333' title='bbox 1325 1738 1450 1769; x_wconf 85' lang='lat' dir='ltr'>Idaeum</span> <span class='ocrx_word' id='word_1_334' title='bbox 1470 1748 1615 1780; x_wconf 85' lang='lat' dir='ltr'>specum,</span> 
     </span>
     <span class='ocr_line' id='line_1_64' title="bbox 940 1786 1615 1830; baseline 0 -10"><span class='ocrx_word' id='word_1_335' title='bbox 940 1786 1066 1820; x_wconf 78' lang='grc' dir='ltr'>Ἰδαῖον</span> <span class='ocrx_word' id='word_1_336' title='bbox 1093 1789 1277 1830; x_wconf 81' lang='grc' dir='ltr'>κευθμῶνα,</span> <span class='ocrx_word' id='word_1_337' title='bbox 1300 1794 1334 1819; x_wconf 90' lang='lat' dir='ltr'>et</span> <span class='ocrx_word' id='word_1_338' title='bbox 1361 1787 1516 1819; x_wconf 87' lang='lat' dir='ltr'>Androm.</span> <span class='ocrx_word' id='word_1_339' title='bbox 1537 1788 1615 1820; x_wconf 84' lang='lat'>274.</span> 
     </span>
     <span class='ocr_line' id='line_1_65' title="bbox 940 1837 1616 1875; baseline 0.001 -6"><span class='ocrx_word' id='word_1_340' title='bbox 940 1838 1063 1869; x_wconf 88' lang='lat' dir='ltr'>Idaeum</span> <span class='ocrx_word' id='word_1_341' title='bbox 1089 1849 1213 1875; x_wconf 89' lang='lat' dir='ltr'>nemus,</span> <span class='ocrx_word' id='word_1_342' title='bbox 1236 1837 1366 1870; x_wconf 83' lang='grc' dir='ltr'>Ἰὂαῖαν</span> <span class='ocrx_word' id='word_1_343' title='bbox 1391 1837 1522 1875; x_wconf 85' lang='grc' dir='ltr'>νάπαν,</span> <span class='ocrx_word' id='word_1_344' title='bbox 1547 1848 1616 1870; x_wconf 85' lang='lat' dir='ltr'>me-</span> 
     </span>
     <span class='ocr_line' id='line_1_66' title="bbox 940 1887 1618 1919; baseline -0.001 0"><span class='ocrx_word' id='word_1_345' title='bbox 940 1895 1051 1919; x_wconf 91' lang='lat' dir='ltr'>morat.</span> <span class='ocrx_word' id='word_1_346' title='bbox 1100 1889 1219 1919; x_wconf 89' lang='lat' dir='ltr'>Locum</span> <span class='ocrx_word' id='word_1_347' title='bbox 1250 1887 1341 1919; x_wconf 88' lang='lat' dir='ltr'>illum</span> <span class='ocrx_word' id='word_1_348' title='bbox 1371 1887 1445 1919; x_wconf 87' lang='lat' dir='ltr'>inde</span> <span class='ocrx_word' id='word_1_349' title='bbox 1474 1887 1618 1919; x_wconf 82' lang='lat' dir='ltr'>Alexan-</span> 
     </span>
     <span class='ocr_line' id='line_1_67' title="bbox 941 1937 1618 1974; baseline 0.001 -6"><span class='ocrx_word' id='word_1_350' title='bbox 941 1937 1042 1969; x_wconf 89' lang='lat' dir='ltr'>driam</span> <span class='ocrx_word' id='word_1_351' title='bbox 1069 1937 1191 1969; x_wconf 68' lang='lat' dir='ltr'>dictum</span> <span class='ocrx_word' id='word_1_352' title='bbox 1217 1948 1299 1974; x_wconf 87' lang='lat' dir='ltr'>esse,</span> <span class='ocrx_word' id='word_1_353' title='bbox 1323 1937 1436 1968; x_wconf 86' lang='lat' dir='ltr'>Strabo</span> <span class='ocrx_word' id='word_1_354' title='bbox 1460 1943 1492 1968; x_wconf 88' lang='lat' dir='ltr'>et</span> <span class='ocrx_word' id='word_1_355' title='bbox 1515 1948 1554 1968; x_wconf 88' lang='lat' dir='ltr'>ex</span> <span class='ocrx_word' id='word_1_356' title='bbox 1579 1947 1618 1969; x_wconf 89' lang='lat' dir='ltr'>eo</span> 
     </span>
     <span class='ocr_line' id='line_1_68' title="bbox 940 1987 1618 2033; baseline 0.001 -15"><span class='ocrx_word' id='word_1_357' title='bbox 940 1988 1120 2030; x_wconf 78' lang='lat' dir='ltr'>Stephanus</span> <span class='ocrx_word' id='word_1_358' title='bbox 1135 1987 1334 2030; x_wconf 87' lang='lat' dir='ltr'>Byzantinus</span> <span class='ocrx_word' id='word_1_359' title='bbox 1357 1994 1453 2030; x_wconf 83' lang='lat' dir='ltr'>atque</span> <span class='ocrx_word' id='word_1_360' title='bbox 1473 1987 1529 2033; x_wconf 78' lang='lat' dir='ltr'>alii</span> <span class='ocrx_word' id='word_1_361' title='bbox 1546 1998 1618 2020; x_wconf 83' lang='lat' dir='ltr'>nar-</span> 
     </span>
     <span class='ocr_line' id='line_1_69' title="bbox 940 2037 1616 2076; baseline 0.003 -8"><span class='ocrx_word' id='word_1_362' title='bbox 940 2044 1070 2076; x_wconf 84' lang='lat' dir='ltr'>rarunt3</span> <span class='ocrx_word' id='word_1_363' title='bbox 1099 2037 1172 2069; x_wconf 86' lang='lat' dir='ltr'>vide</span> <span class='ocrx_word' id='word_1_364' title='bbox 1202 2037 1387 2069; x_wconf 85' lang='lat' dir='ltr'>Hemsterh.</span> <span class='ocrx_word' id='word_1_365' title='bbox 1413 2037 1453 2068; x_wconf 93' lang='lat' dir='ltr'>ad</span> <span class='ocrx_word' id='word_1_366' title='bbox 1481 2037 1616 2070; x_wconf 88' lang='lat' dir='ltr'>Luciani</span> 
     </span>
     <span class='ocr_line' id='line_1_70' title="bbox 940 2087 1619 2119; baseline 0.001 -1"><span class='ocrx_word' id='word_1_367' title='bbox 940 2087 1061 2119; x_wconf 85' lang='lat' dir='ltr'>dictum</span> <span class='ocrx_word' id='word_1_368' title='bbox 1072 2088 1188 2119; x_wconf 88' lang='lat' dir='ltr'>locum.</span> <span class='ocrx_word' id='word_1_369' title='bbox 1213 2088 1374 2119; x_wconf 88' lang='lat' dir='ltr'>Caeterum</span> <span class='ocrx_word' id='word_1_370' title='bbox 1389 2089 1521 2119; x_wconf 76' lang='lat' dir='ltr'>contulit</span> <span class='ocrx_word' id='word_1_371' title='bbox 1534 2089 1619 2119; x_wconf 90' lang='lat' dir='ltr'>Len-</span> 
     </span>
     <span class='ocr_line' id='line_1_71' title="bbox 940 2137 1617 2179; baseline 0.003 -12"><span class='ocrx_word' id='word_1_372' title='bbox 940 2137 1006 2168; x_wconf 82' lang='lat' dir='ltr'>zius</span> <span class='ocrx_word' id='word_1_373' title='bbox 1029 2137 1181 2179; x_wconf 84' lang='lat' dir='ltr'>explicat,</span> <span class='ocrx_word' id='word_1_374' title='bbox 1200 2148 1271 2179; x_wconf 89' lang='lat' dir='ltr'>quae</span> <span class='ocrx_word' id='word_1_375' title='bbox 1296 2148 1329 2168; x_wconf 87' lang='lat' dir='ltr'>se</span> <span class='ocrx_word' id='word_1_376' title='bbox 1353 2137 1445 2168; x_wconf 90' lang='lat' dir='ltr'>simul</span> <span class='ocrx_word' id='word_1_377' title='bbox 1471 2137 1617 2169; x_wconf 83' lang='lat' dir='ltr'>contule-</span> 
     </span>
     <span class='ocr_line' id='line_1_72' title="bbox 939 2186 1617 2230; baseline 0.001 -13"><span class='ocrx_word' id='word_1_378' title='bbox 939 2193 1012 2218; x_wconf 80' lang='lat' dir='ltr'>runt</span> <span class='ocrx_word' id='word_1_379' title='bbox 1043 2186 1084 2218; x_wconf 89' lang='lat' dir='ltr'>ad</span> <span class='ocrx_word' id='word_1_380' title='bbox 1115 2187 1278 2218; x_wconf 88' lang='lat' dir='ltr'>Paridem.</span> <span class='ocrx_word' id='word_1_381' title='bbox 1331 2187 1435 2219; x_wconf 91' lang='lat' dir='ltr'>Immo</span> <span class='ocrx_word' id='word_1_382' title='bbox 1458 2186 1617 2230; x_wconf 89' lang='lat' dir='ltr'>judicium</span> 
     </span>
     <span class='ocr_line' id='line_1_73' title="bbox 939 2236 1616 2280; baseline 0.003 -14"><span class='ocrx_word' id='word_1_383' title='bbox 939 2236 1065 2267; x_wconf 85' lang='lat' dir='ltr'>Paridis</span> <span class='ocrx_word' id='word_1_384' title='bbox 1081 2247 1137 2279; x_wconf 83' lang='lat' dir='ltr'>per</span> <span class='ocrx_word' id='word_1_385' title='bbox 1160 2236 1356 2268; x_wconf 87' lang='lat' dir='ltr'>antecedens</span> <span class='ocrx_word' id='word_1_386' title='bbox 1371 2237 1403 2268; x_wconf 93' lang='lat' dir='ltr'>h.</span> <span class='ocrx_word' id='word_1_387' title='bbox 1419 2249 1452 2268; x_wconf 88' lang='lat' dir='ltr'>v.</span> <span class='ocrx_word' id='word_1_388' title='bbox 1468 2236 1616 2280; x_wconf 86' lang='lat' dir='ltr'>exprimi-</span> 
     </span>
     <span class='ocr_line' id='line_1_74' title="bbox 939 2286 1613 2328; baseline 0.003 -11"><span class='ocrx_word' id='word_1_389' title='bbox 939 2292 1001 2317; x_wconf 88' lang='lat' dir='ltr'>tur.</span> <span class='ocrx_word' id='word_1_390' title='bbox 1049 2286 1113 2324; x_wconf 85' lang='lat' dir='ltr'>Qui</span> <span class='ocrx_word' id='word_1_391' title='bbox 1132 2286 1278 2328; x_wconf 89' lang='lat' dir='ltr'>judicare</span> <span class='ocrx_word' id='word_1_392' title='bbox 1302 2287 1381 2324; x_wconf 90' lang='lat' dir='ltr'>vult,</span> <span class='ocrx_word' id='word_1_393' title='bbox 1397 2287 1423 2318; x_wconf 90' lang='lat' dir='ltr'>is</span> <span class='ocrx_word' id='word_1_394' title='bbox 1447 2294 1522 2319; x_wconf 87' lang='lat' dir='ltr'>ante</span> <span class='ocrx_word' id='word_1_395' title='bbox 1545 2298 1613 2319; x_wconf 84' lang='lat' dir='ltr'>eon-</span> 
     </span>
     <span class='ocr_line' id='line_1_75' title="bbox 927 2336 1616 2379; baseline 0.007 -14"><span class='ocrx_word' id='word_1_396' title='bbox 927 2337 1020 2378; x_wconf 79' lang='lat' dir='ltr'>ferre</span> <span class='ocrx_word' id='word_1_397' title='bbox 1044 2347 1104 2373; x_wconf 81' lang='lat' dir='ltr'>res,</span> <span class='ocrx_word' id='word_1_398' title='bbox 1128 2336 1210 2367; x_wconf 83' lang='lat' dir='ltr'>inter</span> <span class='ocrx_word' id='word_1_399' title='bbox 1235 2348 1268 2368; x_wconf 87' lang='lat' dir='ltr'>se</span> <span class='ocrx_word' id='word_1_400' title='bbox 1293 2348 1485 2379; x_wconf 84' lang='lat' dir='ltr'>comparare,</span> <span class='ocrx_word' id='word_1_401' title='bbox 1510 2337 1616 2370; x_wconf 83' lang='lat' dir='ltr'>debet.</span> 
     </span>
     <span class='ocr_line' id='line_1_76' title="bbox 938 2385 1617 2427; baseline 0.001 -10"><span class='ocrx_word' id='word_1_402' title='bbox 938 2386 989 2417; x_wconf 92' lang='lat' dir='ltr'>De</span> <span class='ocrx_word' id='word_1_403' title='bbox 1004 2385 1060 2416; x_wconf 69' lang='lat' dir='ltr'>Ida</span> <span class='ocrx_word' id='word_1_404' title='bbox 1075 2397 1186 2427; x_wconf 79' lang='lat' dir='ltr'>aquosa</span> <span class='ocrx_word' id='word_1_405' title='bbox 1200 2386 1272 2417; x_wconf 89' lang='lat' dir='ltr'>vide</span> <span class='ocrx_word' id='word_1_406' title='bbox 1286 2386 1326 2417; x_wconf 94' lang='lat' dir='ltr'>ad</span> <span class='ocrx_word' id='word_1_407' title='bbox 1341 2387 1478 2418; x_wconf 87' lang='lat' dir='ltr'>Metam.</span> <span class='ocrx_word' id='word_1_408' title='bbox 1492 2387 1527 2418; x_wconf 92' lang='lat' dir='ltr'>ii.</span> <span class='ocrx_word' id='word_1_409' title='bbox 1539 2388 1617 2425; x_wconf 77' lang='lat'>218,</span> 
     </span>
     <span class='ocr_line' id='line_1_77' title="bbox 941 2435 1616 2479; baseline 0.003 -14"><span class='ocrx_word' id='word_1_410' title='bbox 941 2436 1016 2470; x_wconf 74' lang='lat' dir='ltr'>Quae</span> <span class='ocrx_word' id='word_1_411' title='bbox 1041 2442 1112 2472; x_wconf 85' lang='lat' dir='ltr'>stat,</span> <span class='ocrx_word' id='word_1_412' title='bbox 1134 2435 1245 2466; x_wconf 85' lang='lat' dir='ltr'>similis</span> <span class='ocrx_word' id='word_1_413' title='bbox 1268 2441 1382 2466; x_wconf 85' lang='lat' dir='ltr'>statuae</span> <span class='ocrx_word' id='word_1_414' title='bbox 1405 2435 1438 2466; x_wconf 84' lang='lat' dir='ltr'>in</span> <span class='ocrx_word' id='word_1_415' title='bbox 1457 2435 1616 2479; x_wconf 83' lang='lat' dir='ltr'>Capitolio</span> 
     </span>
     <span class='ocr_line' id='line_1_78' title="bbox 938 2485 1615 2518; baseline 0.001 -2"><span class='ocrx_word' id='word_1_416' title='bbox 938 2485 1116 2516; x_wconf 85' lang='lat' dir='ltr'>collocatae.</span> <span class='ocrx_word' id='word_1_417' title='bbox 1165 2486 1286 2517; x_wconf 76' lang='lat' dir='ltr'>Horror</span> <span class='ocrx_word' id='word_1_418' title='bbox 1310 2486 1364 2516; x_wconf 90' lang='lat' dir='ltr'>ille</span> <span class='ocrx_word' id='word_1_419' title='bbox 1386 2496 1476 2517; x_wconf 85' lang='lat' dir='ltr'>sacer</span> <span class='ocrx_word' id='word_1_420' title='bbox 1496 2485 1615 2518; x_wconf 86' lang='lat' dir='ltr'>intelli-</span> 
     </span>
     <span class='ocr_line' id='line_1_79' title="bbox 939 2534 1615 2576; baseline 0.003 -11"><span class='ocrx_word' id='word_1_421' title='bbox 939 2534 1062 2576; x_wconf 86' lang='lat' dir='ltr'>gendus</span> <span class='ocrx_word' id='word_1_422' title='bbox 1078 2535 1132 2576; x_wconf 89' lang='lat' dir='ltr'>qui</span> <span class='ocrx_word' id='word_1_423' title='bbox 1150 2541 1182 2565; x_wconf 91' lang='lat' dir='ltr'>et</span> <span class='ocrx_word' id='word_1_424' title='bbox 1197 2534 1232 2566; x_wconf 90' lang='lat' dir='ltr'>ii.</span> <span class='ocrx_word' id='word_1_425' title='bbox 1249 2537 1326 2567; x_wconf 81' lang='lat'>502.</span> <span class='ocrx_word' id='word_1_426' title='bbox 1344 2535 1389 2566; x_wconf 89' lang='lat' dir='ltr'>iii.</span> <span class='ocrx_word' id='word_1_427' title='bbox 1403 2536 1464 2566; x_wconf 84' lang='lat'>331</span> <span class='ocrx_word' id='word_1_428' title='bbox 1479 2547 1488 2574; x_wconf 78' lang='lat'><em>3</em></span> <span class='ocrx_word' id='word_1_429' title='bbox 1510 2541 1543 2567; x_wconf 91' lang='lat' dir='ltr'>et</span> <span class='ocrx_word' id='word_1_430' title='bbox 1557 2535 1615 2567; x_wconf 90' lang='lat' dir='ltr'>de-</span> 
     </span>
     <span class='ocr_line' id='line_1_80' title="bbox 937 2585 1615 2627; baseline 0.001 -12"><span class='ocrx_word' id='word_1_431' title='bbox 937 2585 1086 2616; x_wconf 86' lang='lat' dir='ltr'>scribitur</span> <span class='ocrx_word' id='word_1_432' title='bbox 1099 2585 1120 2616; x_wconf 89' lang='lat' dir='ltr'>i.</span> <span class='ocrx_word' id='word_1_433' title='bbox 1135 2586 1189 2615; x_wconf 82' lang='lat'>92.</span> <span class='ocrx_word' id='word_1_434' title='bbox 1236 2587 1381 2616; x_wconf 81' lang='lat' dir='ltr'>Animum</span> <span class='ocrx_word' id='word_1_435' title='bbox 1397 2596 1511 2627; x_wconf 88' lang='lat' dir='ltr'>nempe</span> <span class='ocrx_word' id='word_1_436' title='bbox 1529 2585 1615 2617; x_wconf 84' lang='lat' dir='ltr'>timi-</span> 
     </span>
     <span class='ocr_line' id='line_1_81' title="bbox 938 2634 1614 2676; baseline 0.001 -11"><span class='ocrx_word' id='word_1_437' title='bbox 938 2634 1026 2670; x_wconf 89' lang='lat' dir='ltr'>dum,</span> <span class='ocrx_word' id='word_1_438' title='bbox 1045 2635 1219 2676; x_wconf 86' lang='lat' dir='ltr'>abjectum.</span> <span class='ocrx_word' id='word_1_439' title='bbox 1266 2636 1375 2667; x_wconf 80' lang='lat' dir='ltr'>Fateri</span> <span class='ocrx_word' id='word_1_440' title='bbox 1391 2634 1508 2666; x_wconf 89' lang='lat' dir='ltr'>dicitur</span> <span class='ocrx_word' id='word_1_441' title='bbox 1529 2634 1614 2672; x_wconf 80' lang='lat' dir='ltr'>etis,</span> 
     </span>
     <span class='ocr_line' id='line_1_82' title="bbox 937 2683 1612 2727; baseline 0.003 -13"><span class='ocrx_word' id='word_1_442' title='bbox 937 2683 991 2725; x_wconf 89' lang='lat' dir='ltr'>qui</span> <span class='ocrx_word' id='word_1_443' title='bbox 1002 2683 1122 2715; x_wconf 88' lang='lat' dir='ltr'>inscius</span> <span class='ocrx_word' id='word_1_444' title='bbox 1137 2690 1168 2715; x_wconf 89' lang='lat' dir='ltr'>et</span> <span class='ocrx_word' id='word_1_445' title='bbox 1183 2684 1300 2715; x_wconf 89' lang='lat' dir='ltr'>invitus</span> <span class='ocrx_word' id='word_1_446' title='bbox 1311 2685 1409 2726; x_wconf 83' lang='lat' dir='ltr'>signis</span> <span class='ocrx_word' id='word_1_447' title='bbox 1420 2684 1612 2727; x_wconf 87' lang='lat' dir='ltr'>quibusdam</span> 
     </span>
     <span class='ocr_line' id='line_1_83' title="bbox 938 2733 1609 2777; baseline 0.003 -13"><span class='ocrx_word' id='word_1_448' title='bbox 938 2733 1035 2764; x_wconf 86' lang='lat' dir='ltr'>animi</span> <span class='ocrx_word' id='word_1_449' title='bbox 1064 2740 1168 2765; x_wconf 91' lang='lat' dir='ltr'>motus</span> <span class='ocrx_word' id='word_1_450' title='bbox 1196 2735 1323 2777; x_wconf 86' lang='lat' dir='ltr'>prodit;</span> <span class='ocrx_word' id='word_1_451' title='bbox 1361 2736 1444 2766; x_wconf 84' lang='lat' dir='ltr'>Met.</span> <span class='ocrx_word' id='word_1_452' title='bbox 1475 2735 1518 2766; x_wconf 84' lang='lat' dir='ltr'>vi.</span> <span class='ocrx_word' id='word_1_453' title='bbox 1547 2736 1609 2766; x_wconf 88' lang='lat'>35:</span> 
     </span>
     <span class='ocr_line' id='line_1_84' title="bbox 937 2783 1611 2826; baseline 0.004 -13"><span class='ocrx_word' id='word_1_454' title='bbox 937 2784 1128 2826; x_wconf 57' lang='lat' dir='ltr'>confessaque</span> <span class='ocrx_word' id='word_1_455' title='bbox 1149 2786 1284 2815; x_wconf 69' lang='lat' dir='ltr'>vultibus</span> <span class='ocrx_word' id='word_1_456' title='bbox 1306 2786 1396 2815; x_wconf 81' lang='lat' dir='ltr'>iram.</span> <span class='ocrx_word' id='word_1_457' title='bbox 1443 2783 1611 2826; x_wconf 85' lang='lat' dir='ltr'>Ingeniose</span> 
     </span>
    </p>
   </div>
  </div>
 </body>
</html>
