1830 3220
254 211 312 253 56
661 211 712 251 Ρ.
747 209 964 252 OVIDII
999 209 1286 253 NASONIS

260 327 386 375 Haec
408 342 520 375 mea
536 326 713 374 militia
731 333 832 375 est:
854 326 1075 384 ferimus,
1089 343 1203 391 quae
1219 343 1507 391 possumus,
1521 343 1674 385 arma,

330 405 629 469 Dextraque
654 421 754 452 non
780 404 914 452 omni
941 421 1148 452 munere
1174 412 1345 452 nostra
1368 412 1528 454 vacat.
1615 409 1675 453 10

262 482 317 530 Si
342 483 465 531 mihi
491 499 591 530 non
616 483 781 530 valido
806 489 1105 546 torquentur
1131 482 1233 547 pila
1257 483 1462 539 lacerto,

327 561 438 609 Nec
463 561 722 609 bellatoris
747 567 890 624 terga
915 568 1212 625 premuntur
1236 561 1372 625 equi,

260 638 308 687 N
314 655 371 687 ec
398 638 542 701 galea
565 638 798 701 tegimur,
826 654 919 686 nec
947 645 1096 685 acuto
1122 638 1372 701 cingimur
1396 655 1548 698 ense3·

326 715 421 765 His
447 716 630 764 habilis
657 716 770 764 telis
798 716 1013 780 quilibet
1038 733 1151 764 esse
1179 725 1347 781 potest
1369 736 1379 774 ;

258 793 327 842 At
351 801 438 842 tua
456 795 808 859 prosequimur
834 794 1060 842 studioso
1081 802 1303 859 pectore,
1329 795 1519 852 Caesar,
1613 799 1672 844 15

328 872 563 929 Nomina,
592 888 681 936 per
705 872 877 919 titulos
904 872 1316 937 ingredimurque
1342 882 1472 921 tuos.

259 950 392 1014 Ergo
418 950 556 1008 adeS,
585 958 636 999 et
660 950 862 1014 placido
888 951 1097 1015 paulum
1119 968 1232 1000 mea
1256 968 1466 999 munera
1488 951 1629 999 vultu

326 1027 566 1093 Respice,
591 1029 821 1092 pacando
849 1029 890 1076 si
911 1030 1033 1093 quid
1060 1031 1123 1078 ab
1150 1030 1297 1078 hoste
1321 1046 1487 1078 vacas.

259 1105 492 1154 FEBRUA
522 1106 741 1154 Romani
766 1108 940 1156 dixere
966 1109 1188 1173 piamina
1212 1116 1410 1173 patres:

328 1184 477 1232 Nunc
503 1201 711 1249 quoque
736 1186 859 1233 dant
882 1187 1036 1234 verbo
1053 1180 1279 1251 *plurima
1303 1188 1449 1250 signa
1478 1187 1646 1235 fidem.

258 1263 534 1310 Pontifices
557 1264 620 1310 ab
643 1264 787 1326 Rege
809 1272 1006 1329 petunt,
1019 1273 1077 1314 ‚et
1097 1265 1323 1313 Flamine
1343 1266 1501 1322 lanas,
1607 1268 1666 1312 21

327 1341 451 1396 Quis
475 1343 628 1389 veteri
655 1342 827 1405 lingua
853 1343 1054 1392 Februa
1078 1360 1262 1392 nomen
1288 1350 1396 1392 erat
1420 1361 1429 1391 :

305 1500 356 1529 11.
385 1499 457 1529 Pila
473 1504 505 1530 et
521 1498 620 1529 hastae
643 1502 862 1541 torquebantur
884 1501 929 1532 la-

999 1501 1128 1543 quidam
1156 1501 1246 1536 ritus,
1278 1500 1394 1543 quibus
1421 1501 1564 1532 Deorum
1594 1500 1672 1532 ultio

257 1555 343 1580 certo
367 1548 515 1584 adducto,
540 1548 580 1579 ad
605 1549 690 1590 quod
713 1556 745 1580 et
760 1550 879 1581 viribus
899 1556 932 1581 et
1000 1562 1036 1583 ac
1058 1562 1154 1593 poena
1175 1551 1337 1586 avertitur,
1352 1550 1467 1592 quibus
1489 1551 1583 1593 ἄγος,
1599 1549 1671 1582 scil.

259 1604 326 1629 arte
351 1609 429 1640 opus
458 1604 545 1637 erat3
582 1599 664 1629 Met.
688 1599 755 1630 viii.
787 1601 828 1631 28
857 1611 929 1642 sqq.

258 1649 391 1685 Habilis,
415 1648 560 1679 idoneus.
609 1651 663 1685 At,
690 1656 807 1686 tamen,
829 1656 929 1682 certe.

258 1699 485 1740 Prosequinzur.
524 1699 637 1730 Douza
673 1706 762 1742 pater
794 1701 930 1737 volebat,

252 1751 480 1790 persequimur:
505 1750 571 1780 sine
596 1760 712 1788 causa3
738 1761 874 1792 namque
898 1756 930 1782 et

252 1801 389 1840 prosequi
401 1806 432 1830 et
444 1802 579 1840 persequi
592 1799 708 1830 dicitur
721 1801 774 1842 qui
788 1801 928 1842 singulas

254 1847 297 1879 rei
313 1855 419 1890 partes
433 1848 541 1879 ordine
560 1849 710 1890 explicat.
749 1849 883 1887 Plinius,
901 1851 927 1881 Ι.

254 1900 319 1941 Ep.
333 1899 400 1929 viii.
420 1900 452 1929 8.
477 1903 499 1916 “
521 1899 746 1930 munificentiae
774 1900 928 1931 rationem

255 1948 328 1979 stilo
351 1948 532 1989 prosequi.”
567 1947 652 1979 Vide
677 1954 709 1979 et
729 1948 768 1979 ad
792 1949 835 1980 iv.
851 1951 928 1981 724.

257 1998 401 2033 Nomina,
416 1997 539 2028 laudes.
590 1998 651 2028 Per
667 2000 772 2029 titulos
793 2001 928 2041 ingredi-

255 2058 338 2078 mur.
364 2047 448 2078 Vide
469 2047 508 2078 ad
530 2047 550 2078 i.
573 2048 620 2079 15.
669 2049 825 2080 Poctmdo.
862 2050 928 2080 Alii

253 2104 373 2138 pacato.
418 2097 606 2128 Taubnerus
631 2103 800 2140 utrumque
826 2099 927 2130 feren·

254 2147 329 2178 dum
345 2152 462 2178 censet.
498 2147 554 2182 At,
571 2146 596 2177 si
613 2147 718 2178 hostes
729 2148 795 2190 jam
810 2151 924 2188 pacati,

254 2197 353 2228 otium
369 2203 436 2227 erat
448 2196 651 2228 Germanico.

302 2247 438 2278 19—30.
466 2247 515 2277 Vis
532 2249 669 2278 vocabuli
686 2248 819 2280 Februo.
858 2249 926 2281 Res

252 2297 356 2328 tenuis
394 2302 426 2327 et
459 2297 580 2338 jejuna.
642 2298 761 2334 Patres,
792 2299 922 2341 priores,

253 2345 375 2388 antiqui
390 2357 395 2374 ε
421 2357 488 2376 ver.
507 2347 559 2378 30.
575 2350 636 2383 ari,
653 2353 684 2378 et
705 2349 758 2378 36.
776 2360 856 2379 senes
871 2360 926 2380 vo-

252 2400 378 2427 cantur.
439 2396 559 2426 Februa
596 2398 741 2428 diaerunt
777 2401 926 2438 piamina.

252 2446 354 2476 Varro
375 2446 414 2475 de
431 2445 522 2487 Ling.
540 2447 610 2478 Lat.
626 2458 658 2478 v.
672 2459 707 2488 p.
726 2448 766 2478 46
782 2461 788 2478 :
816 2453 835 2465 ‘⁴
851 2449 921 2480 Rex

253 2505 352 2537 quum
366 2495 458 2526 ferias
472 2502 649 2527 menstruas
662 2497 763 2528 Nonis
774 2498 798 2528 F
799 2498 922 2529 ebruar.

251 2544 362 2581 edicit,
379 2545 463 2576 hunc
478 2545 563 2576 diem
579 2545 755 2578 februatum
771 2547 922 2589 appellat.

252 2596 410 2628 Februum
431 2595 555 2626 Sabinis
576 2603 817 2638 purgamentum
836 2603 869 2628 et
889 2597 922 2628 in

252 2646 348 2677 sacris
358 2644 471 2676 nostris
480 2646 644 2676 verbum.''
661 2647 788 2677 Festus:
805 2652 824 2664 “
835 2658 921 2688 quae—

252 2705 388 2736 cumque
409 2695 608 2736 purgamenti
631 2705 727 2726 causa
742 2696 774 2726 in
791 2696 918 2738 quibus-

252 2755 315 2787 que
337 2744 497 2776 sacrificiis
516 2745 718 2782 adhibentur,
735 2745 845 2776 februa
866 2757 921 2788 ap-

250 2793 440 2837 pellantur.’'
460 2794 613 2831 Piamina,
626 2796 811 2837 Κατ-αρμοὶ,
821 2795 920 2826 sancti

1000 1600 1103 1633 scelus
1132 1606 1357 1631 summovetur.
1405 1600 1512 1631 Fidem
1539 1602 1594 1631 dat
1617 1606 1673 1632 aut

989 1652 1075 1693 facit
1100 1652 1206 1686 verbis,
1225 1649 1278 1692 qui
1300 1660 1338 1681 ea
1364 1650 1530 1681 confirmat
1552 1656 1584 1681 et
1598 1661 1672 1682 vera

999 1712 1065 1732 esse
1081 1700 1240 1738 ostendit;
1257 1699 1383 1731 Cortius
1395 1699 1435 1730 ad
1451 1700 1581 1731 Sallust.
1593 1701 1670 1742 Jug.

998 1750 1086 1781 xxiv.
1096 1751 1127 1781 9.
1151 1749 1213 1780 Sed
1226 1759 1310 1780 nunc
1323 1755 1388 1780 est:
1405 1750 1589 1780 confirmare
1604 1750 1669 1791 sig-

998 1799 1209 1831 nificationem
1224 1798 1310 1829 verbi
1324 1804 1543 1830 memoratam.
1561 1799 1669 1842 Signa,

998 1854 1196 1891 argumenta.

1043 1901 1096 1930 21.
1119 1898 1216 1930 Ritus
1236 1908 1300 1928 non
1321 1896 1450 1929 aliunde
1466 1902 1559 1928 notus
1573 1897 1669 1929 attin—

998 1948 1093 1990 gitur.
1140 1949 1206 1979 Rex
1222 1958 1336 1989 nempe
1350 1957 1521 1978 sacrorum.
1567 1947 1671 1978 Lanos

998 1999 1071 2029 illas
1099 1998 1157 2030 rufi
1186 1997 1281 2029 fuisse
1312 1996 1438 2034 coloris,
1466 1997 1603 2040 Neapol.
1630 2008 1669 2029 ex

999 2049 1102 2080 Clem.
1124 2048 1222 2079 Alex.
1245 2048 1359 2078 Strom.
1375 2047 1428 2078 vii.
1454 2047 1595 2090 conjicit,
1615 2048 1671 2079 ubi

997 2099 1066 2140 ἔρια
1097 2096 1209 2141 πυῤῥὰ
1236 2098 1268 2129 in
1294 2097 1405 2128 ritibus
1429 2097 1527 2129 sacris
1549 2108 1669 2129 memo-

997 2155 1114 2180 rantur.
1152 2149 1313 2190 lnterpres
1336 2147 1562 2189 Francogallus
1584 2148 1669 2180 male

994 2199 1117 2241 apicem
1143 2199 1174 2229 in
1197 2198 1282 2241 pileo
1309 2198 1482 2229 sacerdotis
1506 2197 1668 2240 intelligit.

995 2250 1112 2286 Lictor,
1131 2259 1244 2291 nempe
1260 2248 1413 2280 Flaminis
1429 2247 1544 2279 Dialis.
1593 2248 1668 2280 Tor-

994 2301 1075 2336 rz'da,
1093 2305 1185 2334 tosta,
1204 2304 1237 2329 ut
1257 2309 1352 2340 saepe.
1390 2298 1474 2330 Vide
1490 2297 1666 2330 Heinsium.

994 2350 1046 2380 De
1062 2351 1140 2379 mica
1156 2348 1232 2379 salis
1246 2347 1316 2379 vide
1332 2347 1374 2378 ad
1390 2347 1413 2378 i.
1431 2348 1507 2378 338.
1546 2348 1666 2379 Puram

995 2400 1129 2429 arborem
1154 2408 1222 2428 esse
1247 2397 1370 2440 pinum,
1395 2408 1412 2428 e
1436 2408 1527 2428 versu
1555 2398 1611 2428 28.
1635 2402 1668 2428 et

993 2447 1062 2478 aliis
1086 2448 1163 2478 locis
1188 2452 1295 2478 monet
1314 2447 1478 2489 Neapolis.
1523 2447 1667 2478 Vocatur

989 2509 1071 2537 pura
1086 2503 1211 2539 propter
1226 2496 1289 2527 vim
1306 2496 1506 2538 purificandi.
1547 2496 1576 2527 F
1576 2498 1664 2528 lami-

992 2550 1076 2583 nica,
1096 2547 1246 2578 Flaminis
1261 2546 1366 2578 Dialis
1381 2557 1472 2577 uxor.
1511 2547 1664 2580 Burman.

992 2608 1054 2628 non
1079 2597 1219 2633 damnat,
1244 2596 1329 2638 quod
1350 2596 1382 2627 in
1406 2597 1524 2628 Hamb.
1550 2604 1665 2635 exstat,

993 2648 1121 2684 Ianrea3
1144 2656 1281 2688 namque
1299 2653 1332 2676 et
1351 2646 1440 2676 lauro
1455 2652 1576 2678 veteres
1591 2657 1664 2678 usos

992 2707 1060 2727 esse
1081 2696 1114 2726 in
1135 2695 1384 2732 lustrationibus,
1406 2697 1450 2726 iv.
1468 2696 1524 2726 741
1545 2707 1616 2738 sqq.
1631 2702 1663 2728 et

991 2748 1067 2776 tce-‘Ia
1090 2751 1122 2776 et
1146 2746 1253 2776 laurea
1279 2750 1572 2776 commemorantur.
1608 2745 1663 2776 In-

990 2801 1102 2831 tonsus,
1127 2795 1255 2826 omnino
1283 2793 1425 2836 priscus;
1449 2793 1492 2826 vi.
1516 2795 1591 2826 264.
1613 2797 1662 2826 in-
