<?xml version="1.0" encoding="UTF-8"?>
<!DOCTYPE html PUBLIC "-//W3C//DTD XHTML 1.0 Transitional//EN"
    "http://www.w3.org/TR/xhtml1/DTD/xhtml1-transitional.dtd">
<html xmlns="http://www.w3.org/1999/xhtml" xml:lang="en" lang="en">
 <head>
  <title>
</title>
<meta http-equiv="Content-Type" content="text/html;charset=utf-8" />
  <meta name='ocr-system' content='tesseract 3.04.00' />
  <meta name='ocr-capabilities' content='ocr_page ocr_carea ocr_par ocr_line ocrx_word'/>
</head>
<body>
  <div class='ocr_page' id='page_1' title='image "./povidiinasonisop05oviduoft_0288.png"; bbox 0 0 1809 3220; ppageno 0'>
   <div class='ocr_carea' id='block_1_1' title="bbox 162 159 249 202">
    <p class='ocr_par' dir='ltr' id='par_1_1' title="bbox 162 159 249 202">
     <span class='ocr_line' id='line_1_1' title="bbox 162 159 249 202; baseline -0.011 0"><span class='ocrx_word' id='word_1_1' title='bbox 162 159 249 202; x_wconf 88' lang='grc'>260</span> 
     </span>
    </p>
   </div>
   <div class='ocr_carea' id='block_1_2' title="bbox 564 153 1189 199">
    <p class='ocr_par' dir='ltr' id='par_1_2' title="bbox 564 153 1189 199">
     <span class='ocr_line' id='line_1_2' title="bbox 564 153 1189 199; baseline -0.003 -1"><span class='ocrx_word' id='word_1_2' title='bbox 564 157 617 198; x_wconf 92' lang='grc' dir='ltr'>Ρ.</span> <span class='ocrx_word' id='word_1_3' title='bbox 651 155 870 199; x_wconf 93' lang='lat' dir='ltr'>OVIDII</span> <span class='ocrx_word' id='word_1_4' title='bbox 902 153 1189 197; x_wconf 87' lang='lat' dir='ltr'><strong>NASONIS</strong></span> 
     </span>
    </p>
   </div>
   <div class='ocr_carea' id='block_1_3' title="bbox 167 269 1591 869">
    <p class='ocr_par' dir='ltr' id='par_1_3' title="bbox 167 269 1522 418">
     <span class='ocr_line' id='line_1_3' title="bbox 167 269 1522 341; baseline -0.005 -17"><span class='ocrx_word' id='word_1_5' title='bbox 167 276 290 341; x_wconf 84' lang='lat' dir='ltr'>Ipsa</span> <span class='ocrx_word' id='word_1_6' title='bbox 314 275 457 331; x_wconf 79' lang='lat' dir='ltr'>doce,</span> <span class='ocrx_word' id='word_1_7' title='bbox 487 289 600 337; x_wconf 87' lang='lat' dir='ltr'>quae</span> <span class='ocrx_word' id='word_1_8' title='bbox 627 273 725 331; x_wconf 87' lang='lat' dir='ltr'>sis;</span> <span class='ocrx_word' id='word_1_9' title='bbox 768 271 1030 320; x_wconf 88' lang='lat' dir='ltr'>hominum</span> <span class='ocrx_word' id='word_1_10' title='bbox 1056 270 1312 319; x_wconf 88' lang='lat' dir='ltr'>sententia</span> <span class='ocrx_word' id='word_1_11' title='bbox 1335 269 1522 318; x_wconf 80' lang='lat' dir='ltr'>fallax:</span> 
     </span>
     <span class='ocr_line' id='line_1_4' title="bbox 239 348 1327 418; baseline -0.006 -17"><span class='ocrx_word' id='word_1_12' title='bbox 239 353 449 418; x_wconf 86' lang='lat' dir='ltr'>Optima</span> <span class='ocrx_word' id='word_1_13' title='bbox 473 358 527 399; x_wconf 88' lang='lat' dir='ltr'>tu</span> <span class='ocrx_word' id='word_1_14' title='bbox 554 350 743 416; x_wconf 90' lang='lat' dir='ltr'>proprii</span> <span class='ocrx_word' id='word_1_15' title='bbox 769 349 986 397; x_wconf 89' lang='lat' dir='ltr'>nominis</span> <span class='ocrx_word' id='word_1_16' title='bbox 1013 356 1188 397; x_wconf 84' lang='lat' dir='ltr'>auctor</span> <span class='ocrx_word' id='word_1_17' title='bbox 1212 348 1327 396; x_wconf 89' lang='lat' dir='ltr'>eris.</span> 
     </span>
    </p>

    <p class='ocr_par' dir='ltr' id='par_1_4' title="bbox 171 427 1406 572">
     <span class='ocr_line' id='line_1_5' title="bbox 171 427 1406 495; baseline -0.006 -15"><span class='ocrx_word' id='word_1_18' title='bbox 171 433 256 480; x_wconf 88' lang='lat' dir='ltr'>Sic</span> <span class='ocrx_word' id='word_1_19' title='bbox 283 448 377 495; x_wconf 81' lang='lat' dir='ltr'>ego</span> <span class='ocrx_word' id='word_1_20' title='bbox 399 450 409 488; x_wconf 92' lang='lat'>;</span> <span class='ocrx_word' id='word_1_21' title='bbox 453 430 524 478; x_wconf 88' lang='lat' dir='ltr'>sic</span> <span class='ocrx_word' id='word_1_22' title='bbox 552 429 736 478; x_wconf 84' lang='lat' dir='ltr'>nostris</span> <span class='ocrx_word' id='word_1_23' title='bbox 763 427 1027 492; x_wconf 79' lang='lat' dir='ltr'>respondit</span> <span class='ocrx_word' id='word_1_24' title='bbox 1051 427 1167 475; x_wconf 83' lang='lat' dir='ltr'>diva</span> <span class='ocrx_word' id='word_1_25' title='bbox 1191 427 1406 490; x_wconf 81' lang='lat' dir='ltr'>rogatis3</span> 
     </span>
     <span class='ocr_line' id='line_1_6' title="bbox 237 506 1403 572; baseline -0.003 -15"><span class='ocrx_word' id='word_1_26' title='bbox 237 510 374 557; x_wconf 90' lang='lat' dir='ltr'>Dum</span> <span class='ocrx_word' id='word_1_27' title='bbox 400 508 640 572; x_wconf 82' lang='lat' dir='ltr'>loquitur,</span> <span class='ocrx_word' id='word_1_28' title='bbox 667 523 845 555; x_wconf 87' lang='lat' dir='ltr'>vernas</span> <span class='ocrx_word' id='word_1_29' title='bbox 872 507 1008 553; x_wconf 87' lang='lat' dir='ltr'>efflat</span> <span class='ocrx_word' id='word_1_30' title='bbox 1033 506 1096 553; x_wconf 83' lang='lat' dir='ltr'>ab</span> <span class='ocrx_word' id='word_1_31' title='bbox 1123 521 1208 552; x_wconf 88' lang='lat' dir='ltr'>ore</span> <span class='ocrx_word' id='word_1_32' title='bbox 1234 521 1403 553; x_wconf 82' lang='lat' dir='ltr'>rosas:</span> 
     </span>
    </p>

    <p class='ocr_par' dir='ltr' id='par_1_5' title="bbox 169 581 1591 713">
     <span class='ocr_line' id='line_1_7' title="bbox 169 581 1591 650; baseline -0.004 -14"><span class='ocrx_word' id='word_1_33' title='bbox 169 588 370 636; x_wconf 86' lang='lat' dir='ltr'>Chloris</span> <span class='ocrx_word' id='word_1_34' title='bbox 387 603 541 642; x_wconf 82' lang='lat' dir='ltr'>eram,</span> <span class='ocrx_word' id='word_1_35' title='bbox 560 602 674 650; x_wconf 87' lang='lat' dir='ltr'>quae</span> <span class='ocrx_word' id='word_1_36' title='bbox 686 584 1015 632; x_wconf 84' lang='lat' dir='ltr'>Floravocor:</span> <span class='ocrx_word' id='word_1_37' title='bbox 1047 590 1286 647; x_wconf 85' lang='lat' dir='ltr'>corrupta</span> <span class='ocrx_word' id='word_1_38' title='bbox 1298 581 1476 631; x_wconf 85' lang='lat' dir='ltr'>Latino</span> <span class='ocrx_word' id='word_1_39' title='bbox 1498 584 1591 630; x_wconf 87' lang='grc'>195</span> 
     </span>
     <span class='ocr_line' id='line_1_8' title="bbox 239 661 1298 713; baseline -0.005 0"><span class='ocrx_word' id='word_1_40' title='bbox 239 665 473 713; x_wconf 84' lang='lat' dir='ltr'>Nominis</span> <span class='ocrx_word' id='word_1_41' title='bbox 495 672 574 712; x_wconf 85' lang='lat' dir='ltr'>est</span> <span class='ocrx_word' id='word_1_42' title='bbox 595 663 752 711; x_wconf 82' lang='lat' dir='ltr'>nostri</span> <span class='ocrx_word' id='word_1_43' title='bbox 778 663 924 709; x_wconf 85' lang='lat' dir='ltr'>litera</span> <span class='ocrx_word' id='word_1_44' title='bbox 951 661 1133 709; x_wconf 84' lang='lat' dir='ltr'>Graeca</span> <span class='ocrx_word' id='word_1_45' title='bbox 1159 678 1298 709; x_wconf 92' lang='lat' dir='ltr'>sono.</span> 
     </span>
    </p>

    <p class='ocr_par' dir='ltr' id='par_1_6' title="bbox 172 737 1500 869">
     <span class='ocr_line' id='line_1_9' title="bbox 172 737 1500 805; baseline -0.003 -15"><span class='ocrx_word' id='word_1_46' title='bbox 172 742 373 791; x_wconf 85' lang='lat' dir='ltr'>Chloris</span> <span class='ocrx_word' id='word_1_47' title='bbox 399 758 553 798; x_wconf 82' lang='lat' dir='ltr'>eram,</span> <span class='ocrx_word' id='word_1_48' title='bbox 577 741 623 788; x_wconf 90' lang='lat' dir='ltr'>N</span> <span class='ocrx_word' id='word_1_49' title='bbox 629 740 819 805; x_wconf 87' lang='lat' dir='ltr'>ymphe</span> <span class='ocrx_word' id='word_1_50' title='bbox 846 739 1013 804; x_wconf 84' lang='lat' dir='ltr'>campi</span> <span class='ocrx_word' id='word_1_51' title='bbox 1039 738 1217 795; x_wconf 86' lang='lat' dir='ltr'>felicis,</span> <span class='ocrx_word' id='word_1_52' title='bbox 1239 738 1327 786; x_wconf 91' lang='lat' dir='ltr'>ubi</span> <span class='ocrx_word' id='word_1_53' title='bbox 1353 737 1500 786; x_wconf 83' lang='lat' dir='ltr'>audis</span> 
     </span>
     <span class='ocr_line' id='line_1_10' title="bbox 241 817 1150 869; baseline -0.004 -1"><span class='ocrx_word' id='word_1_54' title='bbox 241 821 372 869; x_wconf 87' lang='lat' dir='ltr'>Rem</span> <span class='ocrx_word' id='word_1_55' title='bbox 398 820 665 868; x_wconf 83' lang='lat' dir='ltr'>fortunatis</span> <span class='ocrx_word' id='word_1_56' title='bbox 692 826 809 867; x_wconf 83' lang='lat' dir='ltr'>ante</span> <span class='ocrx_word' id='word_1_57' title='bbox 835 817 991 866; x_wconf 86' lang='lat' dir='ltr'>fuisse</span> <span class='ocrx_word' id='word_1_58' title='bbox 1016 817 1150 864; x_wconf 84' lang='lat' dir='ltr'>viris.</span> 
     </span>
    </p>
   </div>
   <div class='ocr_carea' id='block_1_4' title="bbox 169 952 854 2779">
    <p class='ocr_par' dir='ltr' id='par_1_7' title="bbox 169 952 846 1190">
     <span class='ocr_line' id='line_1_11' title="bbox 171 952 846 995; baseline -0.001 -12"><span class='ocrx_word' id='word_1_59' title='bbox 171 953 242 985; x_wconf 89' lang='lat' dir='ltr'>dem</span> <span class='ocrx_word' id='word_1_60' title='bbox 264 953 373 984; x_wconf 85' lang='lat' dir='ltr'>malim</span> <span class='ocrx_word' id='word_1_61' title='bbox 394 953 552 995; x_wconf 81' lang='lat' dir='ltr'>accipere,</span> <span class='ocrx_word' id='word_1_62' title='bbox 570 959 605 984; x_wconf 91' lang='lat' dir='ltr'>ut</span> <span class='ocrx_word' id='word_1_63' title='bbox 620 952 654 984; x_wconf 88' lang='lat' dir='ltr'>ii.</span> <span class='ocrx_word' id='word_1_64' title='bbox 674 954 694 983; x_wconf 83' lang='lat'><strong>2</strong></span> <span class='ocrx_word' id='word_1_65' title='bbox 711 966 716 982; x_wconf 91' lang='lat'>:</span> <span class='ocrx_word' id='word_1_66' title='bbox 756 955 846 983; x_wconf 75' lang='lat' dir='ltr'>Alter</span> 
     </span>
     <span class='ocr_line' id='line_1_12' title="bbox 169 1004 844 1040; baseline -0.003 -7"><span class='ocrx_word' id='word_1_67' title='bbox 169 1010 204 1033; x_wconf 79' lang='lat' dir='ltr'>ut</span> <span class='ocrx_word' id='word_1_68' title='bbox 218 1004 289 1034; x_wconf 82' lang='lat' dir='ltr'>hinc</span> <span class='ocrx_word' id='word_1_69' title='bbox 304 1005 422 1040; x_wconf 82' lang='lat' dir='ltr'>mensis,</span> <span class='ocrx_word' id='word_1_70' title='bbox 435 1005 476 1034; x_wconf 81' lang='lat' dir='ltr'>sic</span> <span class='ocrx_word' id='word_1_71' title='bbox 494 1004 569 1033; x_wconf 81' lang='lat' dir='ltr'>liber</span> <span class='ocrx_word' id='word_1_72' title='bbox 584 1004 664 1033; x_wconf 80' lang='lat' dir='ltr'>alter</span> <span class='ocrx_word' id='word_1_73' title='bbox 678 1009 736 1033; x_wconf 78' lang='lat' dir='ltr'>ent.</span> <span class='ocrx_word' id='word_1_74' title='bbox 762 1005 844 1032; x_wconf 80' lang='lat' dir='ltr'>Auc—</span> 
     </span>
     <span class='ocr_line' id='line_1_13' title="bbox 171 1051 845 1094; baseline -0.001 -11"><span class='ocrx_word' id='word_1_75' title='bbox 171 1060 227 1088; x_wconf 76' lang='lat' dir='ltr'>tor,</span> <span class='ocrx_word' id='word_1_76' title='bbox 255 1052 420 1094; x_wconf 78' lang='lat' dir='ltr'>interpres.</span> <span class='ocrx_word' id='word_1_77' title='bbox 469 1053 576 1088; x_wconf 76' lang='lat' dir='ltr'>Rosos,</span> <span class='ocrx_word' id='word_1_78' title='bbox 605 1051 732 1082; x_wconf 87' lang='lat' dir='ltr'>odorem</span> <span class='ocrx_word' id='word_1_79' title='bbox 761 1061 845 1082; x_wconf 88' lang='lat' dir='ltr'>rosa-</span> 
     </span>
     <span class='ocr_line' id='line_1_14' title="bbox 170 1100 845 1144; baseline -0.001 -12"><span class='ocrx_word' id='word_1_80' title='bbox 170 1113 250 1138; x_wconf 85' lang='lat' dir='ltr'>rum,</span> <span class='ocrx_word' id='word_1_81' title='bbox 272 1101 325 1144; x_wconf 90' lang='lat' dir='ltr'>qui</span> <span class='ocrx_word' id='word_1_82' title='bbox 348 1101 424 1132; x_wconf 87' lang='lat' dir='ltr'>odor</span> <span class='ocrx_word' id='word_1_83' title='bbox 446 1101 563 1132; x_wconf 88' lang='lat' dir='ltr'>mansit</span> <span class='ocrx_word' id='word_1_84' title='bbox 582 1101 690 1137; x_wconf 87' lang='lat' dir='ltr'>etiam,</span> <span class='ocrx_word' id='word_1_85' title='bbox 707 1100 759 1132; x_wconf 91' lang='lat' dir='ltr'>ubi</span> <span class='ocrx_word' id='word_1_86' title='bbox 781 1101 845 1131; x_wconf 86' lang='lat' dir='ltr'>dis-</span> 
     </span>
     <span class='ocr_line' id='line_1_15' title="bbox 173 1151 470 1190; baseline -0.003 -8"><span class='ocrx_word' id='word_1_87' title='bbox 173 1151 288 1190; x_wconf 79' lang='lat' dir='ltr'>ccssit3</span> <span class='ocrx_word' id='word_1_88' title='bbox 314 1162 379 1183; x_wconf 85' lang='lat' dir='ltr'>ver.</span> <span class='ocrx_word' id='word_1_89' title='bbox 394 1152 470 1182; x_wconf 87' lang='lat'>376.</span> 
     </span>
    </p>

    <p class='ocr_par' dir='ltr' id='par_1_8' title="bbox 171 1200 854 2779">
     <span class='ocr_line' id='line_1_16' title="bbox 219 1200 846 1234; baseline -0.002 -2"><span class='ocrx_word' id='word_1_90' title='bbox 219 1202 402 1233; x_wconf 78' lang='lat'>195-274.</span> <span class='ocrx_word' id='word_1_91' title='bbox 433 1200 675 1234; x_wconf 80' lang='lat' dir='ltr'>Jucundissima</span> <span class='ocrx_word' id='word_1_92' title='bbox 709 1200 846 1232; x_wconf 86' lang='lat' dir='ltr'>narratio</span> 
     </span>
     <span class='ocr_line' id='line_1_17' title="bbox 171 1251 844 1293; baseline 0 -12"><span class='ocrx_word' id='word_1_93' title='bbox 171 1251 210 1282; x_wconf 90' lang='lat' dir='ltr'>de</span> <span class='ocrx_word' id='word_1_94' title='bbox 231 1251 328 1282; x_wconf 85' lang='lat' dir='ltr'>Florae</span> <span class='ocrx_word' id='word_1_95' title='bbox 343 1253 462 1293; x_wconf 81' lang='lat' dir='ltr'>origine</span> <span class='ocrx_word' id='word_1_96' title='bbox 479 1258 508 1282; x_wconf 84' lang='lat' dir='ltr'>et</span> <span class='ocrx_word' id='word_1_97' title='bbox 522 1257 678 1290; x_wconf 82' lang='lat' dir='ltr'>potestate.</span> <span class='ocrx_word' id='word_1_98' title='bbox 726 1252 844 1282; x_wconf 84' lang='lat' dir='ltr'>Secun-</span> 
     </span>
     <span class='ocr_line' id='line_1_18' title="bbox 172 1300 845 1342; baseline -0.001 -10"><span class='ocrx_word' id='word_1_99' title='bbox 172 1300 247 1332; x_wconf 87' lang='lat' dir='ltr'>dum</span> <span class='ocrx_word' id='word_1_100' title='bbox 263 1301 437 1332; x_wconf 89' lang='lat' dir='ltr'>Varronem</span> <span class='ocrx_word' id='word_1_101' title='bbox 458 1300 498 1332; x_wconf 92' lang='lat' dir='ltr'>de</span> <span class='ocrx_word' id='word_1_102' title='bbox 519 1300 614 1342; x_wconf 90' lang='lat' dir='ltr'>Ling.</span> <span class='ocrx_word' id='word_1_103' title='bbox 637 1301 710 1331; x_wconf 82' lang='lat' dir='ltr'>Lat.</span> <span class='ocrx_word' id='word_1_104' title='bbox 731 1300 773 1332; x_wconf 91' lang='lat' dir='ltr'>iv.</span> <span class='ocrx_word' id='word_1_105' title='bbox 794 1302 845 1332; x_wconf 89' lang='lat'>10.</span> 
     </span>
     <span class='ocr_line' id='line_1_19' title="bbox 173 1351 848 1394; baseline 0 -12"><span class='ocrx_word' id='word_1_106' title='bbox 173 1351 234 1382; x_wconf 89' lang='lat' dir='ltr'>fuit</span> <span class='ocrx_word' id='word_1_107' title='bbox 265 1351 398 1394; x_wconf 84' lang='lat' dir='ltr'>antiqua</span> <span class='ocrx_word' id='word_1_108' title='bbox 429 1351 619 1382; x_wconf 84' lang='lat' dir='ltr'>Sabinorum</span> <span class='ocrx_word' id='word_1_109' title='bbox 654 1351 727 1387; x_wconf 89' lang='lat' dir='ltr'>dea,</span> <span class='ocrx_word' id='word_1_110' title='bbox 757 1352 848 1393; x_wconf 85' lang='lat' dir='ltr'>cujus</span> 
     </span>
     <span class='ocr_line' id='line_1_20' title="bbox 173 1400 848 1432; baseline 0 -1"><span class='ocrx_word' id='word_1_111' title='bbox 173 1400 297 1432; x_wconf 90' lang='lat' dir='ltr'>cultum</span> <span class='ocrx_word' id='word_1_112' title='bbox 311 1401 348 1432; x_wconf 90' lang='lat' dir='ltr'>T.</span> <span class='ocrx_word' id='word_1_113' title='bbox 359 1401 470 1432; x_wconf 84' lang='lat' dir='ltr'>Tatius</span> <span class='ocrx_word' id='word_1_114' title='bbox 484 1411 537 1431; x_wconf 82' lang='lat' dir='ltr'>rex</span> <span class='ocrx_word' id='word_1_115' title='bbox 555 1401 690 1431; x_wconf 82' lang='lat' dir='ltr'>Romam</span> <span class='ocrx_word' id='word_1_116' title='bbox 710 1406 848 1431; x_wconf 91' lang='lat' dir='ltr'>transtu-</span> 
     </span>
     <span class='ocr_line' id='line_1_21' title="bbox 174 1450 848 1492; baseline 0.001 -12"><span class='ocrx_word' id='word_1_117' title='bbox 174 1450 221 1481; x_wconf 88' lang='lat' dir='ltr'>lit.</span> <span class='ocrx_word' id='word_1_118' title='bbox 274 1450 449 1492; x_wconf 76' lang='lat' dir='ltr'>Scriptores</span> <span class='ocrx_word' id='word_1_119' title='bbox 473 1450 697 1487; x_wconf 84' lang='lat' dir='ltr'>ecclesiastici,</span> <span class='ocrx_word' id='word_1_120' title='bbox 722 1450 848 1481; x_wconf 86' lang='lat' dir='ltr'>Minue.</span> 
     </span>
     <span class='ocr_line' id='line_1_22' title="bbox 176 1499 850 1535; baseline 0.001 -5"><span class='ocrx_word' id='word_1_121' title='bbox 176 1499 278 1535; x_wconf 88' lang='lat' dir='ltr'>Felix,</span> <span class='ocrx_word' id='word_1_122' title='bbox 297 1512 370 1532; x_wconf 84' lang='lat' dir='ltr'>xxv.</span> <span class='ocrx_word' id='word_1_123' title='bbox 386 1502 417 1531; x_wconf 87' lang='lat'>9.</span> <span class='ocrx_word' id='word_1_124' title='bbox 437 1500 622 1531; x_wconf 86' lang='lat' dir='ltr'>Lactantius</span> <span class='ocrx_word' id='word_1_125' title='bbox 643 1500 724 1531; x_wconf 88' lang='lat' dir='ltr'>Inst.</span> <span class='ocrx_word' id='word_1_126' title='bbox 746 1500 773 1531; x_wconf 90' lang='grc' dir='ltr'>Ι.</span> <span class='ocrx_word' id='word_1_127' title='bbox 796 1512 850 1531; x_wconf 85' lang='lat' dir='ltr'>xx.</span> 
     </span>
     <span class='ocr_line' id='line_1_23' title="bbox 175 1549 850 1592; baseline 0.003 -12"><span class='ocrx_word' id='word_1_128' title='bbox 175 1550 205 1581; x_wconf 88' lang='lat'>6.</span> <span class='ocrx_word' id='word_1_129' title='bbox 235 1550 392 1582; x_wconf 87' lang='lat' dir='ltr'>Arnobius</span> <span class='ocrx_word' id='word_1_130' title='bbox 415 1549 566 1581; x_wconf 85' lang='lat' dir='ltr'>adversus</span> <span class='ocrx_word' id='word_1_131' title='bbox 586 1550 718 1586; x_wconf 82' lang='lat' dir='ltr'>Gentes,</span> <span class='ocrx_word' id='word_1_132' title='bbox 745 1550 792 1581; x_wconf 88' lang='lat' dir='ltr'>iii.</span> <span class='ocrx_word' id='word_1_133' title='bbox 818 1562 850 1592; x_wconf 88' lang='lat' dir='ltr'>p.</span> 
     </span>
     <span class='ocr_line' id='line_1_24' title="bbox 180 1599 848 1642; baseline 0.001 -13"><span class='ocrx_word' id='word_1_134' title='bbox 180 1600 252 1631; x_wconf 86' lang='lat'>113.</span> <span class='ocrx_word' id='word_1_135' title='bbox 270 1610 383 1642; x_wconf 88' lang='lat' dir='ltr'>parum</span> <span class='ocrx_word' id='word_1_136' title='bbox 407 1600 572 1630; x_wconf 83' lang='lat' dir='ltr'>honestam</span> <span class='ocrx_word' id='word_1_137' title='bbox 599 1599 627 1629; x_wconf 87' lang='lat' dir='ltr'>ei</span> <span class='ocrx_word' id='word_1_138' title='bbox 652 1599 731 1631; x_wconf 84' lang='lat' dir='ltr'>dant</span> <span class='ocrx_word' id='word_1_139' title='bbox 755 1600 848 1641; x_wconf 89' lang='lat' dir='ltr'>origi-</span> 
     </span>
     <span class='ocr_line' id='line_1_25' title="bbox 177 1649 850 1691; baseline 0 -11"><span class='ocrx_word' id='word_1_140' title='bbox 177 1659 261 1680; x_wconf 88' lang='lat' dir='ltr'>nem.</span> <span class='ocrx_word' id='word_1_141' title='bbox 308 1651 356 1681; x_wconf 87' lang='lat' dir='ltr'>Ex</span> <span class='ocrx_word' id='word_1_142' title='bbox 377 1656 443 1681; x_wconf 84' lang='lat' dir='ltr'>arte</span> <span class='ocrx_word' id='word_1_143' title='bbox 459 1649 542 1680; x_wconf 89' lang='lat' dir='ltr'>enim</span> <span class='ocrx_word' id='word_1_144' title='bbox 559 1650 735 1681; x_wconf 83' lang='lat' dir='ltr'>meretricia</span> <span class='ocrx_word' id='word_1_145' title='bbox 751 1661 850 1691; x_wconf 87' lang='lat' dir='ltr'>quum</span> 
     </span>
     <span class='ocr_line' id='line_1_26' title="bbox 176 1699 850 1742; baseline 0.001 -12"><span class='ocrx_word' id='word_1_146' title='bbox 176 1709 311 1741; x_wconf 87' lang='lat' dir='ltr'>magnas</span> <span class='ocrx_word' id='word_1_147' title='bbox 343 1710 418 1741; x_wconf 88' lang='lat' dir='ltr'>opes</span> <span class='ocrx_word' id='word_1_148' title='bbox 453 1699 662 1741; x_wconf 84' lang='lat' dir='ltr'>quaesivisset,</span> <span class='ocrx_word' id='word_1_149' title='bbox 696 1701 850 1742; x_wconf 88' lang='lat' dir='ltr'>populum</span> 
     </span>
     <span class='ocr_line' id='line_1_27' title="bbox 177 1749 850 1792; baseline 0.003 -12"><span class='ocrx_word' id='word_1_150' title='bbox 177 1749 360 1780; x_wconf 86' lang='lat' dir='ltr'>Romanum</span> <span class='ocrx_word' id='word_1_151' title='bbox 380 1749 505 1792; x_wconf 83' lang='lat' dir='ltr'>scripsit</span> <span class='ocrx_word' id='word_1_152' title='bbox 522 1749 694 1786; x_wconf 82' lang='lat' dir='ltr'>haeredem,</span> <span class='ocrx_word' id='word_1_153' title='bbox 716 1756 850 1782; x_wconf 88' lang='lat' dir='ltr'>certam-</span> 
     </span>
     <span class='ocr_line' id='line_1_28' title="bbox 176 1799 850 1843; baseline 0.003 -13"><span class='ocrx_word' id='word_1_154' title='bbox 176 1810 238 1841; x_wconf 88' lang='lat' dir='ltr'>que</span> <span class='ocrx_word' id='word_1_155' title='bbox 263 1799 432 1842; x_wconf 89' lang='lat' dir='ltr'>pecuniam</span> <span class='ocrx_word' id='word_1_156' title='bbox 456 1800 595 1842; x_wconf 86' lang='lat' dir='ltr'>reliquit,</span> <span class='ocrx_word' id='word_1_157' title='bbox 617 1801 708 1843; x_wconf 90' lang='lat' dir='ltr'>cujus</span> <span class='ocrx_word' id='word_1_158' title='bbox 732 1811 771 1832; x_wconf 84' lang='lat' dir='ltr'>ex</span> <span class='ocrx_word' id='word_1_159' title='bbox 795 1811 850 1832; x_wconf 90' lang='lat' dir='ltr'>an-</span> 
     </span>
     <span class='ocr_line' id='line_1_29' title="bbox 178 1849 851 1882; baseline 0.004 -3"><span class='ocrx_word' id='word_1_160' title='bbox 178 1859 240 1880; x_wconf 90' lang='lat' dir='ltr'>nuo</span> <span class='ocrx_word' id='word_1_161' title='bbox 260 1850 381 1880; x_wconf 82' lang='lat' dir='ltr'>foenore</span> <span class='ocrx_word' id='word_1_162' title='bbox 400 1849 517 1881; x_wconf 83' lang='lat' dir='ltr'>natalis</span> <span class='ocrx_word' id='word_1_163' title='bbox 538 1860 614 1881; x_wconf 85' lang='lat' dir='ltr'>suus</span> <span class='ocrx_word' id='word_1_164' title='bbox 637 1850 851 1882; x_wconf 82' lang='lat' dir='ltr'>celebraretur</span> 
     </span>
     <span class='ocr_line' id='line_1_30' title="bbox 179 1898 850 1942; baseline 0.003 -13"><span class='ocrx_word' id='word_1_165' title='bbox 179 1898 283 1936; x_wconf 89' lang='lat' dir='ltr'>ludis;</span> <span class='ocrx_word' id='word_1_166' title='bbox 313 1898 368 1930; x_wconf 91' lang='lat' dir='ltr'>sed</span> <span class='ocrx_word' id='word_1_167' title='bbox 394 1904 536 1935; x_wconf 80' lang='lat' dir='ltr'>senatus,</span> <span class='ocrx_word' id='word_1_168' title='bbox 565 1906 600 1930; x_wconf 92' lang='lat' dir='ltr'>ut</span> <span class='ocrx_word' id='word_1_169' title='bbox 624 1899 782 1942; x_wconf 85' lang='lat' dir='ltr'>pudendae</span> <span class='ocrx_word' id='word_1_170' title='bbox 807 1900 850 1931; x_wconf 89' lang='lat' dir='ltr'>rei</span> 
     </span>
     <span class='ocr_line' id='line_1_31' title="bbox 177 1947 852 1990; baseline 0.006 -13"><span class='ocrx_word' id='word_1_171' title='bbox 177 1947 316 1989; x_wconf 85' lang='lat' dir='ltr'>dignitas</span> <span class='ocrx_word' id='word_1_172' title='bbox 354 1948 503 1990; x_wconf 85' lang='lat' dir='ltr'>quaedam</span> <span class='ocrx_word' id='word_1_173' title='bbox 542 1949 722 1986; x_wconf 79' lang='lat' dir='ltr'>adderetur,</span> <span class='ocrx_word' id='word_1_174' title='bbox 761 1950 852 1982; x_wconf 84' lang='lat' dir='ltr'>finxit</span> 
     </span>
     <span class='ocr_line' id='line_1_32' title="bbox 179 1996 851 2041; baseline 0.006 -14"><span class='ocrx_word' id='word_1_175' title='bbox 179 1996 284 2034; x_wconf 84' lang='lat' dir='ltr'>deam,</span> <span class='ocrx_word' id='word_1_176' title='bbox 301 2007 373 2039; x_wconf 86' lang='lat' dir='ltr'>quae</span> <span class='ocrx_word' id='word_1_177' title='bbox 390 1997 518 2029; x_wconf 88' lang='lat' dir='ltr'>floribus</span> <span class='ocrx_word' id='word_1_178' title='bbox 536 2004 698 2039; x_wconf 67' lang='lat' dir='ltr'>praeesset,</span> <span class='ocrx_word' id='word_1_179' title='bbox 716 2009 851 2041; x_wconf 87' lang='lat' dir='ltr'>eamque</span> 
     </span>
     <span class='ocr_line' id='line_1_33' title="bbox 178 2046 851 2089; baseline 0.004 -12"><span class='ocrx_word' id='word_1_180' title='bbox 178 2052 322 2089; x_wconf 85' lang='lat' dir='ltr'>oportere</span> <span class='ocrx_word' id='word_1_181' title='bbox 339 2046 472 2089; x_wconf 87' lang='lat' dir='ltr'>placari,</span> <span class='ocrx_word' id='word_1_182' title='bbox 489 2053 524 2078; x_wconf 88' lang='lat' dir='ltr'>ut</span> <span class='ocrx_word' id='word_1_183' title='bbox 545 2047 651 2089; x_wconf 85' lang='lat' dir='ltr'>fruges</span> <span class='ocrx_word' id='word_1_184' title='bbox 667 2059 740 2079; x_wconf 92' lang='lat' dir='ltr'>cum</span> <span class='ocrx_word' id='word_1_185' title='bbox 760 2049 851 2080; x_wconf 91' lang='lat' dir='ltr'>arbo-</span> 
     </span>
     <span class='ocr_line' id='line_1_34' title="bbox 180 2096 851 2138; baseline 0.004 -11"><span class='ocrx_word' id='word_1_186' title='bbox 180 2096 267 2127; x_wconf 85' lang='lat' dir='ltr'>ribus</span> <span class='ocrx_word' id='word_1_187' title='bbox 292 2096 473 2138; x_wconf 89' lang='lat' dir='ltr'>vitibusque</span> <span class='ocrx_word' id='word_1_188' title='bbox 497 2097 713 2129; x_wconf 86' lang='lat' dir='ltr'>florescerent.</span> <span class='ocrx_word' id='word_1_189' title='bbox 770 2099 851 2136; x_wconf 81' lang='lat' dir='ltr'>Quae</span> 
     </span>
     <span class='ocr_line' id='line_1_35' title="bbox 179 2145 852 2188; baseline 0.003 -11"><span class='ocrx_word' id='word_1_190' title='bbox 179 2145 306 2178; x_wconf 89' lang='lat' dir='ltr'>traditio</span> <span class='ocrx_word' id='word_1_191' title='bbox 317 2146 476 2183; x_wconf 90' lang='lat' dir='ltr'>ludorum,</span> <span class='ocrx_word' id='word_1_192' title='bbox 489 2147 605 2188; x_wconf 83' lang='lat' dir='ltr'>quibus</span> <span class='ocrx_word' id='word_1_193' title='bbox 618 2147 712 2178; x_wconf 91' lang='lat' dir='ltr'>Flora</span> <span class='ocrx_word' id='word_1_194' title='bbox 725 2148 852 2179; x_wconf 89' lang='lat' dir='ltr'>coleba-</span> 
     </span>
     <span class='ocr_line' id='line_1_36' title="bbox 180 2196 853 2240; baseline 0.004 -14"><span class='ocrx_word' id='word_1_195' title='bbox 180 2202 242 2231; x_wconf 85' lang='lat' dir='ltr'>tur,</span> <span class='ocrx_word' id='word_1_196' title='bbox 255 2196 386 2227; x_wconf 86' lang='lat' dir='ltr'>lascivia</span> <span class='ocrx_word' id='word_1_197' title='bbox 396 2196 574 2228; x_wconf 86' lang='lat' dir='ltr'>confirmari</span> <span class='ocrx_word' id='word_1_198' title='bbox 588 2196 723 2228; x_wconf 89' lang='lat' dir='ltr'>videtur.</span> <span class='ocrx_word' id='word_1_199' title='bbox 745 2198 853 2240; x_wconf 85' lang='lat' dir='ltr'>Longe</span> 
     </span>
     <span class='ocr_line' id='line_1_37' title="bbox 180 2244 854 2286; baseline 0.006 -11"><span class='ocrx_word' id='word_1_200' title='bbox 180 2244 244 2276; x_wconf 87' lang='lat' dir='ltr'>alia</span> <span class='ocrx_word' id='word_1_201' title='bbox 269 2251 375 2277; x_wconf 86' lang='lat' dir='ltr'>autem</span> <span class='ocrx_word' id='word_1_202' title='bbox 399 2246 535 2278; x_wconf 89' lang='lat' dir='ltr'>Ovidius</span> <span class='ocrx_word' id='word_1_203' title='bbox 559 2247 676 2286; x_wconf 89' lang='lat' dir='ltr'>habet;</span> <span class='ocrx_word' id='word_1_204' title='bbox 706 2258 743 2279; x_wconf 92' lang='lat' dir='ltr'>eo</span> <span class='ocrx_word' id='word_1_205' title='bbox 769 2248 854 2279; x_wconf 91' lang='lat' dir='ltr'>enim</span> 
     </span>
     <span class='ocr_line' id='line_1_38' title="bbox 181 2296 853 2341; baseline 0.006 -15"><span class='ocrx_word' id='word_1_206' title='bbox 181 2301 322 2333; x_wconf 90' lang='lat' dir='ltr'>auctore,</span> <span class='ocrx_word' id='word_1_207' title='bbox 342 2296 484 2339; x_wconf 84' lang='lat' dir='ltr'>nympha</span> <span class='ocrx_word' id='word_1_208' title='bbox 506 2297 567 2328; x_wconf 88' lang='lat' dir='ltr'>fuit</span> <span class='ocrx_word' id='word_1_209' title='bbox 589 2298 622 2328; x_wconf 93' lang='lat' dir='ltr'>in</span> <span class='ocrx_word' id='word_1_210' title='bbox 646 2298 768 2341; x_wconf 83' lang='lat' dir='ltr'>campis</span> <span class='ocrx_word' id='word_1_211' title='bbox 792 2299 853 2330; x_wconf 90' lang='lat' dir='ltr'>for-</span> 
     </span>
     <span class='ocr_line' id='line_1_39' title="bbox 179 2344 853 2390; baseline 0.006 -15"><span class='ocrx_word' id='word_1_212' title='bbox 179 2344 311 2381; x_wconf 88' lang='lat' dir='ltr'>tunatis,</span> <span class='ocrx_word' id='word_1_213' title='bbox 351 2345 426 2376; x_wconf 88' lang='lat' dir='ltr'>olim</span> <span class='ocrx_word' id='word_1_214' title='bbox 465 2346 584 2377; x_wconf 83' lang='lat' dir='ltr'>Chloris</span> <span class='ocrx_word' id='word_1_215' title='bbox 621 2346 719 2383; x_wconf 92' lang='lat' dir='ltr'>dicta,</span> <span class='ocrx_word' id='word_1_216' title='bbox 756 2358 853 2390; x_wconf 90' lang='lat' dir='ltr'>quam</span> 
     </span>
     <span class='ocr_line' id='line_1_40' title="bbox 179 2393 853 2438; baseline 0.007 -14"><span class='ocrx_word' id='word_1_217' title='bbox 179 2393 342 2436; x_wconf 82' lang='lat' dir='ltr'>Zephyrus</span> <span class='ocrx_word' id='word_1_218' title='bbox 369 2394 471 2432; x_wconf 82' lang='lat' dir='ltr'>duxit,</span> <span class='ocrx_word' id='word_1_219' title='bbox 500 2401 532 2427; x_wconf 92' lang='lat' dir='ltr'>et</span> <span class='ocrx_word' id='word_1_220' title='bbox 557 2407 674 2438; x_wconf 85' lang='lat' dir='ltr'>magna</span> <span class='ocrx_word' id='word_1_221' title='bbox 702 2397 735 2427; x_wconf 92' lang='lat' dir='ltr'>in</span> <span class='ocrx_word' id='word_1_222' title='bbox 761 2397 853 2429; x_wconf 90' lang='lat' dir='ltr'>flores</span> 
     </span>
     <span class='ocr_line' id='line_1_41' title="bbox 179 2444 850 2488; baseline 0.007 -14"><span class='ocrx_word' id='word_1_223' title='bbox 179 2449 339 2486; x_wconf 84' lang='lat' dir='ltr'>potestate</span> <span class='ocrx_word' id='word_1_224' title='bbox 389 2444 489 2482; x_wconf 87' lang='lat' dir='ltr'>auxit,</span> <span class='ocrx_word' id='word_1_225' title='bbox 537 2457 696 2488; x_wconf 83' lang='lat' dir='ltr'>quamque</span> <span class='ocrx_word' id='word_1_226' title='bbox 746 2447 850 2484; x_wconf 86' lang='lat' dir='ltr'>Mars,</span> 
     </span>
     <span class='ocr_line' id='line_1_42' title="bbox 180 2494 851 2536; baseline 0.006 -12"><span class='ocrx_word' id='word_1_227' title='bbox 180 2504 280 2536; x_wconf 89' lang='lat' dir='ltr'>quum</span> <span class='ocrx_word' id='word_1_228' title='bbox 302 2494 331 2525; x_wconf 89' lang='lat' dir='ltr'>ei</span> <span class='ocrx_word' id='word_1_229' title='bbox 355 2500 457 2525; x_wconf 90' lang='lat' dir='ltr'>ortum</span> <span class='ocrx_word' id='word_1_230' title='bbox 480 2506 572 2526; x_wconf 89' lang='lat' dir='ltr'>suum</span> <span class='ocrx_word' id='word_1_231' title='bbox 595 2496 737 2533; x_wconf 85' lang='lat' dir='ltr'>deberet,</span> <span class='ocrx_word' id='word_1_232' title='bbox 757 2496 851 2528; x_wconf 91' lang='lat' dir='ltr'>deam</span> 
     </span>
     <span class='ocr_line' id='line_1_43' title="bbox 181 2543 853 2578; baseline 0.006 -5"><span class='ocrx_word' id='word_1_233' title='bbox 181 2543 364 2575; x_wconf 86' lang='lat' dir='ltr'>Romanam</span> <span class='ocrx_word' id='word_1_234' title='bbox 388 2543 474 2576; x_wconf 87' lang='lat' dir='ltr'>fecit.</span> <span class='ocrx_word' id='word_1_235' title='bbox 531 2544 667 2576; x_wconf 88' lang='lat' dir='ltr'>Lenzius</span> <span class='ocrx_word' id='word_1_236' title='bbox 691 2556 707 2576; x_wconf 92' lang='lat' dir='ltr'>e</span> <span class='ocrx_word' id='word_1_237' title='bbox 733 2546 853 2578; x_wconf 86' lang='lat' dir='ltr'>Catulli</span> 
     </span>
     <span class='ocr_line' id='line_1_44' title="bbox 180 2592 850 2638; baseline 0.006 -15"><span class='ocrx_word' id='word_1_238' title='bbox 180 2592 320 2625; x_wconf 88' lang='lat' dir='ltr'>carmine</span> <span class='ocrx_word' id='word_1_239' title='bbox 344 2593 384 2625; x_wconf 90' lang='lat' dir='ltr'>de</span> <span class='ocrx_word' id='word_1_240' title='bbox 409 2594 578 2626; x_wconf 84' lang='lat' dir='ltr'>Berenices</span> <span class='ocrx_word' id='word_1_241' title='bbox 600 2605 692 2627; x_wconf 89' lang='lat' dir='ltr'>coma</span> <span class='ocrx_word' id='word_1_242' title='bbox 715 2595 850 2638; x_wconf 87' lang='lat' dir='ltr'>colligit,</span> 
     </span>
     <span class='ocr_line' id='line_1_45' title="bbox 181 2643 852 2688; baseline 0.007 -15"><span class='ocrx_word' id='word_1_243' title='bbox 181 2643 324 2675; x_wconf 89' lang='lat' dir='ltr'>fabulam</span> <span class='ocrx_word' id='word_1_244' title='bbox 345 2644 385 2676; x_wconf 87' lang='lat' dir='ltr'>de</span> <span class='ocrx_word' id='word_1_245' title='bbox 406 2644 569 2682; x_wconf 89' lang='lat' dir='ltr'>Chloride,</span> <span class='ocrx_word' id='word_1_246' title='bbox 590 2645 726 2688; x_wconf 86' lang='lat' dir='ltr'>Zephyri</span> <span class='ocrx_word' id='word_1_247' title='bbox 746 2657 852 2684; x_wconf 87' lang='lat' dir='ltr'>uxore,</span> 
     </span>
     <span class='ocr_line' id='line_1_46' title="bbox 182 2691 851 2737; baseline 0.006 -14"><span class='ocrx_word' id='word_1_248' title='bbox 182 2691 278 2724; x_wconf 86' lang='lat' dir='ltr'>fuisse</span> <span class='ocrx_word' id='word_1_249' title='bbox 304 2694 489 2736; x_wconf 83' lang='lat' dir='ltr'>antiquam-3</span> <span class='ocrx_word' id='word_1_250' title='bbox 520 2705 589 2726; x_wconf 88' lang='lat' dir='ltr'>eam</span> <span class='ocrx_word' id='word_1_251' title='bbox 617 2701 727 2737; x_wconf 85' lang='lat' dir='ltr'>poetas</span> <span class='ocrx_word' id='word_1_252' title='bbox 751 2695 851 2727; x_wconf 87' lang='lat' dir='ltr'>Alex-</span> 
     </span>
     <span class='ocr_line' id='line_1_47' title="bbox 182 2741 851 2779; baseline 0.004 -7"><span class='ocrx_word' id='word_1_253' title='bbox 182 2741 329 2774; x_wconf 86' lang='lat' dir='ltr'>andrinos</span> <span class='ocrx_word' id='word_1_254' title='bbox 350 2744 389 2775; x_wconf 89' lang='lat' dir='ltr'>ad</span> <span class='ocrx_word' id='word_1_255' title='bbox 406 2743 574 2779; x_wconf 87' lang='lat' dir='ltr'>Arsinoen.</span> <span class='ocrx_word' id='word_1_256' title='bbox 591 2744 755 2777; x_wconf 82' lang='lat' dir='ltr'>Ptolemaei</span> <span class='ocrx_word' id='word_1_257' title='bbox 776 2744 851 2776; x_wconf 88' lang='lat' dir='ltr'>Phi-</span> 
     </span>
    </p>
   </div>
   <div class='ocr_carea' id='block_1_5' title="bbox 914 947 1601 2786">
    <p class='ocr_par' dir='ltr' id='par_1_9' title="bbox 914 947 1593 1082">
     <span class='ocr_line' id='line_1_48' title="bbox 914 947 1592 993; baseline -0.004 -11"><span class='ocrx_word' id='word_1_258' title='bbox 914 951 1057 993; x_wconf 83' lang='lat' dir='ltr'>ladelphi</span> <span class='ocrx_word' id='word_1_259' title='bbox 1079 961 1220 987; x_wconf 86' lang='lat' dir='ltr'>uxorem,</span> <span class='ocrx_word' id='word_1_260' title='bbox 1236 948 1447 986; x_wconf 86' lang='lat' dir='ltr'>transtulisse,</span> <span class='ocrx_word' id='word_1_261' title='bbox 1463 954 1495 980; x_wconf 92' lang='lat' dir='ltr'>et</span> <span class='ocrx_word' id='word_1_262' title='bbox 1512 947 1592 980; x_wconf 86' lang='lat' dir='ltr'>Ovi-</span> 
     </span>
     <span class='ocr_line' id='line_1_49' title="bbox 914 997 1593 1031; baseline -0.003 0"><span class='ocrx_word' id='word_1_263' title='bbox 914 1000 1003 1031; x_wconf 86' lang='lat' dir='ltr'>dium</span> <span class='ocrx_word' id='word_1_264' title='bbox 1043 1000 1120 1031; x_wconf 83' lang='lat' dir='ltr'>forte</span> <span class='ocrx_word' id='word_1_265' title='bbox 1160 1011 1177 1031; x_wconf 93' lang='lat' dir='ltr'>e</span> <span class='ocrx_word' id='word_1_266' title='bbox 1216 998 1410 1031; x_wconf 85' lang='lat' dir='ltr'>Callimachi</span> <span class='ocrx_word' id='word_1_267' title='bbox 1451 997 1593 1030; x_wconf 86' lang='lat' dir='ltr'>carmine</span> 
     </span>
     <span class='ocr_line' id='line_1_50' title="bbox 915 1050 1184 1082; baseline -0.004 0"><span class='ocrx_word' id='word_1_268' title='bbox 915 1050 1010 1082; x_wconf 78' lang='grc' dir='ltr'>Αἰτια</span> <span class='ocrx_word' id='word_1_269' title='bbox 1028 1050 1184 1081; x_wconf 86' lang='lat' dir='ltr'>hausisse.</span> 
     </span>
    </p>

    <p class='ocr_par' dir='ltr' id='par_1_10' title="bbox 915 1098 1601 2786">
     <span class='ocr_line' id='line_1_51' title="bbox 962 1098 1586 1140; baseline -0.002 -10"><span class='ocrx_word' id='word_1_270' title='bbox 962 1100 1080 1131; x_wconf 80' lang='lat' dir='ltr'>Chloris</span> <span class='ocrx_word' id='word_1_271' title='bbox 1112 1111 1207 1135; x_wconf 75' lang='lat' dir='ltr'>erum,</span> <span class='ocrx_word' id='word_1_272' title='bbox 1235 1099 1315 1140; x_wconf 88' lang='lat' dir='ltr'>etc.]</span> <span class='ocrx_word' id='word_1_273' title='bbox 1346 1098 1439 1130; x_wconf 85' lang='lat' dir='ltr'>Flora</span> <span class='ocrx_word' id='word_1_274' title='bbox 1469 1108 1586 1129; x_wconf 90' lang='lat' dir='ltr'>nomen</span> 
     </span>
     <span class='ocr_line' id='line_1_52' title="bbox 915 1147 1590 1192; baseline -0.001 -12"><span class='ocrx_word' id='word_1_275' title='bbox 915 1156 1024 1192; x_wconf 84' lang='lat' dir='ltr'>aperte</span> <span class='ocrx_word' id='word_1_276' title='bbox 1047 1149 1143 1181; x_wconf 88' lang='lat' dir='ltr'>habet</span> <span class='ocrx_word' id='word_1_277' title='bbox 1163 1161 1181 1181; x_wconf 88' lang='lat' dir='ltr'>a</span> <span class='ocrx_word' id='word_1_278' title='bbox 1203 1149 1351 1187; x_wconf 85' lang='lat' dir='ltr'>floribus3</span> <span class='ocrx_word' id='word_1_279' title='bbox 1375 1148 1431 1180; x_wconf 91' lang='lat' dir='ltr'>sed</span> <span class='ocrx_word' id='word_1_280' title='bbox 1453 1147 1590 1180; x_wconf 87' lang='lat' dir='ltr'>Ovidius</span> 
     </span>
     <span class='ocr_line' id='line_1_53' title="bbox 916 1198 1594 1235; baseline -0.003 -4"><span class='ocrx_word' id='word_1_281' title='bbox 916 1200 984 1231; x_wconf 84' lang='lat' dir='ltr'>haec</span> <span class='ocrx_word' id='word_1_282' title='bbox 1023 1200 1125 1235; x_wconf 80' lang='lat' dir='ltr'>finxit,</span> <span class='ocrx_word' id='word_1_283' title='bbox 1153 1205 1188 1230; x_wconf 88' lang='lat' dir='ltr'>ut</span> <span class='ocrx_word' id='word_1_284' title='bbox 1227 1210 1243 1230; x_wconf 91' lang='lat' dir='ltr'>e</span> <span class='ocrx_word' id='word_1_285' title='bbox 1281 1198 1432 1231; x_wconf 89' lang='lat' dir='ltr'>Chloride</span> <span class='ocrx_word' id='word_1_286' title='bbox 1468 1198 1594 1230; x_wconf 86' lang='lat' dir='ltr'>Floram</span> 
     </span>
     <span class='ocr_line' id='line_1_54' title="bbox 917 1250 1594 1293; baseline -0.001 -12"><span class='ocrx_word' id='word_1_287' title='bbox 917 1250 1020 1281; x_wconf 82' lang='lat' dir='ltr'>facere</span> <span class='ocrx_word' id='word_1_288' title='bbox 1059 1256 1173 1293; x_wconf 84' lang='lat' dir='ltr'>posset.</span> <span class='ocrx_word' id='word_1_289' title='bbox 1236 1250 1296 1280; x_wconf 92' lang='lat' dir='ltr'>Pro</span> <span class='ocrx_word' id='word_1_290' title='bbox 1330 1255 1486 1290; x_wconf 82' lang='lat' dir='ltr'>corrupta,</span> <span class='ocrx_word' id='word_1_291' title='bbox 1520 1259 1594 1280; x_wconf 89' lang='lat' dir='ltr'>cum</span> 
     </span>
     <span class='ocr_line' id='line_1_55' title="bbox 917 1300 1594 1340; baseline -0.001 -9"><span class='ocrx_word' id='word_1_292' title='bbox 917 1300 1049 1331; x_wconf 86' lang='lat' dir='ltr'>Horatio</span> <span class='ocrx_word' id='word_1_293' title='bbox 1073 1300 1145 1331; x_wconf 92' lang='lat' dir='ltr'>Art.</span> <span class='ocrx_word' id='word_1_294' title='bbox 1172 1300 1262 1331; x_wconf 88' lang='lat' dir='ltr'>Poet.</span> <span class='ocrx_word' id='word_1_295' title='bbox 1283 1300 1337 1336; x_wconf 82' lang='lat'>53,</span> <span class='ocrx_word' id='word_1_296' title='bbox 1357 1311 1450 1340; x_wconf 82' lang='lat' dir='ltr'>parce</span> <span class='ocrx_word' id='word_1_297' title='bbox 1472 1301 1594 1331; x_wconf 84' lang='lat' dir='ltr'>detorta</span> 
     </span>
     <span class='ocr_line' id='line_1_56' title="bbox 917 1349 1593 1392; baseline 0 -11"><span class='ocrx_word' id='word_1_298' title='bbox 917 1350 1023 1381; x_wconf 88' lang='lat' dir='ltr'>dicere</span> <span class='ocrx_word' id='word_1_299' title='bbox 1039 1350 1207 1392; x_wconf 85' lang='lat' dir='ltr'>potuisset.</span> <span class='ocrx_word' id='word_1_300' title='bbox 1257 1349 1377 1380; x_wconf 82' lang='lat' dir='ltr'>Chloris</span> <span class='ocrx_word' id='word_1_301' title='bbox 1392 1356 1440 1381; x_wconf 88' lang='lat' dir='ltr'>est</span> <span class='ocrx_word' id='word_1_302' title='bbox 1455 1360 1471 1380; x_wconf 86' lang='lat' dir='ltr'>a</span> <span class='ocrx_word' id='word_1_303' title='bbox 1488 1360 1593 1391; x_wconf 86' lang='lat' dir='ltr'>graeco</span> 
     </span>
     <span class='ocr_line' id='line_1_57' title="bbox 918 1399 1595 1442; baseline 0 -11"><span class='ocrx_word' id='word_1_304' title='bbox 918 1401 1062 1442; x_wconf 80' lang='grc' dir='ltr'>χλωρὸς,</span> <span class='ocrx_word' id='word_1_305' title='bbox 1094 1399 1213 1436; x_wconf 86' lang='lat' dir='ltr'>viridis,</span> <span class='ocrx_word' id='word_1_306' title='bbox 1243 1399 1364 1441; x_wconf 85' lang='lat' dir='ltr'>vigens,</span> <span class='ocrx_word' id='word_1_307' title='bbox 1401 1400 1526 1436; x_wconf 88' lang='lat' dir='ltr'>florens,</span> <span class='ocrx_word' id='word_1_308' title='bbox 1559 1405 1595 1431; x_wconf 90' lang='lat' dir='ltr'>ut</span> 
     </span>
     <span class='ocr_line' id='line_1_58' title="bbox 919 1449 1594 1482; baseline 0 -1"><span class='ocrx_word' id='word_1_309' title='bbox 919 1450 998 1482; x_wconf 89' lang='lat' dir='ltr'>adeo</span> <span class='ocrx_word' id='word_1_310' title='bbox 1015 1450 1083 1481; x_wconf 86' lang='lat' dir='ltr'>haec</span> <span class='ocrx_word' id='word_1_311' title='bbox 1100 1449 1163 1481; x_wconf 93' lang='lat' dir='ltr'>duo</span> <span class='ocrx_word' id='word_1_312' title='bbox 1181 1450 1310 1481; x_wconf 87' lang='lat' dir='ltr'>nomina</span> <span class='ocrx_word' id='word_1_313' title='bbox 1324 1460 1418 1481; x_wconf 88' lang='lat' dir='ltr'>sensu</span> <span class='ocrx_word' id='word_1_314' title='bbox 1435 1460 1498 1481; x_wconf 89' lang='lat' dir='ltr'>non</span> <span class='ocrx_word' id='word_1_315' title='bbox 1513 1450 1594 1481; x_wconf 88' lang='lat' dir='ltr'>mul-</span> 
     </span>
     <span class='ocr_line' id='line_1_59' title="bbox 919 1499 1593 1542; baseline 0.001 -12"><span class='ocrx_word' id='word_1_316' title='bbox 919 1505 986 1530; x_wconf 85' lang='lat' dir='ltr'>tum</span> <span class='ocrx_word' id='word_1_317' title='bbox 1002 1500 1083 1530; x_wconf 88' lang='lat' dir='ltr'>inter</span> <span class='ocrx_word' id='word_1_318' title='bbox 1098 1510 1131 1530; x_wconf 90' lang='lat' dir='ltr'>se</span> <span class='ocrx_word' id='word_1_319' title='bbox 1149 1499 1309 1530; x_wconf 83' lang='lat' dir='ltr'>differant.</span> <span class='ocrx_word' id='word_1_320' title='bbox 1349 1499 1593 1542; x_wconf 76' lang='lat' dir='ltr'>Canzpifelicis;</span> 
     </span>
     <span class='ocr_line' id='line_1_60' title="bbox 919 1548 1594 1592; baseline 0.001 -13"><span class='ocrx_word' id='word_1_321' title='bbox 919 1549 1062 1589; x_wconf 85' lang='lat' dir='ltr'>intellige</span> <span class='ocrx_word' id='word_1_322' title='bbox 1076 1549 1197 1580; x_wconf 88' lang='lat' dir='ltr'>insulas</span> <span class='ocrx_word' id='word_1_323' title='bbox 1212 1548 1400 1585; x_wconf 83' lang='lat' dir='ltr'>fortunatas,</span> <span class='ocrx_word' id='word_1_324' title='bbox 1416 1559 1498 1591; x_wconf 89' lang='lat' dir='ltr'>quas</span> <span class='ocrx_word' id='word_1_325' title='bbox 1512 1560 1594 1592; x_wconf 84' lang='lat' dir='ltr'>prae-</span> 
     </span>
     <span class='ocr_line' id='line_1_61' title="bbox 918 1598 1594 1642; baseline 0 -11"><span class='ocrx_word' id='word_1_326' title='bbox 918 1605 1013 1631; x_wconf 88' lang='lat' dir='ltr'>eunte</span> <span class='ocrx_word' id='word_1_327' title='bbox 1045 1599 1188 1630; x_wconf 88' lang='lat' dir='ltr'>Hesiodo</span> <span class='ocrx_word' id='word_1_328' title='bbox 1210 1598 1308 1642; x_wconf 80' lang='grc' dir='ltr'>Ἐργ.</span> <span class='ocrx_word' id='word_1_329' title='bbox 1336 1600 1397 1630; x_wconf 91' lang='grc'>170</span> <span class='ocrx_word' id='word_1_330' title='bbox 1427 1610 1500 1642; x_wconf 89' lang='lat' dir='ltr'>sqq.</span> <span class='ocrx_word' id='word_1_331' title='bbox 1527 1599 1594 1631; x_wconf 89' lang='lat' dir='ltr'>Ho-</span> 
     </span>
     <span class='ocr_line' id='line_1_62' title="bbox 920 1649 1595 1692; baseline 0.001 -12"><span class='ocrx_word' id='word_1_332' title='bbox 920 1650 1030 1686; x_wconf 83' lang='lat' dir='ltr'>ratius,</span> <span class='ocrx_word' id='word_1_333' title='bbox 1053 1650 1112 1692; x_wconf 85' lang='lat' dir='ltr'>Ep.</span> <span class='ocrx_word' id='word_1_334' title='bbox 1133 1649 1197 1680; x_wconf 89' lang='lat' dir='ltr'>xvi.</span> <span class='ocrx_word' id='word_1_335' title='bbox 1216 1651 1269 1680; x_wconf 87' lang='grc'>41.</span> <span class='ocrx_word' id='word_1_336' title='bbox 1293 1649 1457 1687; x_wconf 86' lang='lat' dir='ltr'>describit,</span> <span class='ocrx_word' id='word_1_337' title='bbox 1481 1660 1595 1692; x_wconf 88' lang='lat' dir='ltr'>quam-</span> 
     </span>
     <span class='ocr_line' id='line_1_63' title="bbox 920 1699 1590 1741; baseline 0.004 -12"><span class='ocrx_word' id='word_1_338' title='bbox 920 1709 1017 1741; x_wconf 87' lang='lat' dir='ltr'>quam</span> <span class='ocrx_word' id='word_1_339' title='bbox 1043 1699 1138 1730; x_wconf 85' lang='lat' dir='ltr'>etiam</span> <span class='ocrx_word' id='word_1_340' title='bbox 1166 1699 1336 1736; x_wconf 89' lang='lat' dir='ltr'>Homerus,</span> <span class='ocrx_word' id='word_1_341' title='bbox 1360 1699 1424 1731; x_wconf 86' lang='lat' dir='ltr'>Od.</span> <span class='ocrx_word' id='word_1_342' title='bbox 1449 1705 1487 1732; x_wconf 92' lang='grc' dir='ltr'>Δ.</span> <span class='ocrx_word' id='word_1_343' title='bbox 1511 1701 1590 1732; x_wconf 87' lang='grc'><strong>563.</strong></span> 
     </span>
     <span class='ocr_line' id='line_1_64' title="bbox 920 1748 1597 1792; baseline 0.006 -14"><span class='ocrx_word' id='word_1_344' title='bbox 920 1748 1024 1779; x_wconf 89' lang='lat' dir='ltr'>simile</span> <span class='ocrx_word' id='word_1_345' title='bbox 1041 1748 1118 1790; x_wconf 89' lang='lat' dir='ltr'>quid</span> <span class='ocrx_word' id='word_1_346' title='bbox 1136 1748 1175 1780; x_wconf 87' lang='lat' dir='ltr'>de</span> <span class='ocrx_word' id='word_1_347' title='bbox 1194 1759 1307 1792; x_wconf 88' lang='lat' dir='ltr'>campo</span> <span class='ocrx_word' id='word_1_348' title='bbox 1327 1749 1437 1791; x_wconf 88' lang='lat' dir='ltr'>Elysio</span> <span class='ocrx_word' id='word_1_349' title='bbox 1456 1749 1498 1781; x_wconf 78' lang='lat' dir='ltr'>ad</span> <span class='ocrx_word' id='word_1_350' title='bbox 1517 1749 1597 1782; x_wconf 85' lang='lat' dir='ltr'>fines</span> 
     </span>
     <span class='ocr_line' id='line_1_65' title="bbox 920 1798 1598 1837; baseline 0.004 -8"><span class='ocrx_word' id='word_1_351' title='bbox 920 1804 1010 1829; x_wconf 81' lang='lat' dir='ltr'>terrae</span> <span class='ocrx_word' id='word_1_352' title='bbox 1035 1798 1176 1830; x_wconf 87' lang='lat' dir='ltr'>tradidit.</span> <span class='ocrx_word' id='word_1_353' title='bbox 1223 1798 1263 1829; x_wconf 88' lang='lat' dir='ltr'>In</span> <span class='ocrx_word' id='word_1_354' title='bbox 1286 1798 1350 1830; x_wconf 89' lang='lat' dir='ltr'>illis</span> <span class='ocrx_word' id='word_1_355' title='bbox 1373 1799 1498 1837; x_wconf 84' lang='lat' dir='ltr'>insulis,</span> <span class='ocrx_word' id='word_1_356' title='bbox 1521 1803 1598 1832; x_wconf 82' lang='lat' dir='ltr'>Ma-</span> 
     </span>
     <span class='ocr_line' id='line_1_66' title="bbox 921 1847 1598 1892; baseline 0.001 -12"><span class='ocrx_word' id='word_1_357' title='bbox 921 1847 1033 1890; x_wconf 82' lang='grc' dir='ltr'>κάρων</span> <span class='ocrx_word' id='word_1_358' title='bbox 1059 1848 1203 1887; x_wconf 80' lang='grc' dir='ltr'><em>νήσοισι,</em></span> <span class='ocrx_word' id='word_1_359' title='bbox 1223 1849 1319 1891; x_wconf 88' lang='lat' dir='ltr'>juxta</span> <span class='ocrx_word' id='word_1_360' title='bbox 1345 1859 1502 1881; x_wconf 90' lang='lat' dir='ltr'>oceanum</span> <span class='ocrx_word' id='word_1_361' title='bbox 1524 1860 1598 1892; x_wconf 87' lang='lat' dir='ltr'>pro-</span> 
     </span>
     <span class='ocr_line' id='line_1_67' title="bbox 921 1898 1599 1943; baseline 0.006 -15"><span class='ocrx_word' id='word_1_362' title='bbox 921 1898 1069 1935; x_wconf 84' lang='lat' dir='ltr'>fundum,</span> <span class='ocrx_word' id='word_1_363' title='bbox 1095 1898 1182 1929; x_wconf 89' lang='lat' dir='ltr'>beati</span> <span class='ocrx_word' id='word_1_364' title='bbox 1206 1898 1326 1936; x_wconf 89' lang='lat' dir='ltr'>heroes,</span> <span class='ocrx_word' id='word_1_365' title='bbox 1350 1898 1458 1940; x_wconf 84' lang='grc' dir='ltr'>ὄλβιοι</span> <span class='ocrx_word' id='word_1_366' title='bbox 1482 1899 1599 1943; x_wconf 80' lang='grc' dir='ltr'><strong><em>ἥρωες,</em></strong></span> 
     </span>
     <span class='ocr_line' id='line_1_68' title="bbox 921 1947 1599 1991; baseline 0.004 -13"><span class='ocrx_word' id='word_1_367' title='bbox 921 1948 987 1979; x_wconf 86' lang='lat' dir='ltr'>siue</span> <span class='ocrx_word' id='word_1_368' title='bbox 1014 1948 1098 1979; x_wconf 88' lang='lat' dir='ltr'>curis</span> <span class='ocrx_word' id='word_1_369' title='bbox 1124 1947 1282 1984; x_wconf 89' lang='lat' dir='ltr'>habitant,</span> <span class='ocrx_word' id='word_1_370' title='bbox 1310 1948 1412 1991; x_wconf 86' lang='lat' dir='ltr'>iisque</span> <span class='ocrx_word' id='word_1_371' title='bbox 1440 1954 1524 1981; x_wconf 89' lang='lat' dir='ltr'>terra</span> <span class='ocrx_word' id='word_1_372' title='bbox 1550 1955 1599 1981; x_wconf 90' lang='lat' dir='ltr'>ter</span> 
     </span>
     <span class='ocr_line' id='line_1_69' title="bbox 921 1997 1597 2041; baseline 0.004 -13"><span class='ocrx_word' id='word_1_373' title='bbox 921 1998 1091 2040; x_wconf 87' lang='lat' dir='ltr'>quotannis</span> <span class='ocrx_word' id='word_1_374' title='bbox 1128 1997 1255 2029; x_wconf 88' lang='lat' dir='ltr'>dulcem</span> <span class='ocrx_word' id='word_1_375' title='bbox 1287 1998 1425 2029; x_wconf 84' lang='lat' dir='ltr'>fructum</span> <span class='ocrx_word' id='word_1_376' title='bbox 1464 1999 1597 2041; x_wconf 84' lang='lat' dir='ltr'>profert.</span> 
     </span>
     <span class='ocr_line' id='line_1_70' title="bbox 922 2048 1599 2087; baseline 0.004 -9"><span class='ocrx_word' id='word_1_377' title='bbox 922 2049 1064 2079; x_wconf 87' lang='lat' dir='ltr'>Auctore</span> <span class='ocrx_word' id='word_1_378' title='bbox 1094 2048 1268 2079; x_wconf 85' lang='lat' dir='ltr'>Plutarcho</span> <span class='ocrx_word' id='word_1_379' title='bbox 1297 2048 1330 2079; x_wconf 90' lang='lat' dir='ltr'>in</span> <span class='ocrx_word' id='word_1_380' title='bbox 1358 2048 1435 2080; x_wconf 85' lang='lat' dir='ltr'>Vita</span> <span class='ocrx_word' id='word_1_381' title='bbox 1457 2049 1599 2087; x_wconf 86' lang='lat' dir='ltr'>Sertorii,</span> 
     </span>
     <span class='ocr_line' id='line_1_71' title="bbox 922 2097 1595 2142; baseline 0.003 -13"><span class='ocrx_word' id='word_1_382' title='bbox 922 2109 995 2141; x_wconf 89' lang='lat' dir='ltr'>cap.</span> <span class='ocrx_word' id='word_1_383' title='bbox 1013 2099 1043 2129; x_wconf 81' lang='lat'>8.</span> <span class='ocrx_word' id='word_1_384' title='bbox 1060 2097 1232 2129; x_wconf 86' lang='lat' dir='ltr'>duodecies</span> <span class='ocrx_word' id='word_1_385' title='bbox 1248 2104 1384 2130; x_wconf 90' lang='lat' dir='ltr'>centena</span> <span class='ocrx_word' id='word_1_386' title='bbox 1401 2098 1504 2130; x_wconf 88' lang='lat' dir='ltr'>millia</span> <span class='ocrx_word' id='word_1_387' title='bbox 1521 2110 1595 2142; x_wconf 85' lang='lat' dir='ltr'>pas-</span> 
     </span>
     <span class='ocr_line' id='line_1_72' title="bbox 923 2147 1599 2186; baseline 0.003 -8"><span class='ocrx_word' id='word_1_388' title='bbox 923 2158 1015 2179; x_wconf 88' lang='lat' dir='ltr'>suum</span> <span class='ocrx_word' id='word_1_389' title='bbox 1040 2148 1081 2179; x_wconf 88' lang='lat' dir='ltr'>ab</span> <span class='ocrx_word' id='word_1_390' title='bbox 1100 2147 1214 2179; x_wconf 86' lang='lat' dir='ltr'>Africa</span> <span class='ocrx_word' id='word_1_391' title='bbox 1236 2147 1375 2186; x_wconf 81' lang='lat' dir='ltr'>distant3</span> <span class='ocrx_word' id='word_1_392' title='bbox 1407 2155 1440 2180; x_wconf 86' lang='lat' dir='ltr'>et</span> <span class='ocrx_word' id='word_1_393' title='bbox 1462 2149 1599 2181; x_wconf 85' lang='lat' dir='ltr'>Barbari</span> 
     </span>
     <span class='ocr_line' id='line_1_73' title="bbox 923 2197 1597 2241; baseline 0.003 -12"><span class='ocrx_word' id='word_1_394' title='bbox 923 2197 999 2229; x_wconf 89' lang='lat' dir='ltr'>olim</span> <span class='ocrx_word' id='word_1_395' title='bbox 1018 2197 1193 2229; x_wconf 89' lang='lat' dir='ltr'>credebant</span> <span class='ocrx_word' id='word_1_396' title='bbox 1211 2208 1342 2241; x_wconf 86' lang='lat' dir='ltr'>campos</span> <span class='ocrx_word' id='word_1_397' title='bbox 1361 2198 1406 2230; x_wconf 88' lang='lat' dir='ltr'>ibi</span> <span class='ocrx_word' id='word_1_398' title='bbox 1421 2198 1549 2241; x_wconf 87' lang='lat' dir='ltr'>Elysios</span> <span class='ocrx_word' id='word_1_399' title='bbox 1563 2204 1597 2231; x_wconf 83' lang='lat' dir='ltr'>et</span> 
     </span>
     <span class='ocr_line' id='line_1_74' title="bbox 923 2247 1599 2291; baseline 0.004 -13"><span class='ocrx_word' id='word_1_400' title='bbox 923 2247 1030 2279; x_wconf 84' lang='lat' dir='ltr'>sedem</span> <span class='ocrx_word' id='word_1_401' title='bbox 1047 2248 1277 2279; x_wconf 88' lang='lat' dir='ltr'>fortunatorum</span> <span class='ocrx_word' id='word_1_402' title='bbox 1291 2247 1400 2285; x_wconf 83' lang='lat' dir='ltr'>fuisse,</span> <span class='ocrx_word' id='word_1_403' title='bbox 1418 2259 1515 2291; x_wconf 90' lang='lat' dir='ltr'>quam</span> <span class='ocrx_word' id='word_1_404' title='bbox 1530 2250 1599 2281; x_wconf 91' lang='lat' dir='ltr'>Ho-</span> 
     </span>
     <span class='ocr_line' id='line_1_75' title="bbox 923 2298 1599 2341; baseline 0.004 -12"><span class='ocrx_word' id='word_1_405' title='bbox 923 2309 1028 2329; x_wconf 89' lang='lat' dir='ltr'>merus</span> <span class='ocrx_word' id='word_1_406' title='bbox 1043 2298 1232 2330; x_wconf 85' lang='lat' dir='ltr'>laudaverit.</span> <span class='ocrx_word' id='word_1_407' title='bbox 1276 2299 1397 2330; x_wconf 89' lang='lat' dir='ltr'>Putant</span> <span class='ocrx_word' id='word_1_408' title='bbox 1413 2298 1599 2341; x_wconf 85' lang='lat' dir='ltr'>designatas</span> 
     </span>
     <span class='ocr_line' id='line_1_76' title="bbox 921 2348 1599 2391; baseline 0.006 -13"><span class='ocrx_word' id='word_1_409' title='bbox 921 2358 988 2379; x_wconf 86' lang='lat' dir='ltr'>esse</span> <span class='ocrx_word' id='word_1_410' title='bbox 1009 2348 1078 2379; x_wconf 87' lang='lat' dir='ltr'>istis</span> <span class='ocrx_word' id='word_1_411' title='bbox 1095 2348 1227 2385; x_wconf 88' lang='lat' dir='ltr'>insulas,</span> <span class='ocrx_word' id='word_1_412' title='bbox 1250 2359 1321 2391; x_wconf 85' lang='lat' dir='ltr'>quae</span> <span class='ocrx_word' id='word_1_413' title='bbox 1342 2348 1436 2380; x_wconf 90' lang='lat' dir='ltr'>hodie</span> <span class='ocrx_word' id='word_1_414' title='bbox 1457 2348 1599 2382; x_wconf 65' lang='lat' dir='ltr'>Cavmriae</span> 
     </span>
     <span class='ocr_line' id='line_1_77' title="bbox 921 2397 1599 2441; baseline 0.003 -13"><span class='ocrx_word' id='word_1_415' title='bbox 921 2397 1091 2437; x_wconf 82' lang='lat' dir='ltr'>dicuntur3</span> <span class='ocrx_word' id='word_1_416' title='bbox 1108 2398 1173 2430; x_wconf 93' lang='lat' dir='ltr'>vid.</span> <span class='ocrx_word' id='word_1_417' title='bbox 1189 2398 1308 2440; x_wconf 89' lang='lat' dir='ltr'>Heynii</span> <span class='ocrx_word' id='word_1_418' title='bbox 1322 2398 1481 2441; x_wconf 87' lang='lat' dir='ltr'>Opuscul.</span> <span class='ocrx_word' id='word_1_419' title='bbox 1492 2398 1599 2430; x_wconf 84' lang='lat' dir='ltr'>Acad.</span> 
     </span>
     <span class='ocr_line' id='line_1_78' title="bbox 920 2448 1598 2491; baseline 0.003 -13"><span class='ocrx_word' id='word_1_420' title='bbox 920 2448 984 2479; x_wconf 87' lang='lat' dir='ltr'>vol.</span> <span class='ocrx_word' id='word_1_421' title='bbox 1004 2448 1025 2479; x_wconf 90' lang='lat' dir='ltr'>i.</span> <span class='ocrx_word' id='word_1_422' title='bbox 1042 2460 1075 2491; x_wconf 91' lang='lat' dir='ltr'>p.</span> <span class='ocrx_word' id='word_1_423' title='bbox 1094 2449 1172 2480; x_wconf 90' lang='lat'>395.</span> <span class='ocrx_word' id='word_1_424' title='bbox 1194 2455 1226 2479; x_wconf 90' lang='lat' dir='ltr'>et</span> <span class='ocrx_word' id='word_1_425' title='bbox 1245 2448 1537 2480; x_wconf 85' lang='lat' dir='ltr'>Mitscherlichium</span> <span class='ocrx_word' id='word_1_426' title='bbox 1556 2448 1598 2480; x_wconf 88' lang='lat' dir='ltr'>ad</span> 
     </span>
     <span class='ocr_line' id='line_1_79' title="bbox 922 2498 1599 2530; baseline 0.001 -1"><span class='ocrx_word' id='word_1_427' title='bbox 922 2498 1089 2530; x_wconf 88' lang='lat' dir='ltr'>Horatium</span> <span class='ocrx_word' id='word_1_428' title='bbox 1114 2498 1200 2530; x_wconf 89' lang='lat' dir='ltr'>dicto</span> <span class='ocrx_word' id='word_1_429' title='bbox 1223 2499 1305 2530; x_wconf 93' lang='lat' dir='ltr'>loco.</span> <span class='ocrx_word' id='word_1_430' title='bbox 1357 2500 1440 2530; x_wconf 87' lang='lat' dir='ltr'>Ante</span> <span class='ocrx_word' id='word_1_431' title='bbox 1461 2499 1599 2530; x_wconf 86' lang='lat' dir='ltr'>Lenzius</span> 
     </span>
     <span class='ocr_line' id='line_1_80' title="bbox 923 2547 1601 2590; baseline 0.001 -12"><span class='ocrx_word' id='word_1_432' title='bbox 923 2548 1086 2590; x_wconf 87' lang='lat' dir='ltr'>conjungit</span> <span class='ocrx_word' id='word_1_433' title='bbox 1121 2559 1194 2579; x_wconf 90' lang='lat' dir='ltr'>cum</span> <span class='ocrx_word' id='word_1_434' title='bbox 1225 2550 1297 2585; x_wconf 75' lang='lat' dir='ltr'>viri,</span> <span class='ocrx_word' id='word_1_435' title='bbox 1326 2553 1363 2579; x_wconf 89' lang='lat' dir='ltr'>ut</span> <span class='ocrx_word' id='word_1_436' title='bbox 1389 2548 1418 2579; x_wconf 85' lang='grc' dir='ltr'>οὶ</span> <span class='ocrx_word' id='word_1_437' title='bbox 1448 2548 1544 2589; x_wconf 82' lang='grc' dir='ltr'><strong><em>πρὶν,</em></strong></span> <span class='ocrx_word' id='word_1_438' title='bbox 1570 2547 1601 2579; x_wconf 81' lang='grc' dir='ltr'>οἱ</span> 
     </span>
     <span class='ocr_line' id='line_1_81' title="bbox 924 2596 1600 2639; baseline -0.003 -10"><span class='ocrx_word' id='word_1_439' title='bbox 924 2597 1069 2639; x_wconf 81' lang='grc' dir='ltr'>πρόσθεν</span> <span class='ocrx_word' id='word_1_440' title='bbox 1105 2596 1337 2639; x_wconf 83' lang='lat' dir='ltr'>intelligantur.</span> <span class='ocrx_word' id='word_1_441' title='bbox 1396 2597 1465 2639; x_wconf 85' lang='lat' dir='ltr'>Ego</span> <span class='ocrx_word' id='word_1_442' title='bbox 1497 2596 1600 2639; x_wconf 88' lang='lat' dir='ltr'>jungo</span> 
     </span>
     <span class='ocr_line' id='line_1_82' title="bbox 923 2646 1598 2689; baseline -0.003 -10"><span class='ocrx_word' id='word_1_443' title='bbox 923 2658 995 2679; x_wconf 85' lang='lat' dir='ltr'>curn</span> <span class='ocrx_word' id='word_1_444' title='bbox 1016 2646 1132 2689; x_wconf 82' lang='lat' dir='ltr'>fuisse,</span> <span class='ocrx_word' id='word_1_445' title='bbox 1162 2646 1238 2678; x_wconf 89' lang='lat' dir='ltr'>olim</span> <span class='ocrx_word' id='word_1_446' title='bbox 1275 2647 1384 2684; x_wconf 86' lang='lat' dir='ltr'>fuisse,</span> <span class='ocrx_word' id='word_1_447' title='bbox 1414 2655 1529 2688; x_wconf 86' lang='lat' dir='ltr'>nempe</span> <span class='ocrx_word' id='word_1_448' title='bbox 1559 2656 1598 2677; x_wconf 89' lang='lat' dir='ltr'>ea</span> 
     </span>
     <span class='ocr_line' id='line_1_83' title="bbox 922 2695 1595 2739; baseline -0.003 -11"><span class='ocrx_word' id='word_1_449' title='bbox 922 2703 1029 2733; x_wconf 63' lang='lat' dir='ltr'>aetate,</span> <span class='ocrx_word' id='word_1_450' title='bbox 1051 2708 1148 2739; x_wconf 85' lang='lat' dir='ltr'>quam</span> <span class='ocrx_word' id='word_1_451' title='bbox 1174 2696 1335 2728; x_wconf 89' lang='lat' dir='ltr'>Hesiodus</span> <span class='ocrx_word' id='word_1_452' title='bbox 1358 2695 1518 2728; x_wconf 89' lang='lat' dir='ltr'>heroicam</span> <span class='ocrx_word' id='word_1_453' title='bbox 1541 2706 1595 2727; x_wconf 88' lang='lat' dir='ltr'>vo-</span> 
     </span>
     <span class='ocr_line' id='line_1_84' title="bbox 921 2747 1516 2786; baseline -0.002 -8"><span class='ocrx_word' id='word_1_454' title='bbox 921 2753 972 2778; x_wconf 87' lang='lat' dir='ltr'>cat</span> <span class='ocrx_word' id='word_1_455' title='bbox 986 2759 993 2786; x_wconf 80' lang='lat'><em>3</em></span> <span class='ocrx_word' id='word_1_456' title='bbox 1018 2747 1062 2778; x_wconf 83' lang='lat' dir='ltr'>sic</span> <span class='ocrx_word' id='word_1_457' title='bbox 1078 2747 1160 2778; x_wconf 79' lang='lat' dir='ltr'>infra</span> <span class='ocrx_word' id='word_1_458' title='bbox 1178 2757 1241 2778; x_wconf 88' lang='lat' dir='ltr'>ver.</span> <span class='ocrx_word' id='word_1_459' title='bbox 1257 2747 1334 2783; x_wconf 81' lang='lat'>222,</span> <span class='ocrx_word' id='word_1_460' title='bbox 1351 2753 1422 2777; x_wconf 74' lang='lat' dir='ltr'>ante</span> <span class='ocrx_word' id='word_1_461' title='bbox 1437 2752 1516 2777; x_wconf 83' lang='lat' dir='ltr'>erat.</span> 
     </span>
    </p>
   </div>
  </div>
 </body>
</html>
