1830 3220
830 189 974 230 IBIS.

1522 190 1608 231 497

191 301 542 366 Infamemque
565 305 730 352 locum
753 305 958 354 sceleris
984 320 1098 368 quae
1121 305 1321 353 nomine
1341 305 1476 362 fecit,
1504 309 1601 354 365

258 379 454 428 Pressit
477 388 530 429 et
553 381 773 430 inductis
799 384 1027 431 membra
1051 390 1261 447 paterna
1285 383 1423 431 rotis.

189 455 262 503 Ut
279 457 512 520 juvenes,
538 475 734 522 pereas,
762 476 974 523 quorum
999 459 1198 523 fastigia
1222 460 1388 508 vultus

256 533 393 582 Olim
414 535 578 584 Piseae
605 537 889 585 sustinuere
913 537 1061 594 foris;

189 609 261 658 Ut
286 612 373 676 qui
401 613 655 677 perfusam
681 615 976 663 miserorum
1003 631 1140 680 saepe
1167 632 1432 679 procorum

254 687 374 752 Ipse
400 706 491 737 suo
516 691 696 739 melius
722 692 966 756 sanguine
993 693 1145 740 tinxit
1169 693 1408 750 humum;

1505 696 1603 740 370

185 764 422 815 Proditor
446 774 502 815 ut
526 769 644 817 saevi
670 770 821 834 periit
842 770 1020 833 auriga
1044 771 1261 835 tyranni,

253 843 353 899 Qui
379 862 508 893 nova
533 845 752 912 Myrtoae
779 847 983 895 nomina
1006 847 1126 896 fecit
1151 864 1328 911 aquae3

186 921 260 969 Ut
284 923 372 986 qui
397 925 622 973 velocem
647 925 833 975 frustra
857 927 1049 991 petiere
1075 926 1314 990 puellam,

253 999 392 1048 Dum
417 1009 568 1067 capta
592 1011 671 1051 est
696 1004 858 1068 pomis
883 1004 1074 1051 tardior
1099 1004 1183 1051 illa
1206 1003 1396 1060 tribus3

184 1075 256 1125 Ut
281 1078 370 1142 qui
395 1086 533 1130 tecta
556 1082 669 1129 novi
694 1082 904 1131 formam
931 1083 1150 1131 celantia
1174 1081 1385 1130 monstri

1501 1084 1600 1129 375

253 1154 511 1206 Intrarunt
534 1175 684 1207 caecae
710 1176 812 1208 non
837 1161 1097 1209 redeunda
1122 1161 1330 1217 domus;

186 1231 258 1281 Ut
282 1250 498 1297 quorum
524 1236 759 1286 AEacides
786 1237 923 1285 misit
947 1238 1196 1285 violentus
1222 1237 1272 1284 in
1299 1237 1426 1284 altos

252 1310 480 1376 Corpora
505 1331 621 1362 cum
646 1315 782 1363 senis
809 1316 966 1363 altera
992 1331 1114 1363 sena
1139 1330 1314 1377 rogos3

224 1472 299 1504 365.
335 1472 514 1516 Infamem]
556 1475 662 1507 Tullia
690 1476 856 1517 Tarquinii

180 1521 246 1554 filia
270 1530 457 1565 carpentum
478 1535 534 1567 per
559 1536 614 1557 ora
640 1525 737 1568 patris
758 1526 854 1557 inter-

180 1571 255 1603 fecti
267 1572 319 1614 agi
331 1573 437 1615 jussit,
448 1584 509 1616 quo
525 1575 644 1606 scelere
658 1575 728 1606 loco
741 1586 855 1607 nornen

179 1621 281 1654 dedit.
327 1623 412 1654 Nam
428 1624 517 1656 vicus
531 1624 586 1656 ille
603 1630 650 1656 est
666 1625 770 1657 dietus
786 1627 853 1657 Sce-

181 1672 309 1704 leratus.
344 1674 439 1705 Doni.

225 1723 300 1753 367.
322 1723 658 1765 Utjavenesfflereas]
684 1724 742 1755 His
755 1724 851 1756 versi-

178 1773 239 1804 bus
267 1773 493 1815 Hippodamiae
530 1775 616 1816 proci
655 1780 853 1816 tanguntur3

179 1832 258 1864 quos
282 1824 468 1860 OEnomaus,
493 1824 595 1855 Elidis
619 1830 651 1855 et
675 1824 757 1855 Pisae
782 1835 850 1861 rex,

178 1872 280 1904 curuli
296 1873 469 1904 certamine
487 1874 585 1905 victos
600 1874 735 1905 interfici
747 1874 853 1916 jussit.

178 1923 287 1959 Quum
301 1922 385 1953 enim
398 1924 573 1955 OEnomaus
586 1934 624 1955 ex
639 1924 768 1955 oraculo
783 1934 852 1966 per-

178 1972 326 2014 cepisset,
344 1972 518 2015 aliquaudo
541 1974 616 2010 fore,
636 1979 671 2005 ut
695 1984 714 2005 a
736 1984 852 2016 genero

178 2022 398 2059 conficeretur,
420 2024 566 2054 omnibus
593 2023 714 2055 artibus
742 2033 853 2066 procos

178 2071 219 2102 ab
235 2071 460 2114 Hippodamiae
484 2072 556 2104 filiae
580 2072 727 2115 conjugio
749 2073 852 2104 deter-

179 2131 246 2152 rere
267 2129 316 2152 est
337 2127 483 2153 conatus.
531 2122 631 2164 Equis
654 2122 739 2153 enim
763 2123 850 2158 fisus,

177 2181 258 2212 quos
294 2170 457 2213 Aquilone
493 2172 663 2203 velociores
700 2172 851 2208 habebat,

177 2225 338 2252 certamen
365 2222 474 2252 curule
504 2222 676 2264 proposuit,
703 2233 741 2253 ea
768 2221 850 2263 lege.

178 2276 213 2302 ut
236 2270 291 2312 qui
307 2270 406 2302 victor
426 2271 611 2308 exstitisset,
630 2271 852 2314 Hippodamiae

177 2319 305 2362 nuptias
334 2320 514 2360 obtineret;
553 2321 608 2363 qui
636 2332 709 2352 vero
736 2321 851 2358 victus,

178 2371 364 2402 temeritatis
386 2382 499 2414 poenas
519 2371 624 2414 capite
647 2371 747 2403 lueret
760 2383 769 2410 3
797 2382 849 2402 eo-

178 2431 241 2462 que
265 2426 358 2463 pacto
383 2432 445 2452 non
468 2432 587 2465 paucos
608 2421 674 2452 vita
693 2421 849 2463 privavit3

176 2480 312 2512 quorum
340 2470 457 2502 deinde
485 2472 593 2513 capita
618 2471 699 2502 Pisae
731 2470 850 2502 foribus

176 2519 272 2561 adfigi
293 2519 483 2563 imperabat,
501 2526 536 2552 ut
552 2520 623 2552 aliis
639 2519 764 2551 fastidio
786 2525 849 2550 ter-

176 2569 300 2611 rorique
317 2570 436 2601 forent:
464 2570 546 2602 unde
561 2570 651 2600 Naso
671 2580 777 2601 eorum
797 2569 850 2612 ju-

177 2628 294 2650 venum
336 2619 456 2656 vultus,
489 2619 628 2661 fastigia
673 2624 850 2662 nuncupat.

176 2668 278 2699 SALv.

223 2718 299 2750 369.
323 2718 366 2749 Ut
379 2720 432 2760 qui
445 2718 633 2761 prqfusam]
660 2719 853 2750 OEnomaum

177 2766 274 2798 dicit:
298 2767 354 2809 qui
380 2773 417 2799 ut
438 2768 532 2800 modo
555 2767 731 2804 docuimus,
751 2767 853 2798 trede—

222 2816 324 2848 VOL.
341 2817 383 2848 V.

926 1476 988 1506 cim
1003 1475 1106 1517 procis
1126 1474 1332 1516 interemptis,
1349 1475 1487 1516 seipsum
1505 1484 1522 1504 a
1542 1474 1601 1505 Pe-

925 1525 996 1567 lope
1013 1525 1132 1556 victum
1149 1523 1320 1555 interfecit.

969 1576 1046 1606 371.
1075 1575 1220 1605 Proditor
1242 1580 1277 1603 ut
1301 1572 1401 1613 saevi.]
1437 1571 1599 1614 Myrtilus,

925 1634 1023 1666 quum
1038 1624 1077 1654 ab
1091 1622 1307 1665 Hippodamia
1319 1621 1507 1664 promissum
1520 1631 1598 1663 prae—

926 1674 1022 1705 mium
1045 1679 1198 1716 posceret,
1216 1683 1234 1704 a
1254 1672 1373 1714 Pelope
1394 1677 1441 1703 est
1461 1671 1494 1702 in
1515 1681 1601 1702 mare

922 1723 1150 1765 praecipitatus,
1162 1722 1215 1753 cui
1227 1727 1260 1753 et
1272 1731 1387 1753 nomen
1403 1720 1510 1760 dedit3
1527 1730 1599 1752 nam

924 1773 1084 1814 Myrtoum
1099 1772 1215 1803 dicitur
1230 1773 1374 1814 pelagus,
1391 1776 1502 1814 estque
1519 1770 1600 1802 inter

924 1822 1047 1853 Ionium
1063 1828 1095 1854 et
1110 1823 1263 1864 AEgeum.
1301 1821 1335 1853 Z.

967 1874 1042 1905 373.
1062 1874 1103 1904 Ut
1119 1875 1172 1915 qui
1185 1872 1414 1913 velocem,etc.]
1443 1870 1599 1902 Atalanta

922 1925 1057 1955 Schaenez'
1073 1925 1160 1965 filia.

965 1974 1040 2005 375.
1069 1973 1112 2004 Ut
1127 1975 1179 2014 qui
1195 1971 1308 2012 tecta]
1334 1969 1519 2011 Androgeo,
1531 1968 1597 1999 Mi-

923 2023 991 2054 nois
1011 2022 1088 2058 filio,
1105 2021 1242 2052 Athenis
1265 2019 1442 2055 interfecto,
1459 2016 1599 2050 numinis

923 2071 968 2103 ira
989 2073 1137 2103 sterilitas
1161 2081 1271 2113 agrum
1287 2069 1435 2101 Atticum
1460 2067 1596 2106 invasit3

922 2133 986 2164 qua
1002 2121 1127 2153 liberari
1143 2130 1235 2163 posse
1248 2118 1461 2150 Athenienses
1477 2117 1600 2148 didice-

923 2178 995 2203 runt
1011 2182 1049 2202 ex
1066 2170 1204 2206 oraculo,
1220 2169 1246 2200 si
1261 2169 1394 2200 Minoen
1413 2168 1578 2210 placarent
1591 2179 1600 2206 ;

923 2220 1019 2262 quod,
1036 2227 1070 2251 ut
1083 2221 1181 2255 fieret,
1194 2219 1292 2261 jactis
1311 2217 1458 2253 sortibus,
1475 2221 1598 2258 septem

919 2270 1054 2312 juvenes
1083 2268 1300 2300 Athenienses
1337 2266 1472 2308 singulis
1507 2265 1598 2297 annis

921 2320 1106 2350 Minotauro
1129 2318 1311 2356 mittebant,
1335 2327 1430 2358 quem
1456 2315 1598 2357 labyrin-

920 2369 966 2400 thi
990 2369 1179 2410 ambagibus
1200 2369 1346 2399 clausum
1370 2367 1510 2399 habebat
1532 2366 1597 2397 Mi-

920 2429 989 2450 nos.
1034 2419 1177 2450 Theseus
1193 2417 1293 2449 voluit
1314 2422 1346 2449 et
1364 2417 1431 2459 ipse
1455 2420 1543 2447 tanto
1563 2426 1596 2446 se

918 2468 1060 2511 periculo
1090 2479 1261 2511 exponere,
1292 2467 1369 2509 quia
1397 2467 1480 2497 inter
1509 2465 1595 2497 cives

917 2529 1021 2550 rumor
1043 2524 1122 2555 erat,
1145 2518 1248 2561 ipsum
1274 2517 1429 2548 malorum
1453 2526 1550 2547 causa
1575 2525 1593 2546 a

918 2568 1067 2611 periculis
1082 2569 1212 2599 abesse:
1238 2568 1295 2609 qui
1307 2566 1459 2598 Ariadnae
1475 2564 1596 2597 auxilio

919 2618 1019 2651 victor
1035 2618 1165 2650 domum
1182 2617 1286 2649 rediit.

965 2669 1041 2700 376.
1058 2669 1144 2700 Caeca
1158 2667 1290 2708 domus]
1318 2664 1543 2707 Labyrinthus.
1558 2665 1593 2695 Z.

964 2719 1042 2750 377.
1067 2717 1111 2749 Ut
1136 2716 1292 2759 quorum]
1319 2715 1464 2747 Achilles
1487 2713 1520 2744 in
1544 2724 1594 2744 ro-

922 2778 997 2810 gum
1035 2766 1175 2800 Patrocli
1212 2766 1387 2801 ardentem,
1425 2762 1593 2795 duodecim

1055 2818 1074 2848 3
1091 2818 1111 2847 S
