1809 3220
198 180 287 222 432

536 177 628 219 AD
663 175 900 218 LIVIAM
931 173 1294 217 AUGUSTAM

200 296 298 344 Hic
325 295 446 351 tibi;
476 310 596 342 mox
617 293 804 341 Veneri
832 292 1007 340 Caesar
1032 292 1314 357 promissus
1341 298 1574 355 uterque.

268 374 378 422 Hos
404 373 560 421 debet
585 373 719 420 solos
748 369 937 419 Martia
965 371 1130 419 Roma
1158 370 1315 418 Deos.

1527 371 1626 416 246

202 453 287 501 Sic
313 451 544 501 cecinere
574 450 698 498 Deae
726 469 736 507 3
779 465 874 497 nec
901 457 973 505 tu,
1001 449 1258 506 Tiberine,
1289 464 1533 513 repugna,

268 531 446 588 Irrite3
489 547 583 578 nec
611 529 843 576 flammas
871 544 1022 576 amne
1048 544 1243 576 morare
1266 535 1382 586 tuo;

201 611 311 659 Nec
333 609 536 674 juvenis
563 607 716 673 positi
743 623 1009 672 supremos
1036 607 1243 654 destrue
1269 607 1505 654 honores.

267 689 411 736 Vade
434 673 549 751 age,
576 694 630 735 et
656 685 890 734 admissis
918 686 1089 733 labere
1115 702 1307 750 pronus
1334 685 1499 749 aquis.
1528 687 1628 733 250

200 767 370 824 Paret,
399 774 451 814 et
476 767 526 814 in
553 767 762 829 longum
789 764 1042 829 spatiosas
1070 764 1297 829 explicat
1323 763 1515 821 undas;

269 846 583 909 Structaque
611 844 854 910 pendenti
882 844 1084 909 pumice
1110 851 1250 892 tecta
1275 843 1430 891 subit.

200 924 429 973 Flamma
454 924 541 971 diu
568 931 810 972 cunctata
833 930 992 988 caput
1017 922 1313 986 contingere
1340 929 1591 978 sanctum,

268 1003 465 1051 Erravit
489 1003 656 1068 posito
682 1003 822 1051 lenta
841 1002 936 1049 sub
962 1018 1128 1065 usque
1154 1008 1279 1049 toro.

1527 1003 1626 1048 254

195 1082 428 1131 Tandem
445 1082 532 1129 ubi
553 1082 826 1147 complexa
842 1089 920 1130 est
937 1082 1105 1138 silvas,
1124 1080 1468 1145 alimentaque
1490 1097 1627 1128 sum-

265 1165 478 1212 AEthera
503 1163 750 1228 subJ'ectis
776 1162 957 1211 lambit
982 1170 1035 1210 et
1056 1168 1194 1210 astra
1219 1162 1395 1210 comis.

1520 1161 1626 1225 [sit,

196 1242 376 1298 Qualis
404 1243 454 1290 in
481 1241 753 1290 Herculeae
781 1242 996 1290 colluxit
1022 1242 1238 1290 collibus
1267 1241 1420 1298 OEtae,

266 1321 438 1376 Quum
466 1327 586 1368 sunt
610 1321 848 1385 imposito
876 1321 1102 1369 membra
1128 1327 1353 1368 cremata
1380 1319 1510 1368 Deo.

198 1399 374 1447 Uritur
399 1398 525 1448 heu!
566 1400 723 1447 decor
747 1399 831 1448 ille
857 1400 964 1457 viri,
993 1416 1346 1464 generosaque
1370 1399 1548 1456 forma,

266 1477 333 1526 Et
358 1477 533 1526 faciles
558 1478 727 1525 vultus
748 1497 758 1536 3
802 1478 961 1526 uritur
986 1479 1070 1526 ille
1095 1478 1264 1542 vigor!

195 1634 480 1677 equisAcheronta
489 1634 609 1677 sugit.’'
638 1636 738 1677 (Hor.
755 1635 798 1667 iii.
813 1635 878 1667 Od.

198 1686 249 1726 3.)
274 1685 336 1717 Sed
354 1685 521 1717 historicos
537 1686 727 1717 audiamus:
745 1691 765 1704 “
781 1686 877 1718 fuisse

195 1735 302 1772 credo,
324 1735 431 1778 inquit
456 1735 577 1773 Livius,
602 1736 659 1767 lib.
685 1738 712 1768 l.
733 1748 804 1779 cap.
827 1737 876 1768 16.

195 1791 263 1817 tum
288 1797 415 1828 quoque
440 1786 578 1828 aliquos,
600 1787 654 1829 qui
680 1787 876 1830 discerptum

194 1842 321 1878 patrum
356 1836 505 1867 manibus
541 1836 631 1868 taciti
672 1837 877 1879 arguerent.”

196 1885 363 1917 Plutarch.
381 1896 510 1928 quoque
526 1886 559 1917 in
575 1887 701 1918 Romul.

241 1937 318 1968 245.
346 1937 446 1968 Caesar
465 1937 622 1978 uterque]
647 1937 756 1969 Julius
769 1937 878 1969 Caesar

195 1990 228 2017 et
244 1986 421 2028 Augustus,
437 1988 599 2026 promissus
613 1993 748 2029 uterque
768 1987 879 2018 Veneri

197 2037 237 2067 ab
268 2036 336 2078 ipso
365 2038 466 2068 Jove:
501 2037 609 2068 Julius
637 2038 779 2079 quidem,
803 2039 878 2068 AEn.

195 2086 216 2118 i.
245 2087 329 2126 3903
353 2087 521 2128 Augustus
549 2098 634 2124 vero,
660 2088 799 2118 Metam.
822 2099 877 2119 xv.

197 2137 273 2167 819.

242 2187 318 2217 249.
337 2185 537 2227 Necjuvenis
551 2189 643 2228 positi
658 2198 810 2227 supremos
826 2189 876 2219 de-

194 2243 280 2267 strue
305 2236 457 2277 honores]
500 2237 571 2268 Nec
597 2248 707 2279 rogum
730 2236 875 2280 dejicias,

196 2292 231 2317 ut
256 2293 357 2317 certus
381 2297 461 2323 eras,
486 2286 518 2317 in
540 2298 635 2329 quem
657 2287 877 2319 honorandum

195 2347 343 2378 supremo
359 2336 624 2377 funerejuvenem
641 2342 826 2380 posuerunt.

239 2388 318 2418 250.
338 2387 483 2418 Admissis
500 2389 599 2418 lubere
615 2399 730 2428 pronus
756 2388 871 2429 aquis]

197 2437 354 2473 bnmissis,
375 2437 469 2468 codd.
485 2437 640 2473 nonnulli,
657 2444 688 2469 et
704 2443 782 2469 vett.
801 2438 876 2469 edd.

196 2488 237 2519 ad
268 2498 363 2518 unam
391 2498 520 2518 omnes:
558 2494 590 2519 ct
619 2494 703 2519 recte
734 2488 875 2530 quidem.

197 2538 306 2575 Quum
319 2537 403 2568 enim
418 2538 518 2573 Mars,
536 2538 634 2568 lubere
648 2549 764 2577 pronus
779 2539 875 2578 aquis,

196 2587 286 2623 dicit,
314 2585 462 2617 Fluvium
489 2592 606 2622 monet,
624 2593 670 2622 ut,
687 2587 822 2628 receptis
844 2587 876 2618 in

196 2638 287 2669 alveo
311 2637 415 2678 aquis,
432 2647 502 2678 quae
521 2636 551 2667 in
569 2647 679 2678 rogum
697 2636 794 2667 Drusi
808 2637 874 2678 jam

190 2688 260 2731 jam
283 2686 492 2718 immittendae
517 2686 746 2723 intumuerant,
763 2699 878 2727 pronus

197 2739 344 2774 labatur,-
377 2736 409 2767 id
436 2742 496 2772 est,
522 2748 585 2778 quo
615 2748 691 2768 suus
721 2748 793 2768 eum
822 2738 880 2768 sert

196 2787 359 2822 decursus,
391 2786 537 2829 placidus
567 2793 729 2829 sequatur.
789 2787 877 2818 Nihil

1523 1480 1625 1526 260

948 1647 1023 1678 ergo
1047 1635 1255 1667 mutandum:
1283 1635 1355 1667 ferri
1378 1640 1486 1666 tamen
1509 1642 1627 1678 posset,

947 1687 973 1718 si
990 1686 1129 1723 daretur,
1145 1687 1293 1718 admissis.

992 1738 1070 1768 252.
1111 1737 1297 1778 Structaque
1331 1737 1477 1777 pendenti
1508 1738 1630 1776 pumice

948 1793 1027 1818 tecta
1057 1787 1169 1828 subm]
1198 1787 1248 1818 Ita
1271 1787 1390 1830 passim
1410 1786 1495 1829 apud
1518 1791 1629 1830 poetas

947 1847 1024 1868 saxa
1054 1837 1176 1879 quaevis
1200 1847 1300 1874 erosa,
1327 1837 1367 1868 de
1397 1836 1514 1879 quibus
1538 1847 1626 1868 sacra

947 1887 1092 1918 Dearum
1123 1897 1159 1918 ac
1184 1887 1409 1929 Nympharum
1434 1892 1525 1918 antra
1547 1897 1626 1918 con-

947 1942 1142 1974 struxerunt,
1162 1939 1296 1978 pmnices
1311 1943 1477 1974 vocantur,
1503 1943 1560 1969 aut
1583 1944 1627 1969 to-

946 1988 1011 2028 phi,
1044 1987 1077 2018 in
1103 1987 1220 2030 quibus
1256 1990 1387 2028 pendere
1417 1988 1548 2019 verbum
1579 1994 1628 2020 est

949 2036 1086 2068 maxime
1102 2038 1274 2080 proprium.

993 2089 1069 2119 254.
1081 2088 1182 2119 Lenta
1197 2089 1251 2118 sul)
1267 2099 1359 2129 usque
1371 2088 1463 2129 torm]
1482 2088 1627 2126 Veteres,

948 2139 1003 2168 sibi
1039 2149 1151 2179 usque:
1179 2137 1334 2179 Scaliger,
1365 2139 1448 2169 lenta
1477 2139 1627 2180 subitque.

950 2189 1064 2219 Neutri
1088 2188 1329 2225 adhaerendum,
1357 2198 1454 2230 quum
1483 2198 1532 2219 res
1558 2188 1627 2231 ipsa

947 2249 1073 2270 sensum
1089 2244 1152 2270 tam
1171 2246 1278 2279 aperte
1294 2238 1448 2270 declaret.
1483 2239 1628 2271 Flamma

948 2288 1030 2320 enim
1057 2296 1205 2320 cunctata
1228 2291 1296 2324 din,
1315 2289 1405 2331 quasi
1428 2288 1554 2320 timeret
1577 2301 1626 2320 ca-

946 2345 1003 2378 put
1025 2345 1166 2370 sanctum
1191 2338 1388 2381 contingere,
1411 2338 1540 2381 corripit
1564 2339 1628 2382 pri-

946 2399 1045 2426 mum,
1064 2394 1095 2420 et
1111 2389 1196 2420 lente
1220 2389 1349 2431 (usque)
1366 2389 1454 2431 ligna
1469 2389 1624 2432 deposcit,

945 2449 1017 2480 quae
1031 2445 1095 2469 toro
1110 2438 1236 2469 fuerant
1251 2439 1407 2481 subjecta.

990 2490 1065 2520 256.
1079 2489 1229 2529 Sulgjectis
1245 2490 1348 2520 lambit
1361 2496 1389 2520 et
1405 2496 1487 2520 astra
1504 2490 1623 2532 comis-J

946 2539 1107 2570 Flammas
1126 2539 1290 2581 eleganter
1310 2551 1408 2571 comas
1431 2540 1524 2578 dicit,
1541 2551 1625 2583 quae,

947 2600 1045 2631 quum
1069 2588 1164 2620 altius
1183 2590 1427 2627 exsurrexerint,
1443 2590 1474 2621 in
1493 2591 1624 2622 totidem

946 2639 1066 2681 apices,
1082 2638 1272 2681 capillorum
1292 2650 1390 2676 more,
1406 2640 1496 2682 quasi
1512 2640 1624 2671 filatim

946 2689 1173 2725 dissolvuntur,
1197 2695 1229 2720 et
1252 2696 1405 2732 perpetuo
1428 2700 1466 2721 ac
1493 2689 1625 2721 volubili

948 2745 1034 2769 motu
1051 2745 1134 2769 astra
1151 2738 1299 2770 videntur
1316 2740 1457 2771 lambere.

992 2789 1068 2819 260.
1097 2789 1136 2820 Ee
1152 2789 1268 2830 faciles
1294 2791 1419 2821 vultus.-
1442 2792 1552 2821 uritur
1571 2791 1626 2821 ille
