1830 3220
341 452 625 528 PUBLII
678 454 949 508 OVIDII
1007 455 1362 510 NASONIS

587 639 1116 702 FASTORUM

555 816 794 857 LIBER
841 816 1154 860 PRIMUS.

719 984 983 1017 —..-Q·-—-

144 1110 513 1173 TEMPORA
526 1141 641 1172 cum
651 1126 816 1174 causis
831 1126 1029 1174 Latium
1041 1127 1240 1189 digesta
1251 1142 1339 1190 per
1350 1143 1551 1185 annum,

216 1201 483 1266 Lapsaque
509 1204 602 1250 sub
627 1211 801 1261 terras,
829 1212 1041 1268 ortaque
1068 1205 1227 1268 signa,
1255 1220 1451 1252 canam.

148 1278 370 1327 EXCIPE
398 1288 595 1344 pacato,
624 1281 796 1329 Caesar
823 1282 1140 1339 Germanice,
1169 1282 1308 1329 vultu

215 1356 326 1405 Hoc
352 1373 507 1422 opus;
548 1365 599 1406 et
625 1358 812 1407 timidae
840 1360 998 1422 dirige
1025 1359 1164 1406 navis
1191 1359 1312 1407 iter:

190 1512 285 1543 1-2,
322 1513 575 1555 Argumentum]
625 1514 748 1550 Partes,
781 1516 814 1546 in

146 1573 225 1604 quas
254 1573 355 1593 annus
384 1562 469 1604 apud
495 1563 657 1594 Romanos
683 1563 813 1600 divisus,

145 1623 218 1644 cum
240 1612 344 1643 causis
364 1612 449 1643 illius
471 1612 645 1650 divisionis,
662 1618 756 1655 atque
772 1613 813 1644 si-

142 1663 254 1694 derum
269 1668 302 1693 et
315 1668 401 1694 ortus
416 1668 447 1693 et
462 1673 594 1694 occasus
610 1674 736 1694 canam.
762 1665 814 1695 Sic

134 1713 236 1754 fastos
251 1711 521 1754 circumloquitur.
551 1713 713 1744 Fastorum
729 1713 814 1744 enim

145 1764 228 1798 libri,
243 1763 411 1804 interprete
434 1763 538 1797 Festo,
557 1764 764 1801 appellantur,
781 1765 814 1794 in

140 1814 249 1853 quibus
264 1814 355 1842 totius
370 1813 493 1852 mzm'fit
508 1814 677 1852 descriptio.
723 1813 761 1843 In
777 1812 815 1843 iis

140 1862 217 1892 ordo
232 1866 264 1892 et
279 1860 459 1892 discrimina
476 1861 607 1898 dierum,
622 1861 717 1898 feriae,
735 1866 814 1893 tem—

142 1912 264 1954 plorum
277 1910 502 1947 dedicationes,
514 1921 563 1942 res
574 1912 610 1943 P.
622 1912 665 1942 R.
676 1911 813 1943 maxime

142 1961 362 1992 memorabiles
378 1961 473 1991 verbo
488 1966 617 1998 notatae,
633 1967 703 2003 post
717 1961 812 1992 etiam

143 2011 304 2042 Caesarum
344 2009 427 2041 tituli
464 2015 496 2041 et
531 2009 665 2042 honores
698 2010 812 2042 additi.

144 2061 248 2092 Recte
276 2071 381 2091 causas
409 2059 660 2091 memorabilium
691 2060 813 2092 dierum

140 2110 257 2142 diserte
273 2115 444 2149 memorat;
468 2109 501 2140 in
521 2109 559 2140 iis
575 2110 658 2141 enim
675 2110 814 2141 maxima

142 2165 283 2190 versatur
305 2158 452 2190 carminis
473 2169 555 2200 pars,
571 2164 603 2190 et
622 2159 695 2190 inde
716 2158 813 2201 pluri-

142 2220 212 2240 mus
227 2209 295 2251 ejus
306 2213 445 2239 ornatus.
489 2208 599 2240 Sidera
619 2210 767 2239 labuntur
781 2211 815 2239 in

140 2259 223 2295 coelo‚
239 2258 314 2289 dum
330 2257 525 2300 procedunt;
549 2258 640 2299 Virg.
659 2258 773 2299 Georg.
789 2258 810 2290 i.

140 2310 172 2340 6.
189 2309 335 2339 labentem
357 2309 427 2339 caelo
450 2309 563 2339 ducitis
585 2319 722 2345 annum‚·
747 2308 810 2339 Lu-

141 2363 218 2390 cret.
240 2357 262 2388 i.
288 2359 320 2389 2.
339 2359 405 2389 coeli
429 2358 530 2388 subter
555 2357 689 2388 labentia
712 2359 810 2398 signa.

143 2407 206 2439 Ubi
240 2406 401 2443 occidunt,
430 2407 578 2437 labuntur
606 2408 660 2437 sub
690 2413 810 2444 terra55

139 2455 406 2499 quemadmodum
431 2462 463 2487 et
483 2456 619 2487 hiemem
643 2456 810 2487 cedentem

140 2506 185 2538 sol
219 2507 340 2547 pulsam
376 2508 442 2548 agit
476 2507 528 2536 sub
559 2512 665 2542 terras,
696 2505 810 2546 virgil.

141 2556 261 2597 Georg.
278 2555 322 2586 iv.
336 2556 388 2586 51.
418 2555 533 2586 Parum
549 2554 690 2592 interest,
707 2560 810 2586 utrum

140 2617 247 2637 cunam
272 2605 370 2646 legas,
388 2615 429 2636 an
449 2615 522 2636 cum
547 2605 629 2635 MSS
652 2604 811 2636 nonnullis

141 2666 228 2686 carto.
271 2654 433 2685 Posterius
446 2653 596 2685 Heinsius
611 2659 643 2685 et
653 2654 808 2685 Burman-

142 2714 201 2735 nus
224 2704 378 2746 exemplis
399 2703 600 2742 confirmant3
623 2703 703 2735 illud
724 2713 809 2735 com-

143 2753 277 2795 probant
292 2752 631 2796 Virgil.Georg.ii.2;
653 2752 698 2785 iii.
711 2754 745 2793 13
768 2753 810 2784 iv.

190 2803 294 2834 VOL.
316 2803 358 2835 V.

883 1518 924 1554 53
950 1515 1027 1546 Hor.
1048 1515 1078 1546 Ι.
1107 1513 1169 1545 Od.
1192 1525 1225 1545 x.
1249 1515 1279 1546 5.
1306 1520 1338 1545 et
1364 1513 1465 1545 multa
1493 1513 1557 1545 alia

881 1566 965 1596 loca.

926 1615 1045 1646 3—26.
1072 1615 1242 1650 Dedit-atio,
1259 1614 1310 1645 cui
1329 1613 1426 1644 etiam
1447 1612 1487 1643 de
1503 1624 1556 1644 ar·

881 1672 1024 1706 gumento
1040 1663 1188 1695 carminis
1201 1664 1293 1706 plura
1308 1663 1435 1695 innexa.
1475 1663 1553 1693 Ger-

883 1716 998 1745 manico
1010 1725 1137 1745 carmen
1153 1712 1325 1750 dedicavit,
1339 1719 1404 1744 tam
1419 1712 1555 1754 principi

883 1763 1025 1806 plurimis
1047 1763 1289 1805 insignibusque
1309 1762 1479 1793 virtutibus
1505 1773 1554 1792 or-

884 1818 968 1849 nato,
978 1823 1073 1854 quam
1087 1818 1187 1854 poetae
1206 1811 1341 1853 egregio.
1386 1810 1555 1842 Suetonius

883 1861 987 1903 Calig.
1008 1860 1328 1897 1—4.Tacitus,An.
1345 1858 1379 1890 ii.
1398 1860 1460 1898 733
1477 1859 1552 1896 Dio,

883 1911 1015 1942 lib.lvii.
1061 1911 1124 1942 Sed
1140 1910 1172 1940 in
1188 1910 1247 1941 hac
1265 1908 1464 1940 dedicatione
1477 1919 1552 1940 con-

881 1960 985 1992 fundit
1001 1959 1136 1996 diversa,
1153 1958 1443 1999 Germanicumque
1464 1968 1555 2000 spec-

881 2015 940 2046 tat,
959 2020 1029 2040 mox
1046 2015 1081 2040 ut
1103 2009 1255 2040 fautorem
1273 2008 1458 2044 humanum,
1477 2007 1554 2038 dum

881 2070 958 2102 opus
995 2058 1173 2090 absolutum
1211 2057 1383 2099 cognoscit,
1414 2067 1486 2087 mox
1518 2061 1556 2087 ut

882 2110 1001 2145 Deum,
1019 2108 1074 2150 qui
1098 2107 1256 2139 scribendi
1279 2107 1383 2138 nisum
1410 2107 1554 2148 adjuvat.

882 2158 1018 2200 Utrique
1034 2157 1183 2188 convenit
1203 2162 1235 2188 et
1254 2162 1391 2196 pacatus.
1437 2156 1553 2186 Noster

882 2209 1017 2239 Metam.
1030 2206 1072 2239 iv.
1090 2209 1143 2238 31.
1166 2207 1205 2238 ad
1228 2206 1405 2241 Bacchum,
1424 2212 1553 2245 pacatus

880 2259 1017 2297 mitisque
1033 2258 1122 2293 adsis,
1132 2255 1230 2293 ἵλεως
1247 2256 1300 2286 καὶ
1316 2253 1466 2296 εὐμενὴς.
1493 2254 1551 2296 Of-

868 2309 942 2348 ficii
953 2308 1046 2337 lwnm·
1058 2305 1091 2336 in
1106 2305 1255 2348 ipsalibri
1269 2305 1469 2335 dedicatione
1483 2313 1551 2334 cer-

879 2356 972 2388 nitur.
1018 2355 1077 2386 IV.
1093 2365 1131 2386 ex
1156 2355 1256 2385 Ponto
1276 2353 1340 2384 viii.
1361 2354 1422 2384 43:
1448 2353 1550 2383 “Nec

879 2411 985 2436 tamen
1001 2403 1103 2435 officio
1115 2409 1223 2435 vatum
1236 2414 1291 2445 per
1303 2402 1443 2433 carmina
1453 2401 1552 2437 facto,

879 2453 1080 2496 Principibus
1095 2463 1144 2484 res
1159 2458 1206 2484 est
1221 2451 1336 2494 gratior
1357 2451 1423 2482 ulla
1438 2449 1551 2482 viris.''

878 2503 1006 2536 Servavi
1021 2509 1127 2534 autem
1145 2502 1195 2533 hic
1218 2501 1385 2533 lectionem
1401 2499 1548 2531 Heinsia-

878 2563 964 2589 nam,
976 2552 1092 2595 quippe
1108 2552 1258 2582 librorum
1272 2551 1423 2581 bonorum
1440 2556 1548 2580 aucto-

878 2601 970 2633 ritate
982 2601 1156 2637 suffultam,
1166 2609 1268 2642 neque
1278 2609 1371 2630 sensu
1383 2596 1548 2630 commodo

877 2651 1073 2682 destitutam.
1119 2650 1268 2691 Namque
1284 2649 1366 2679 MSS
1382 2645 1547 2688 Naugerii.

879 2700 984 2732 Ursini
1005 2705 1038 2731 et
1059 2705 1122 2732 tres
1139 2699 1193 2730 alii
1214 2698 1344 2734 habent,
1362 2697 1410 2727 Εη
1427 2697 1481 2726 tibi
1496 2696 1547 2725 de·

878 2756 943 2782 voto
954 2761 1089 2787 munere,
1104 2755 1137 2782 et
1151 2748 1257 2781 Ursini
1271 2748 1341 2780 cod.
1355 2746 1450 2779 etiam
1467 2743 1543 2785 Offi-
