1809 3220
217 178 302 220 152

614 176 666 217 P.
700 174 810 217 OVl
822 174 917 216 DII
953 172 1238 216 NASONIS

223 294 423 343 Fertilis
449 300 528 341 est
554 291 752 349 Melite,
782 291 940 339 sterili
966 290 1131 338 vicina
1157 290 1367 354 Cosyrae

288 372 480 428 Insula,
508 386 661 434 quam
690 368 869 434 Libyci
895 369 1127 418 verberat
1150 367 1288 416 unda
1311 366 1443 414 freti.

221 450 368 499 Hanc
394 450 537 515 petit,
565 448 786 514 hospitio
811 448 944 512 regis
971 446 1164 496 confisa
1183 451 1414 494 vetusto:

290 528 493 593 Hospes
519 544 673 592 opum
699 527 839 575 dives
865 543 955 575 rex
982 525 1051 573 ibi
1079 524 1264 572 Battus
1291 529 1415 571 erat.

1543 523 1643 569 570

223 607 323 662 Qui
349 614 622 672 postquam
647 605 827 653 didicit
852 621 1001 653 casus
1026 603 1293 666 utriusque
1320 600 1504 649 sororis
1526 618 1537 657 ;

293 683 435 741 Haec,
463 683 644 748 inquit,
667 683 822 731 tellus
848 682 1319 747 quantulacumque
1342 687 1431 726 tua
1455 684 1550 726 est.

226 762 294 810 Et
316 770 487 810 tamen
512 761 716 826 hospitii
743 767 995 809 servasset
1019 759 1083 808 ad
1109 759 1288 806 ultima
1312 773 1525 814 munus;

297 841 401 889 Sed
425 840 594 888 timuit
618 855 830 902 magnas
857 836 1210 903 Pygmalionis
1236 851 1377 900 opes.

229 919 386 983 Signa
409 926 735 967 recensuerat
758 918 836 965 bis
863 918 937 966 sol
960 933 1079 965 sua:
1119 915 1299 964 tertius
1325 913 1432 962 ibat

1547 913 1646 960 575

294 997 502 1055 Annus;
545 1003 598 1044 et
621 996 887 1045 exsulibus
913 1003 1046 1044 terra
1071 993 1296 1059 petenda
1321 1008 1450 1040 nova
1473 997 1569 1038 est.

229 1074 403 1123 Frater
428 1074 590 1131 adest,
618 1074 858 1137 belloque
884 1073 1013 1138 petit
1034 1090 1044 1120 ε
1087 1087 1177 1119 rex
1203 1086 1342 1119 arma
1367 1084 1598 1134 perosus,

297 1152 404 1201 Nos
431 1168 605 1200 sumus
631 1152 881 1208 imbelles,
908 1159 962 1199 tu
988 1150 1108 1214 fuge
1135 1165 1330 1214 sospes,
1359 1148 1446 1196 ait.

227 1231 381 1280 Jussa
404 1231 563 1295 fugit;
605 1239 858 1295 ventoque
885 1237 1045 1279 ratem
1072 1227 1344 1277 committit
1369 1234 1420 1275 et
1445 1224 1611 1274 undis.

299 1309 538 1374 Asperior
563 1309 740 1373 quovis
768 1324 972 1372 aequore
997 1307 1149 1356 frater
1174 1313 1300 1355 erat.

1551 1305 1651 1352 580

231 1387 325 1436 Est
351 1403 507 1453 prope
534 1388 761 1452 piscosos
787 1386 1002 1451 lapidosi
1031 1384 1293 1434 Crathidis
1319 1399 1496 1432 amnes

297 1465 464 1514 Purus
491 1481 638 1530 ager:
682 1464 934 1514 Cameren
960 1465 1126 1514 incola
1151 1463 1301 1512 turba
1324 1467 1524 1510 vocant.

273 1624 351 1656 567.
392 1623 513 1660 Melite,
541 1622 645 1654 insula
676 1623 757 1654 inter
787 1623 904 1654 Africae

229 1673 321 1705 litora
344 1679 376 1705 et
400 1673 554 1709 Siciliam,
583 1673 689 1704 Melite
714 1673 823 1716 Asi-ica
851 1679 907 1704 aut

230 1724 337 1754 Sicula
351 1723 457 1760 dicta3
481 1722 654 1759 Diodorus,
677 1735 708 1754 v.
730 1724 789 1761 12;
813 1722 906 1753 hodie

232 1773 348 1804 Malta.
397 1772 531 1805 Colonia
546 1778 613 1804 erat
632 1773 836 1809 Phoenicum,
853 1772 907 1815 qui

230 1823 270 1855 ad
295 1824 461 1855 Oceanum
486 1834 587 1865 usque
612 1822 801 1865 navigantes
826 1822 907 1853 hanc

230 1873 368 1905 insulam
380 1872 440 1904 sibi
455 1872 635 1916 perfugium
649 1883 717 1905 esse
730 1872 908 1909 voluerunt,

231 1923 318 1966 quod
334 1929 366 1954 et
380 1923 536 1965 portubus
551 1922 729 1959 commoda,
748 1928 780 1953 et
794 1922 826 1953 in
842 1932 908 1953 me-

233 1973 285 2004 dio
301 1973 379 2004 mari
398 1972 460 2004 sita
479 1980 583 2012 esset;
618 1972 770 2004 Bochart.
792 1973 909 2013 Geogr.

233 2024 320 2055 Sacr.
336 2023 357 2053 i.
373 2023 427 2054 26.
451 2022 532 2054 Inde
545 2024 717 2063 hospitium,
734 2022 818 2065 quod
837 2032 909 2053 mox

234 2079 436 2105 memoratur.
475 2072 615 2110 Quidam
632 2072 715 2103 male
731 2072 911 2114 cogitarunt

234 2123 274 2154 de
292 2122 407 2154 Melita
428 2122 560 2165 Illyrica
581 2121 614 2154 in
635 2122 713 2153 mari
730 2121 910 2158 Adriatico,

233 2172 329 2204 hodie
347 2173 480 2204 Meledu.
525 2172 577 2203 Ab
599 2172 655 2203 illa
674 2172 774 2203 altera
796 2171 908 2203 stadiis

235 2222 419 2266 quingentis
434 2223 574 2255 distabat
590 2223 717 2265 Cosyra,
736 2223 827 2265 cujus
842 2232 909 2253 am-

234 2274 320 2306 bitus
341 2285 403 2305 non
425 2274 508 2305 ultra
528 2280 657 2305 centum
680 2272 914 2316 quinquaginta

234 2323 339 2355 stadia
355 2324 498 2366 patebat.
533 2323 617 2354 Hinc
633 2334 729 2362 parm
747 2329 877 2353 vocatur
893 2332 913 2352 a

235 2373 322 2409 Silio,
340 2372 406 2404 xiv.
423 2374 498 2404 272.
545 2372 685 2404 Sterilem
706 2383 778 2403 cum
796 2372 912 2403 Nostro

236 2423 317 2454 dixit
341 2429 373 2454 et
398 2423 521 2454 Seneca
543 2422 672 2454 Consol.
697 2422 738 2453 ad
760 2422 855 2453 Helv.
882 2422 913 2452 6.

238 2473 292 2504 ubi
317 2472 495 2514 asperrimis
524 2471 637 2503 insulis
664 2476 890 2503 annumeratur
902 2479 919 2509 3·

238 2522 333 2554 hodie
351 2528 483 2553 vocatur
505 2522 611 2553 Guzzo.
655 2521 739 2552 Vide
762 2521 913 2552 Bochart.

238 2573 315 2605 dict.
335 2573 396 2604 loc.
441 2572 471 2602 A
491 2571 568 2603 Silio
594 2571 722 2612 Cossyra
745 2570 912 2609 scribitur3

237 2624 269 2655 in
285 2622 421 2654 nummis
440 2623 580 2653 Cos-sura.
612 2622 766 2658 l‘erberut,
784 2626 819 2651 ut
834 2622 913 2651 AEn.

238 2673 282 2704 iii.
300 2674 374 2704 423.
390 2677 410 2689 “
424 2671 529 2703 sidera
546 2671 688 2702 verberat
703 2670 823 2701 unda-'³

282 2723 360 2754 570.
384 2722 490 2753 Etiam
513 2720 597 2764 apud
623 2718 748 2756 Silium,
773 2730 836 2751 ver.
861 2721 914 2751 51.

241 2773 336 2805 Anna
356 2783 374 2804 a
399 2771 492 2803 Batia
515 2770 671 2814 excipitur
694 2780 767 2811 rege
790 2768 859 2800 miti
883 2775 913 2800 et

975 1623 1134 1665 lacrymas
1145 1620 1237 1653 facile
1248 1620 1346 1652 dante
1359 1619 1486 1651 casibus
1494 1617 1655 1654 humanis,

975 1672 1031 1703 sed
1055 1671 1082 1702 is
1105 1682 1178 1702 eum
1203 1681 1308 1712 regem
1328 1670 1472 1712 Cyrenes
1499 1668 1588 1705 facit,
1611 1667 1652 1699 de

976 1733 1040 1764 quo
1060 1721 1144 1753 cons.
1161 1720 1354 1757 Herodotus,
1374 1719 1420 1751 iv.
1443 1720 1529 1757 l35;
1553 1717 1654 1750 Justi-

977 1783 1047 1808 nus,
1075 1770 1141 1802 xiii.
1168 1771 1199 1801 7.
1248 1770 1372 1807 Tamen,
1397 1768 1522 1812 utique,
1548 1774 1656 1806 certe3

978 1821 1098 1857 Livius,
1124 1822 1305 1853 “Tenuere
1326 1826 1435 1852 tamen
1464 1829 1570 1851 arcem
1595 1819 1652 1850 Sa-

977 1871 1079 1908 bini,'’
1097 1870 1151 1902 ubi
1169 1870 1241 1902 vide
1258 1871 1377 1902 Bauer.
1405 1869 1458 1901 De
1476 1869 1655 1911 Pygmalio-

980 1925 1027 1953 nis
1050 1928 1082 1953 et
1102 1921 1214 1952 Elissae
1231 1920 1304 1952 odio
1326 1926 1436 1952 mutuo
1459 1918 1532 1950 vide
1551 1917 1657 1960 Virgi-

979 1972 1071 2007 lium,
1090 1972 1167 2003 AEn.
1183 1971 1204 2002 i.
1220 1972 1303 2009 340;
1326 1970 1502 2006 Justinum,
1521 1968 1609 2000 xviii.
1625 1969 1658 2000 4.

1024 2022 1099 2053 575.
1125 2020 1229 2052 Etiam
1246 2020 1332 2063 apud
1347 2019 1460 2051 Silium
1475 2017 1520 2050 ibi
1536 2023 1659 2056 manet,

979 2076 1000 2089 “
1019 2072 1095 2103 dum
1119 2072 1218 2103 flavas
1238 2071 1288 2102 bis
1312 2069 1423 2102 tondet
1439 2079 1559 2100 messor
1581 2067 1659 2100 aris-

979 2121 1064 2153 tas.'’
1112 2121 1199 2152 Bello
1227 2122 1315 2161 petit,
1345 2119 1467 2151 bellum
1498 2118 1659 2158 minatur-3

978 2178 1082 2203 sumto
1107 2171 1202 2202 verbo
1227 2181 1243 2202 a
1268 2168 1512 2212 gladiatoribus,
1541 2173 1579 2200 ut
1601 2167 1656 2199 in:

979 2224 1057 2258 telis,
1081 2223 1200 2252 insidiis
1220 2226 1333 2261 petere.
1383 2218 1516 2250 lmbellis
1535 2228 1611 2261 opp.
1625 2222 1658 2249 et

977 2272 1054 2304 belli
1067 2272 1177 2314 perito,
1191 2278 1223 2302 et
1235 2270 1330 2302 armis
1340 2268 1448 2300 valido
1461 2280 1471 2308 ;
1495 2267 1567 2299 Liv.
1580 2267 1659 2300 xxii.

981 2322 1045 2360 393
1069 2322 1114 2352 ix.
1135 2322 1187 2352 19.
1234 2322 1385 2360 Asperum
1403 2328 1501 2355 mare,
1518 2327 1657 2349 commo-

982 2377 1060 2401 tum.
1106 2371 1154 2401 Ea
1171 2368 1338 2400 commotio
1350 2378 1423 2398 cum
1434 2367 1481 2398 ira
1493 2367 1658 2398 hominum

983 2426 1206 2463 comparatur;
1233 2417 1319 2450 unde
1336 2417 1476 2449 vicissim
1491 2427 1579 2449 mare
1593 2418 1658 2448 ira-

985 2477 1060 2501 tum.

1026 2519 1104 2551 581.
1130 2519 1182 2550 De
1195 2518 1244 2550 his
1257 2517 1336 2549 locis
1348 2517 1444 2549 Silius
1455 2515 1535 2548 nihil
1548 2516 1658 2554 habet,

982 2570 1039 2601 sed
1070 2569 1164 2600 Anna
1194 2569 1301 2600 statim
1327 2568 1503 2599 Laurentes
1529 2566 1563 2597 in
1590 2576 1662 2598 oras

981 2620 1166 2662 expellitur.
1194 2619 1317 2650 Crathis
1326 2617 1516 2649 Thuriorum
1525 2615 1559 2648 in
1571 2627 1662 2658 mag-

982 2680 1024 2701 na
1043 2669 1172 2701 Graecia
1193 2669 1321 2706 fluvius,
1345 2668 1409 2698 vim
1431 2665 1583 2698 rutilandi
1606 2676 1661 2697 co-

982 2731 1050 2751 mas
1074 2719 1218 2758 liabens3
1242 2719 1327 2750 Met.
1352 2729 1405 2749 xv.
1430 2717 1506 2748 315.
1553 2716 1661 2746 Purus

983 2780 1057 2811 ager
1074 2769 1170 2801 etiam
1184 2775 1289 2809 patens
1305 2773 1336 2800 et
1353 2777 1467 2799 vacuus
1481 2765 1661 2804 dicisole13
