1830 3220
513 185 588 229 FA
599 186 862 229 STORUM
896 187 1017 230 LIB.
1051 188 1088 230 I.
1454 194 1511 235 ‘253

94 297 204 346 Pax
231 307 365 359 erat;
400 308 451 350 et
474 303 643 360 vestri,
673 304 993 361 Germanice,
1020 321 1174 354 causa
1199 307 1438 373 triumphi

160 376 461 428 Tradiderat
486 381 699 429 famulas
718 383 826 445 jam
852 382 944 430 tibi
974 383 1183 433 Rhenus
1209 402 1386 449 aquas.

89 453 120 500 J
126 470 236 512 ane,
259 456 368 506 sace
391 466 604 507 aeternos
632 460 823 509 Pacem
850 461 1106 525 Pacisque
1132 463 1414 514 ministros:

161 533 305 583 Neve
331 553 478 585 suum
505 545 691 602 praesta
715 539 919 587 deserat
940 547 1114 588 auctor
1138 558 1283 606 opus.

92 610 241 665 Quod
266 620 437 663 tamen
462 631 526 663 ex
551 615 674 680 ipsis
701 616 846 665 licuit
871 617 992 664 mihi
1020 618 1215 667 discere
1243 620 1424 678 Fastis,

160 689 433 741 Sacravere
458 701 629 758 patres
655 694 749 742 hac
774 695 874 742 duo
900 696 1091 760 templa
1115 697 1214 745 die.

1409 703 1508 748 290

89 767 307 834 Accepit
331 770 527 820 Phoebo
555 772 902 838 Nymphaque
928 774 1181 823 Coronide
1208 783 1381 824 natum

159 846 349 906 Insula,
377 850 582 898 dividua
607 867 760 915 quam
786 851 970 915 premit
995 853 1157 900 amnis
1183 870 1332 917 aqua.

89 923 292 989 Jupiter
316 927 365 975 in
386 936 528 993 parte
549 936 653 979 est:
684 930 820 995 cepit
845 931 988 978 locus
1010 947 1140 978 unus
1167 939 1437 998 utrumque
1458 953 1467 983 :

155 1002 188 1050 J
192 1013 446 1072 unctaque
472 1016 590 1056 sunt
615 1025 799 1072 magno
825 1010 1018 1074 templa
1043 1011 1242 1074 nepotis
1269 1028 1376 1061 avo.
1407 1018 1503 1061 294

91 1080 245 1137 QUID
275 1092 412 1134 vetat
437 1093 489 1134 et
514 1087 706 1143 stellas
734 1094 791 1135 ut
816 1104 1035 1152 quaeque
1060 1088 1318 1153 oriturque
1344 1092 1503 1140 cadit-

159 1160 378 1212 Dicere?
414 1165 647 1229 promissi
672 1181 789 1230 pars
814 1164 908 1213 fuit
932 1165 1030 1214 ista
1052 1166 1168 1215 mei.

88 1330 130 1362 tis
140 1337 172 1363 et
185 1331 369 1373 Angivariis
385 1332 579 1376 triumphum
595 1333 681 1375 egit;
697 1335 760 1366 Ta-

88 1380 182 1418 citus,
201 1381 287 1413 Ann.
306 1381 340 1414 ii.
360 1383 412 1413 41.
431 1383 575 1414 Norisius
599 1384 638 1415 de
656 1385 760 1416 Ceno-

89 1431 178 1473 tapli.
209 1432 276 1463 Pis.
300 1444 333 1475 p.
364 1434 441 1464 201.
479 1440 571 1475 putat
608 1434 761 1465 Ovidium

89 1481 282 1513 Germanico
301 1481 496 1526 triumphum
516 1489 641 1515 tantum
660 1494 760 1526 augu-

87 1531 167 1562 rari:
193 1532 363 1563 Massonus
382 1537 493 1564 contra
508 1533 541 1564 in
558 1533 621 1564 vita
638 1533 759 1570 Ovidii,

88 1580 130 1612 ad
146 1591 265 1612 annum
281 1582 357 1613 770.
372 1582 545 1620 contendit,
561 1582 678 1626 scripta
691 1583 761 1615 haec

87 1636 161 1673 post
189 1637 297 1662 actum
327 1632 532 1675 triumphum,
557 1643 657 1675 eoque
682 1638 761 1664 tem-

87 1691 163 1723 pore
178 1691 290 1723 pacem
303 1681 399 1713 fuisse
414 1693 470 1725 per
485 1683 591 1714 orbem
607 1689 760 1714 terrarum

88 1731 309 1773 compositam.
356 1732 395 1763 Id
425 1742 501 1763 sane
531 1732 639 1763 Poetae
664 1733 761 1764 verba

87 1779 229 1812 indicare
263 1781 423 1813 videntur.
477 1781 664 1813 Serviebant
691 1781 761 1823 jam

88 1830 242 1862 Germani
257 1830 436 1870 Romanis;
460 1831 515 1862 sed
535 1837 636 1874 poetae
658 1830 761 1862 fluviis

88 1879 244 1918 tribuunt,
274 1880 360 1923 quod
391 1880 508 1912 accolis
534 1881 701 1920 convenit3
729 1887 761 1912 et

76 1930 226 1971 famulus
259 1930 374 1962 fluvius
405 1930 522 1973 passim
551 1930 698 1968 occurrit,
724 1936 760 1963 ut

87 1978 240 2012 Heinsius
265 1980 371 2012 docet.
426 1981 507 2012 Face
535 1987 672 2017 oeternos,
698 1986 760 2013 etc.

87 2029 130 2061 da
155 2029 245 2062 nobis
272 2041 397 2073 semper
421 2031 634 2062 moderatores
657 2032 758 2074 pacis.

87 2079 237 2112 Heinsius
263 2091 374 2112 vocem
407 2082 560 2112 ministros
596 2080 760 2123 indignam

87 2134 198 2161 censet
234 2130 402 2172 majestate
432 2131 587 2163 Caesareae
626 2131 758 2170 domus3

86 2179 214 2221 corrigit
230 2190 304 2221 ergo
326 2187 497 2221 sequestros,
513 2180 546 2212 id
562 2186 619 2217 est,
634 2181 758 2213 media-

86 2233 180 2260 tores.
219 2229 338 2261 Verum
358 2229 455 2261 etiam
473 2232 611 2262 minister
630 2231 669 2262 de
691 2241 758 2262 mo-

88 2276 232 2310 deratore
256 2278 393 2311 dicitur:
420 2280 513 2321 Vir-g.
531 2281 607 2311 AEn.
623 2279 657 2312 ii.
676 2281 756 2311 100:

87 2331 110 2345 “
123 2327 300 2360 Calchante
310 2328 453 2360 ministro
465 2329 499 2368 ;”
511 2341 542 2360 v.
554 2330 657 2360 64Ο.“
669 2330 758 2362 Deus

86 2376 228 2409 animum
244 2378 434 2410 ministrat.’'
482 2380 564 2410 Neve
575 2391 676 2411 suum.
693 2386 757 2412 etc.

86 2427 189 2464 effice,
205 2438 244 2459 ne
260 2428 298 2465 is,
314 2428 369 2470 qui
389 2438 503 2471 pacem
520 2429 610 2460 nobis
624 2430 757 2472 peperit,

86 2476 127 2508 ad
144 2486 232 2508 arma
247 2488 353 2508 rursus
367 2483 579 2509 convertatur.

131 2527 207 2557 289.
231 2527 397 2569 Superiora
417 2527 573 2559 didicerat
593 2538 631 2559 ex
653 2530 758 2568 Jano;

86 2576 284 2617 progreditur
305 2577 345 2608 ad
369 2587 419 2614 ea,
440 2588 510 2619 quae
534 2578 621 2609 Fasti
642 2589 757 2621 suppe-

85 2624 243 2657 ditabant.
296 2626 376 2658 Dies
405 2626 615 2658 dedicationis
647 2628 756 2659 admo-

87 2674 163 2706 dum
185 2675 341 2708 solemnes
361 2676 494 2715 Romae3
519 2676 593 2708 inde
612 2677 706 2719 igitur
725 2684 757 2709 et

89 2724 229 2756 Kalend.
253 2726 386 2758 Januar.
414 2726 536 2769 aliquid
565 2727 759 2758 celebritatis

88 2774 241 2808 accessit:
266 2786 305 2807 ex
325 2776 433 2808 Phwoeho
447 2782 480 2808 et
496 2777 644 2808 Coronide
661 2777 757 2817 Nym·

1362 1172 1502 1233 [que‚

828 1334 891 1375 pha
906 1338 999 1365 natus
1024 1338 1072 1365 est
1084 1334 1303 1378 AEsculapius,
1320 1336 1455 1368 Metam.
1473 1337 1505 1369 ii.

831 1384 1018 1415 542—632.
1038 1383 1124 1415 Ann.
1141 1384 1182 1416 U.
1197 1385 1235 1416 C.
1258 1386 1331 1417 462.
1348 1388 1390 1424 Q.
1408 1387 1505 1418 Fabio

831 1433 979 1475 Gurgite,
996 1433 1039 1465 D.
1053 1433 1152 1465 Junio
1170 1435 1271 1465 Bruto
1292 1438 1404 1466 Scaeva
1425 1447 1504 1467 coss.

830 1488 918 1525 peste
946 1483 1056 1514 urbem
1082 1494 1236 1525 agrosque
1256 1491 1411 1522 vastante,
1437 1487 1504 1518 Ro-

830 1532 927 1569 mani,
951 1532 1040 1564 libris
1060 1533 1224 1575 Sibyllinis
1247 1535 1370 1572 moniti,
1388 1537 1501 1568 EEscu-

829 1581 951 1624 lapium
985 1582 1024 1613 ab
1055 1582 1216 1624 Epidauro
1249 1585 1431 1617 arcessitum
1471 1587 1503 1618 in

829 1630 967 1662 insulam
1002 1631 1126 1663 Tiberis
1157 1632 1374 1675 deportarunt,
1409 1637 1503 1678 eique

830 1682 986 1723 templum
1002 1681 1046 1713 ibi
1062 1688 1307 1722 consecrarunt3
1332 1684 1452 1722 Livius,
1470 1698 1502 1717 x.

830 1730 871 1761 47
885 1742 891 1760 :
918 1730 994 1762 edit.
1010 1731 1123 1763 Reisk.
1139 1742 1236 1774 quam
1252 1732 1501 1775 deportationem

829 1785 862 1810 et
877 1781 1147 1812 consecrationem
1165 1782 1282 1813 Noster
1297 1784 1433 1816 Metam.
1449 1797 1502 1817 xv.

829 1830 1018 1861 622—744.
1056 1831 1182 1874 copiose
1218 1838 1403 1874 persecutus
1441 1841 1501 1867 est.

828 1880 949 1917 Insula,
975 1881 1066 1923 cujus
1093 1881 1246 1923 originem
1272 1882 1394 1914 Livius.
1413 1884 1446 1916 ii.
1467 1888 1500 1917 5.

828 1930 933 1967 refert,
958 1930 1033 1961 inde
1061 1930 1148 1962 dicta
1175 1932 1347 1973 AEsculapii
1374 1935 1476 1966 insula
1489 1947 1501 1973 ;

827 1980 958 2011 Sueton.
975 1980 1094 2012 Claud.
1111 1981 1164 2012 25.
1200 1982 1271 2013 Hoc
1284 1983 1353 2014 loco
1368 1995 1502 2024 premere

828 2034 877 2060 est
895 2029 1037 2072 cingere.
1083 2030 1168 2061 Jovis
1187 2031 1341 2074 templum
1361 2044 1426 2064 una
1441 2037 1500 2073 die,

828 2089 892 2110 non
918 2085 1025 2111 autem
1049 2080 1192 2122 ejusdem
1216 2081 1302 2118 anni,
1321 2082 1376 2113 sed
1400 2085 1500 2117 multo

827 2129 927 2160 serius
938 2135 1008 2172 post
1019 2130 1138 2161 bellurn
1150 2131 1302 2173 punicum
1311 2134 1500 2173 secundum,

828 2189 847 2209 a
863 2178 902 2210 C.
917 2179 1048 2210 Servilio
1062 2179 1228 2212 duumviro
1241 2180 1424 2214 dedicatum
1441 2190 1500 2217 est.

828 2228 896 2260 Liv.
912 2229 1021 2260 xxxiV.
1036 2231 1092 2261 53.

870 2279 946 2310 295.
975 2279 1026 2310 De
1053 2280 1212 2311 stellarum
1240 2287 1311 2311 ortu
1336 2287 1368 2313 et
1390 2294 1499 2315 occasio

822 2327 890 2369 jam
904 2327 1041 2370 primum
1056 2328 1217 2369 dicturus3
1241 2330 1404 2372 praemittit
1418 2343 1497 2374 prae-

827 2377 912 2409 clare
929 2379 1035 2409 laudes
1055 2389 1168 2415 eorum,
1183 2382 1234 2420 qui
1252 2382 1346 2420 primi
1364 2383 1498 2414 siderum

827 2434 972 2459 naturam
987 2429 1226 2471 investigarunt.
1253 2429 1425 2472 Triplicem
1442 2443 1497 2464 au-

827 2482 890 2509 tem
910 2483 1064 2510 astrorum
1081 2483 1185 2510 ortum
1205 2484 1237 2510 et
1255 2479 1377 2511 obitum
1400 2488 1498 2514 astro-

827 2527 911 2558 nomi
923 2534 1110 2564 memorant,
1126 2529 1296 2566 heli-acum,
1310 2541 1406 2571 quum
1424 2532 1498 2563 solis

826 2576 922 2607 radiis
947 2577 996 2608 vel
1019 2583 1235 2620 emerguntur,
1258 2579 1309 2610 vel
1333 2581 1496 2612 occultan-

826 2631 876 2657 tur
889 2638 902 2665 ·,·
921 2627 1005 2658 unde
1029 2627 1153 2659 Plinius
1178 2630 1366 2659 emersionem
1391 2635 1422 2660 et
1448 2643 1495 2662 or·-

824 2678 1022 2708 cultationem
1034 2684 1144 2709 vocat:
1161 2678 1333 2709 cosmicum
1343 2679 1414 2710 scil.
1427 2690 1493 2711 ma-

826 2726 976 2762 tutinum,
989 2737 1086 2768 quum
1101 2727 1190 2759 sidus
1204 2727 1291 2758 circa'
1303 2727 1377 2758 solis
1392 2734 1494 2760 ortum

826 2775 921 2807 oritur
937 2782 992 2806 aut
1006 2775 1123 2807 occidit
1137 2789 1142 2807 :
1162 2776 1387 2817 acronycliium
1404 2777 1492 2809 deni-
