1830 3220
542 167 895 211 FASTORUM
931 167 1053 210 LIB.
1077 168 1162 211 VI.

1476 171 1566 214 327

142 286 363 350 Surgste,
393 294 444 334 et
470 285 519 333 in
547 285 743 334 medios
770 286 835 334 de
861 287 1072 334 summis
1098 286 1298 335 arcibus
1326 287 1499 336 hostes

209 364 418 422 Mittite,
447 380 602 429 quam
629 365 836 413 minime
861 365 1076 429 perdere
1102 364 1270 422 vultis,
1298 382 1466 430 opem.

142 443 362 491 Somnus
389 443 508 500 abit,
538 450 877 507 quaeruntque
912 444 1053 492 novis
1080 444 1384 507 ambagibus
1410 445 1528 502 acti,

209 521 431 570 Perdere
458 538 613 586 quam
640 521 819 578 nolint,
847 529 898 570 et
918 522 1212 585 jubeantur,
1241 538 1408 587 opem.
1466 525 1566 572 390

143 599 298 656 Ecce,
329 599 489 649 Ceres
514 599 621 648 visa
646 607 752 648 est:
787 599 988 664 jaciunt
1017 600 1251 649 Cerealia
1275 601 1437 649 dona:

211 678 242 726 J
248 685 363 727 acta
390 695 543 744 super
569 679 740 742 galeas
767 686 1018 743 scutaque
1041 680 1193 743 longa
1218 687 1417 728 sonant.

144 755 306 805 Posse
332 757 465 805 fame
489 758 621 805 vinci
648 774 765 823 spes
792 757 1013 806 excidit:
1055 758 1201 807 hoste
1229 758 1448 823 repulso,

211 836 448 884 Candida
473 836 661 884 Pistori
688 837 893 901 ponitur
918 853 1004 885 ara
1027 836 1159 885 Jovi.

143 913 295 963 Forte
321 916 610 963 revertebar
635 914 777 963 festis
804 914 1101 964 Vestalibus
1127 915 1257 972 illac,

1467 918 1567 964 395

210 993 326 1049 Qua
356 993 497 1042 Nova
526 994 759 1042 Romano
783 1011 916 1043 nunc
944 995 1022 1042 via
1041 996 1223 1058 juncta
1248 994 1353 1043 foro
1383 1001 1478 1043 est.

142 1070 259 1120 Huc
287 1072 420 1137 pede
448 1081 728 1121 matronam
749 1073 850 1120 vidi
876 1073 1189 1122 descendere
1215 1073 1383 1130 nudo;

206 1150 494 1216 Obstupui3
536 1152 721 1200 tacitus
747 1151 1070 1216 sustinuique
1097 1151 1327 1216 gradum.

143 1226 316 1277 Sensit
341 1245 468 1278 anus
495 1230 659 1278 vicina
683 1229 781 1278 loci
802 1248 812 1287 ;
850 1231 1154 1294 jussumque
1175 1230 1354 1279 sedere

210 1307 535 1372 Adloquitur,
555 1308 810 1372 quatiens,
828 1324 951 1356 voce
967 1315 1233 1365 tremente,
1255 1316 1439 1374 caput:
1467 1312 1569 1358 400

142 1384 273 1444 Hoc,
291 1386 377 1434 ubi
404 1403 538 1434 nunc
565 1386 672 1434 fora
697 1394 832 1444 sunt,
861 1387 973 1434 udae
994 1394 1204 1436 tenuere
1230 1387 1472 1452 paludes;

213 1464 379 1513 Amne
405 1465 702 1514 redundatis
725 1465 862 1514 fossa
886 1466 1126 1516 madebat
1151 1466 1315 1532 aquis.

146 1543 355 1592 Curtius
381 1544 465 1593 ille
491 1545 651 1601 lacus,
680 1545 843 1594 siccas
871 1546 959 1610 qui
979 1545 1199 1595 sustinet
1225 1562 1353 1602 aras,

213 1621 363 1671 Nunc
391 1624 554 1672 solida
579 1631 658 1672 est
682 1625 852 1680 tellus,
882 1623 972 1672 sed
998 1624 1140 1672 lacus
1168 1631 1285 1673 ante
1311 1623 1420 1673 fuit.

188 1839 266 1870 389.
291 1840 438 1882 Ambages
454 1843 607 1870 vocantur
626 1838 749 1870 monita
765 1840 821 1870 ob-

145 1900 256 1928 scura3
282 1888 325 1920 iv.
341 1890 424 1920 261:
449 1891 587 1933 ambages
607 1891 695 1921 sortis
718 1891 821 1921 obscu-

143 1950 207 1977 rae5
231 1938 309 1970 ibid.
326 1940 412 1971 379:
436 1940 576 1981 ambages
596 1942 656 1970 oris
679 1941 820 1977 obscur1'5

144 1989 227 2021 Met.
242 1989 306 2021 xiv.
319 1991 360 2021 57
375 2003 380 2020 :
408 1991 565 2021 obscurum
582 1991 738 2021 verborum
758 2002 821 2020 am-

146 2041 220 2082 bage
244 2052 402 2072 novorum.
453 2040 543 2071 Ceres
569 2043 633 2071 visa
658 2047 699 2071 est
713 2051 723 2077 ;
749 2050 822 2070 con-

138 2090 292 2133 jectando
315 2101 352 2122 eo
373 2090 473 2122 delati
497 2096 582 2126 sunt,
600 2096 634 2122 ut
658 2090 823 2122 crederent

147 2140 298 2179 Cererem,
335 2141 369 2173 id
406 2147 465 2177 est,
505 2152 633 2184 panem,
671 2140 821 2182 intelligi.

144 2191 241 2222 Scuta
280 2193 382 2234 longa,
408 2191 464 2223 sed
504 2191 545 2222 ad
574 2191 821 2234 amplitudinem

144 2240 281 2283 corporis
296 2252 409 2284 parum
421 2242 487 2273 lata
503 2241 600 2273 etiam
614 2241 724 2273 Livius
741 2242 820 2273 Gal·

144 2291 184 2322 lis
199 2291 323 2323 tribuit.

189 2342 266 2373 395.
280 2341 346 2373 Cur
356 2341 454 2373 sacris
465 2342 652 2374 Vestalibus
667 2347 820 2373 matronae

145 2391 228 2434 pede
246 2392 331 2423 nudo
347 2391 380 2423 in
396 2392 496 2423 forum
518 2392 725 2425 descendant.
766 2393 822 2423 In-

146 2442 277 2485 terpreti
306 2442 434 2474 Gallico
472 2443 557 2474 hunc
594 2443 699 2474 locum
737 2442 821 2473 inse-

146 2492 246 2524 ruisse
276 2493 402 2525 Ovidus
425 2492 560 2531 videtur,
585 2500 621 2525 ut
645 2493 821 2525 Velabrum

145 2543 326 2575 describere
362 2549 482 2586 posset.
529 2543 625 2582 Quod
652 2554 714 2574 non
751 2549 822 2582 est3

145 2593 279 2626 Velabri
293 2593 378 2625 enim
393 2605 456 2625 non
472 2594 531 2625 nisi
549 2593 651 2626 obiter
669 2599 701 2625 et
716 2593 820 2625 brevi-

145 2650 193 2676 ter
208 2645 244 2676 fit
258 2644 389 2676 mentio.
435 2644 488 2676 Ad
507 2645 625 2677 Novam
642 2646 722 2676 viam
737 2643 823 2675 aedes

145 2701 214 2726 erat
230 2695 336 2727 Vestae
350 2707 360 2735 3
377 2694 495 2738 Livius,
507 2707 537 2727 v.
555 2697 609 2727 32.
635 2696 822 2726 Burmanno

147 2745 277 2788 elegans
296 2745 465 2777 videbatur
488 2745 597 2782 lectio,
614 2756 709 2788 quam
733 2745 820 2776 Nea-

891 1839 973 1882 polis
998 1839 1029 1870 in
1055 1851 1112 1871 suo
1135 1839 1206 1871 cod.
1230 1840 1356 1883 reperit,
1380 1843 1568 1879 revectabar,

891 1900 987 1931 quam
1014 1889 1197 1932 recepisset,
1214 1890 1273 1921 nisi
1295 1897 1481 1933 sequeretur
1493 1894 1568 1932 jus-

891 1950 1014 1981 sumque
1043 1942 1155 1977 sedere,
1187 1939 1270 1971 unde
1299 1951 1371 1971 eum
1401 1941 1482 1983 pede
1508 1941 1568 1974 iter

892 1990 1003 2021 secisse
1026 1989 1206 2032 colligatur.
1253 1991 1285 2021 N
1288 2001 1324 2022 ec
1341 1991 1494 2023 credibile
1507 1998 1566 2030 est,

891 2046 1019 2082 poetam
1039 2046 1180 2084 tempore
1195 2051 1356 2072 sacrorum
1372 2041 1567 2073 circumvec-

891 2095 993 2122 tatum
1010 2101 1078 2122 esse
1094 2091 1196 2122 aedem
1212 2091 1293 2123 deae.
1326 2092 1516 2123 Dese-endere
1527 2093 1567 2124 de

889 2140 928 2172 iis
950 2141 1004 2184 qui
1025 2141 1057 2172 in
1081 2142 1182 2173 forum
1202 2147 1289 2179 eunt,
1306 2142 1383 2185 quia
1404 2142 1492 2174 cives
1510 2143 1566 2174 ho-

889 2191 1041 2224 nestiores
1078 2192 1110 2223 in
1159 2191 1319 2224 montibus
1361 2193 1563 2225 habitabant.

892 2242 1046 2279 Gradum,
1070 2243 1178 2284 plures
1198 2244 1340 2285 gradus3
1367 2243 1441 2274 inde
1466 2243 1566 2275 Hein-

888 2291 954 2324 sius
970 2292 1059 2329 facit‚
1076 2295 1182 2324 tacitos
1196 2294 1389 2334 sustinuique
1402 2295 1532 2336 gradus.

934 2343 1012 2374 399.
1028 2342 1136 2374 Simile
1152 2343 1339 2385 figmentum
1355 2343 1398 2375 iv.
1414 2344 1478 2375 685
1494 2355 1565 2386 sqq.

892 2392 993 2429 Fossa,
1020 2393 1148 2424 omnino
1179 2393 1268 2424 locus
1295 2393 1489 2435 profundus3
1520 2394 1564 2425 ibi

890 2445 985 2479 cacus,
1008 2442 1063 2485 qui
1091 2443 1141 2474 vel
1168 2443 1255 2474 bello
1278 2443 1396 2474 Sabino
1422 2454 1441 2474 a
1468 2444 1566 2476 Metto

893 2492 1015 2530 Curtio,
1033 2493 1085 2525 vel
1100 2493 1200 2525 serius
1215 2504 1234 2525 a
1251 2493 1298 2525 M.
1313 2493 1433 2531 Curtio,
1444 2494 1564 2537 juvene

890 2543 1028 2585 egregio,
1045 2555 1144 2586 quum
1161 2555 1194 2576 se
1209 2544 1242 2575 in
1256 2555 1385 2586 specum
1399 2545 1491 2577 illum
1506 2546 1566 2576 im-

890 2591 1041 2630 misisset,
1064 2604 1179 2625 nomen
1205 2594 1346 2634 invenit;
1371 2595 1443 2626 Liv.
1458 2595 1481 2626 i.
1502 2596 1563 2634 13;

891 2642 946 2673 vii.
961 2644 1003 2683 63
1027 2648 1049 2661 “
1066 2643 1272 2676 Redundatae
1294 2643 1422 2676 flumine
1447 2645 1563 2687 aquae'’

890 2693 987 2724 etiam
1004 2693 1100 2726 Trist.
1121 2694 1154 2727 ii.
1170 2696 1225 2728 51.
1271 2696 1318 2727 Eo
1335 2695 1404 2727 loco
1424 2701 1565 2738 eratara

890 2743 1029 2776 Saturni.
