1830 3220
567 134 919 179 FASTORUM
956 136 1078 178 LIB.
1115 137 1135 178 1
1146 137 1198 179 V.

1508 141 1595 183 ⁶203

160 251 333 302 Prima
361 253 520 302 Ceres
546 253 754 310 homini,
783 254 847 302 ad
876 255 1086 303 meliora
1112 256 1352 305 alimenta
1380 264 1574 311 vocato,

231 332 451 381 Mutavit
476 332 690 396 glandes
719 333 919 382 utiliore
945 334 1077 382 cibo.

162 410 259 460 Illa
276 413 401 476 jugo
426 419 597 460 tauros
623 412 811 460 collum
838 413 1066 477 praebere
1093 413 1287 477 coegit:

226 490 358 538 Tum
384 491 604 556 primum
630 491 764 540 soles
790 498 935 540 eruta
960 492 1086 539 vidit
1112 492 1316 540 humus.

162 567 251 617 AEs
277 577 385 618 erat
409 569 461 617 in
486 570 678 634 preti03
721 570 993 635 chalybeia
1019 586 1189 618 massa
1214 570 1407 618 latebat
1429 588 1438 618 :
1492 573 1590 619 405

231 646 372 696 Heu!
413 665 567 713 quam
590 656 840 714 perpetuo
867 649 1046 697 debuit
1073 649 1158 697 illa
1185 649 1317 712 tegi!

161 725 300 775 Pace
330 726 489 775 Ceres
512 727 629 775 laeta
654 735 759 775 est:
803 735 854 775 at
879 744 966 775 vos
993 735 1184 792 optate,
1211 727 1397 784 coloni,

227 804 538 870 Perpetuam
567 822 763 871 pacem,
793 813 1202 872 perpetuumque
1228 807 1430 855 ducem.

162 883 315 932 Farra
341 884 465 932 Deae
493 885 742 949 micaeque
769 885 892 933 licet
917 885 1146 933 salientis
1168 885 1410 934 honorem

230 962 396 1020 Betis,
425 970 476 1011 et
501 964 550 1011 in
576 971 774 1013 veteres
801 972 945 1013 turea
970 981 1128 1028 grana
1152 963 1290 1013 focos
1311 982 1320 1012 :

1492 966 1591 1010 410

160 1039 242 1098 Et,
271 1042 312 1089 si
338 1048 452 1089 tura
477 1042 709 1099 aberunt,
739 1051 922 1091 unctas
950 1043 1218 1092 accendite
1244 1043 1432 1091 taedas:

226 1119 393 1168 Parva
418 1121 564 1168 bonae
592 1120 785 1178 Cereri,
813 1122 916 1169 sint
942 1122 1090 1170 modo
1117 1129 1276 1177 casta,
1306 1121 1530 1186 placent.

157 1196 202 1245 A
230 1198 357 1247 bove
384 1198 634 1247 succincti
661 1200 853 1248 cultros
876 1207 1130 1249 removete
1158 1200 1402 1255 ministri3

228 1276 334 1325 Bos
361 1284 497 1326 aret:
539 1277 771 1340 ignavam
798 1278 1080 1327 sacrificate
1103 1294 1276 1326 suem:

158 1434 249 1476 Virg.
264 1436 384 1477 Gemg.
400 1435 423 1467 i.
444 1436 502 1466 147
517 1447 523 1466 :
545 1446 617 1477 quae
634 1436 705 1467 loca
719 1437 838 1474 omnia,

157 1485 249 1526 quasi
273 1496 312 1517 ex
337 1485 524 1528 composito,
541 1485 710 1518 ordiuntur
735 1487 840 1519 verbis

160 1536 269 1568 Prima
287 1536 388 1569 Ceres.
418 1537 543 1568 Vocavit
558 1537 707 1569 hominem
723 1540 763 1568 ad
778 1550 837 1568 me-

160 1587 250 1624 liora,
268 1597 366 1630 quum
388 1587 518 1619 modum
542 1588 730 1619 monstravit
749 1587 838 1619 mitia

156 1636 216 1668 sibi
233 1637 388 1668 alimenta
404 1637 612 1680 comparandi
628 1648 685 1679 per
700 1638 838 1680 agricul-'

156 1692 273 1724 turam,
290 1688 382 1730 cujus
408 1693 543 1730 partem,
561 1687 749 1725 arationem,
765 1699 838 1720 mox

155 1736 430 1780 circumloquitur.
458 1738 609 1774 Mutavit,
628 1738 836 1780 permutavit:

158 1787 284 1819 doctius
298 1794 331 1819 et
346 1788 488 1820 ornatius
504 1788 596 1831 Virg.
613 1790 732 1831 (J'eorg.
747 1788 769 1820 i.
785 1790 816 1821 8,
830 1801 837 1820 :

156 1839 283 1870 Cereris
296 1849 427 1870 munere
438 1838 535 1870 tellus
545 1839 754 1870 “Chaoniam
767 1839 838 1882 pin-

153 1889 209 1930 gui
222 1889 374 1931 glandem
389 1887 527 1920 mutavit
542 1889 679 1922 arista.'’
722 1890 837 1927 Erum,

156 1949 248 1972 versa
277 1945 391 1971 aratro.
437 1940 519 1971 Soles
544 1942 645 1977 vidit5
671 1940 792 1983 Georg.
818 1941 839 1972 i.

157 1992 217 2023 48:
242 1992 332 2023 sotem
347 1991 512 2034 etsi-ignia
528 1994 631 2023 sensit.

199 2043 276 2074 405.
291 2043 399 2074 AEneis
419 2047 486 2073 tum
510 2042 733 2074 instrumentis
754 2043 837 2084 agri-

156 2093 235 2125 colae
252 2094 424 2125 utebantur
438 2104 448 2131 3
464 2092 624 2124 Hesiodus
632 2092 733 2136 Ἐργ.
752 2094 812 2125 150
829 2106 834 2124 :

158 2145 278 2186 χαλκῷ
289 2142 315 2175 δ’
329 2143 522 2187 ἐργάζοντο·
537 2142 640 2186 μέλας
655 2142 681 2175 δ’
691 2144 750 2175 οὐκ
766 2144 837 2176 ἔσκε

157 2193 305 2237 σίδηρος.
352 2193 439 2225 Ferri
467 2194 585 2225 Noster
610 2193 836 2237 praestantissi-

158 2255 246 2276 mum
269 2255 370 2287 genus
393 2243 547 2281 nominat,
565 2254 583 2275 a
606 2249 703 2286 gente
722 2244 837 2286 Chaly-

158 2296 228 2326 bum
250 2295 293 2326 ad
316 2294 576 2326 Thermodoonta
601 2294 745 2332 fluvium,
769 2295 837 2326 dic-

158 2351 248 2384 tum3
273 2344 389 2387 Virgil.
418 2345 538 2387 Georg.
567 2345 587 2376 i.
613 2346 667 2377 58.
724 2345 840 2376 Debuit

156 2398 232 2438 tegi,
256 2406 370 2438 nempe
394 2401 522 2439 propter
548 2396 685 2426 abusum
708 2396 777 2438 ejus
805 2396 839 2427 in

158 2446 246 2478 bello
261 2457 269 2485 ;
287 2446 395 2478 confer
409 2457 474 2478 ver.
488 2447 554 2477 923
569 2457 643 2488 sqq.
677 2445 741 2477 Sed
753 2452 839 2484 ante,

159 2507 217 2528 erre
241 2496 286 2527 sic
311 2496 537 2534 abutebantur,
562 2502 595 2527 et
623 2502 698 2527 ante
719 2506 763 2527 aes
791 2507 839 2528 re-

158 2552 284 2590 pertum
305 2546 479 2588 unguibus,
495 2545 611 2588 pugnis
633 2551 665 2576 et
681 2545 817 2577 fustibus
832 2561 840 2588 3

159 2596 324 2633 Horatius,
336 2597 364 2628 I.
377 2596 444 2628 Sat.
459 2596 505 2627 iii.
522 2597 597 2627 101.
632 2596 762 2628 Scilicet
778 2607 842 2628 nou

157 2646 330 2690 chalybeia
345 2657 452 2678 massa
472 2646 504 2678 in
525 2646 621 2690 culpa
636 2652 696 2684 est,
711 2646 768 2678 sed
789 2657 838 2679 ra-

158 2696 228 2728 bies
247 2696 424 2734 hominum,
445 2696 504 2728 sed
528 2696 668 2728 historiae
690 2696 839 2734 stultitia,

160 2758 245 2789 quae,
262 2758 363 2789 quum
378 2752 553 2779 vastatores
575 2753 728 2780 terrarum
747 2747 840 2790 Mag—

912 1449 962 1468 nus
985 1436 1111 1468 mentiri
1137 1442 1233 1471 amet,
1251 1435 1407 1467 funestam
1431 1434 1520 1465 illam
1546 1445 1593 1465 ra-

909 1487 994 1518 biem
1011 1486 1171 1518 accendit.
1215 1487 1296 1517 Pace
1313 1487 1383 1517 laeta
1404 1493 1457 1522 est,
1476 1493 1522 1522 ul,
1539 1485 1593 1527 qui

909 1538 1024 1574 aravit,
1038 1537 1123 1569 idem
1138 1542 1239 1568 metat
1252 1549 1260 1576 ;
1276 1536 1472 1568 Callimach.
1484 1536 1595 1577 hymn.

909 1588 1019 1619 Cerer.
1054 1588 1126 1618 138.
1167 1586 1251 1618 Vide
1279 1587 1386 1618 locum
1418 1586 1592 1628 pulcherri-

908 1649 996 1670 mum
1027 1637 1112 1680 apud
1141 1637 1307 1668 Tibullum
1339 1637 1367 1667 Ι.
1393 1648 1426 1667 x.
1455 1638 1497 1668 45
1523 1648 1595 1679 sqq.

910 1691 950 1720 At
977 1700 1025 1720 vos
1054 1688 1243 1720 Taubnerus
1270 1687 1315 1719 sic
1338 1687 1443 1731 capit:
1472 1694 1503 1718 at
1529 1699 1592 1719 non

909 1750 964 1781 pro
989 1749 1070 1782 pace
1091 1738 1197 1776 modo,
1214 1738 1269 1769 sed
1290 1745 1322 1770 et
1344 1749 1400 1781 pro
1415 1738 1506 1769 ducis
1523 1749 1594 1781 pei·-

909 1795 1005 1831 petua
1021 1789 1087 1820 vita
1107 1794 1182 1820 vota
1208 1788 1348 1820 faciatis.
1396 1789 1512 1819 Malim
1532 1801 1538 1818 :
1566 1788 1593 1820 si

908 1840 1015 1871 caeteri
1035 1839 1122 1871 bella
1137 1844 1259 1875 serunt,
1281 1849 1335 1869 vos
1351 1839 1465 1870 saltem
1482 1839 1588 1870 coloni

908 1896 970 1921 etc.
1016 1891 1057 1921 At
1082 1889 1248 1930 eleganter
1270 1889 1315 1920 sic
1337 1899 1410 1920 cuin
1432 1889 1592 1931 pronomi-

908 1940 1002 1972 nibus
1030 1950 1173 1983 personae
1204 1939 1358 1982 ponitur3
1393 1938 1514 1977 Livius,
1545 1938 1592 1971 iii.

912 1989 962 2020 17.
978 1995 1011 2020 at
1026 2000 1076 2020 vos
1092 1990 1239 2020 veremini
1257 1988 1335 2019 Deos
1352 1995 1478 2019 vestros.

952 2040 1140 2071 409—416.
1167 2039 1284 2071 Cultus
1311 2039 1447 2071 Cereris.
1471 2042 1588 2076 Farra,

908 2096 970 2121 etc.
987 2090 1094 2122 confer
1109 2090 1130 2122 i.
1147 2091 1228 2121 338.
1268 2089 1507 2132 Veteresj'ocos3
1525 2091 1592 2122 Ho-

907 2140 1019 2178 ratius,
1035 2141 1142 2184 Epod.
1158 2141 1195 2172 ii.
1212 2141 1285 2173 43.:
1314 2141 1444 2172 Sacrum
1466 2143 1592 2172 vetustis

907 2198 1045 2223 exstruat
1066 2192 1161 2234 lignis
1172 2191 1296 2234 focum.
1335 2191 1497 2222 Toedarum
1514 2202 1590 2222 usus

908 2240 940 2272 in
971 2241 1071 2273 sacris
1100 2241 1240 2279 Cereris,
1269 2242 1346 2284 quia
1379 2241 1461 2283 ipsa,
1492 2252 1593 2283 quum

907 2291 1007 2323 filiam
1046 2297 1216 2334 quaereret,
1259 2291 1377 2323 taedam
1427 2291 1590 2323 accendit.

913 2342 1042 2380 Unctus,
1073 2343 1144 2385 pice
1181 2342 1324 2382 oblitas3
1356 2341 1492 2374 AEneid.
1525 2342 1592 2373 viii.

908 2394 973 2425 91:
1002 2400 1100 2425 uncta
1130 2395 1221 2425 abies.
1272 2393 1387 2430 Parva,
1416 2399 1451 2424 ut
1482 2392 1590 2424 Mani-

907 2444 979 2481 bus,
995 2443 1029 2476 ii.
1044 2445 1121 2476 535.
1169 2443 1273 2481 Casta,
1299 2454 1378 2486 puro
1402 2442 1508 2474 animo
1533 2443 1592 2474 ob-

908 2493 986 2526 lata.
1025 2495 1179 2532 Ministri,
1199 2505 1306 2537 popae,
1323 2493 1505 2530 victimarii,
1522 2494 1590 2536 qui,

909 2555 1009 2586 quum
1039 2544 1187 2577 victimas
1217 2549 1408 2581 mactarent,
1438 2545 1592 2576 succincti

909 2605 978 2626 esse
1007 2595 1176 2635 solebant3
1201 2595 1274 2627 vide
1304 2595 1346 2627 ad
1371 2595 1392 2627 i.
1413 2595 1489 2626 319.
1536 2595 1590 2626 De

911 2646 980 2677 bove
1007 2652 1131 2677 aratore
1160 2656 1224 2677 non
1253 2645 1426 2678 mactando
1446 2644 1518 2676 vide
1547 2644 1588 2676 ad

908 2694 932 2727 i.
946 2697 1023 2729 362.
1065 2697 1118 2728 De
1132 2708 1196 2733 sue,
1213 2695 1269 2728 lib.
1285 2695 1309 2727 i.
1326 2706 1387 2727 ver.
1402 2695 1478 2726 349.
