1809 3220
242 191 328 234 278

639 190 692 231 P.
726 189 838 231 OVI
847 188 944 230 DII
977 187 1263 230 NASONIS

241 307 448 355 Pleiade
475 313 608 361 nate,
637 322 801 362 mone,
829 304 970 368 virga
993 305 1279 352 venerande
1305 304 1529 368 potenti3

311 386 458 448 Saepe
484 383 574 431 tibi
604 383 770 446 Stygii
796 382 934 445 regia
956 382 1063 429 visa
1088 381 1244 429 Jovis.

240 462 393 510 Venit
417 461 653 508 adoratus
682 459 983 507 Caducifer:
1025 459 1201 524 accipe
1228 475 1432 512 causam

309 538 567 585 Nominis:
611 554 674 585 ex
700 538 810 601 ipso
836 536 1039 599 cognita
1063 553 1217 584 causa
1241 536 1337 584 deo
1363 544 1457 585 est.

1552 539 1652 585 450

241 617 490 664 Romulus
515 622 572 662 ut
596 616 789 663 tumulo
814 615 1058 663 fraternas
1085 613 1313 662 condidit
1338 615 1558 671 umbras,

308 693 376 741 Et
400 693 529 741 male
556 692 716 740 veloci
736 694 876 756 justa
901 693 1066 739 soluta
1094 691 1286 740 Remo:

239 772 511 820 Faustulus
537 770 729 827 infelix,
757 778 810 819 et
835 771 998 835 passis
1026 771 1165 818 Acca
1190 770 1387 833 capillis

310 849 630 913 Spargebant
654 849 890 913 lacrymis
916 864 1032 896 ossa
1057 854 1263 912 perusta
1287 847 1406 894 suis.

237 926 364 974 Inde
390 927 593 973 domum
615 926 829 974 redeunt
848 927 942 973 sub
965 926 1126 990 prima
1145 925 1447 989 crepuscula
1467 924 1648 982 moesti,

309 1003 480 1067 thue
508 1011 628 1060 erat,
657 1004 707 1050 in
734 1004 859 1051 duro
885 1004 1199 1067 procubuere
1227 1010 1366 1050 toro:

1552 1004 1650 1049 456

234 1080 429 1128 Umbra
452 1087 662 1128 cruenta
688 1081 837 1128 Remi
863 1081 969 1128 visa
993 1088 1072 1128 est
1096 1079 1343 1128 adsistere
1369 1081 1517 1137 lecto,

301 1158 472 1222 Atque
498 1158 606 1205 haec
633 1158 816 1221 exiguo
842 1174 1095 1206 murmure
1121 1157 1275 1205 verba
1300 1158 1467 1221 loqui:

238 1235 316 1283 En
343 1252 435 1299 ego
461 1235 726 1284 dimidium
752 1236 904 1284 vestri
932 1252 1151 1300 parsque
1178 1235 1336 1282 altera
1359 1235 1476 1292 voti,

307 1313 529 1370 Gemite,
549 1313 643 1361 sim
666 1314 857 1377 qualis;
888 1313 975 1376 qui
1001 1312 1151 1360 modo
1177 1313 1341 1376 qualis
1368 1312 1528 1360 eram!
1549 1315 1649 1360 460

238 1390 336 1446 Qui
363 1391 529 1447 modo,
558 1392 598 1437 si
624 1392 853 1438 volucres
880 1391 1171 1438 habuissem
1197 1406 1352 1452 regna
1370 1391 1629 1453 jubentes,

308 1467 367 1515 In
393 1469 580 1532 populo
606 1469 747 1532 potui
774 1469 1025 1516 maximus
1051 1484 1164 1516 esse
1190 1483 1320 1515 meo.

277 1624 351 1654 451.
376 1622 480 1653 Etiam
513 1623 686 1664 Porphyrio
724 1624 765 1654 ad
804 1624 905 1655 Hora-

235 1672 326 1708 tium,
357 1672 404 1703 Π.
433 1674 491 1714 Ep.
518 1672 550 1702 ii.
580 1673 666 1703 209:
709 1678 729 1690 ‘¹
754 1674 907 1704 Lemures

233 1721 335 1753 dictos
358 1732 425 1752 esse
449 1728 562 1764 putant
586 1724 677 1763 quasi
703 1723 863 1754 Remures
887 1734 905 1754 a

233 1771 347 1808 Remo,
378 1771 467 1813 cujus
500 1771 596 1802 occisi
628 1772 773 1802 umbram
810 1772 907 1803 frater

234 1820 390 1852 Romulus
419 1831 516 1862 quum
545 1821 672 1862 placare
703 1821 811 1857 vellet,
842 1822 904 1853 Le-

234 1870 335 1901 muria
349 1870 496 1906 instituit,
510 1870 542 1900 id
559 1876 607 1901 est
623 1871 817 1908 Parentalia,
833 1883 905 1913 quae

233 1929 340 1950 mense
371 1919 461 1950 Maio
491 1930 546 1961 per
581 1918 719 1951 triduum
753 1920 906 1952 celebrari

232 1968 335 1999 solent
362 1973 437 1999 ante
468 1968 614 1999 additum
650 1980 732 2000 anno
764 1980 906 2001 mensem

233 2018 459 2049 Februarium:
501 2019 540 2049 ob
579 2029 675 2060 quam
713 2030 778 2050 rem
816 2020 906 2050 Maio

234 2077 340 2097 mense
365 2066 476 2107 religio
494 2073 540 2097 est
562 2068 715 2099 nubere.”
762 2069 841 2099 Haec
862 2069 907 2099 se-

234 2116 340 2147 cunda
356 2116 462 2147 Ovidii
485 2116 653 2158 phantasia
670 2117 714 2148 sic
730 2118 906 2154 exornavit,

234 2171 269 2196 ut
285 2165 380 2196 Remi
400 2166 545 2196 umbram
566 2166 771 2198 nutritoribus
791 2168 856 2199 suis
877 2169 907 2199 in

234 2215 351 2246 somnis
365 2215 570 2246 adsistentem
584 2222 679 2257 atque
693 2216 806 2248 festum
823 2218 906 2248 diem

234 2264 293 2295 sibi
324 2270 505 2306 poscentem
537 2266 681 2306 fingeret.
737 2267 907 2298 Cohaereut

235 2320 342 2345 autem
359 2314 426 2344 haec
442 2325 513 2344 cum
534 2315 576 2345 iv.
593 2317 778 2346 alo—856.
796 2317 846 2347 ubi
868 2317 906 2348 de

236 2365 325 2394 Remi
359 2374 435 2394 nece
468 2370 500 2394 et
533 2365 703 2406 exsequiis,
734 2373 829 2407 atque
868 2367 907 2397 de

240 2413 380 2443 Faustuli
407 2419 439 2444 et
466 2415 550 2444 Accae
575 2425 649 2454 erga
676 2425 748 2445 eum
774 2415 905 2456 pietate.

236 2463 402 2498 commit,-
428 2462 552 2503 sepulto
573 2473 710 2505 corpore,
728 2465 835 2494 umbra
852 2471 906 2496 aut

235 2511 341 2543 anima
361 2513 498 2551 sepulcro
521 2514 608 2542 condi
631 2512 815 2551 dicebatur3
842 2514 904 2544 Pli-

235 2561 320 2599 nius,
352 2561 431 2592 VH.
463 2562 525 2602 Ep.
554 2561 654 2592 xxvii.
689 2564 750 2592 ll:
781 2563 903 2594 Domus

234 2612 293 2642 rite
313 2609 448 2642 conditis
464 2610 616 2641 Manibus
631 2612 770 2642 caruit.’'
819 2612 902 2644 Vide

234 2667 266 2691 et
282 2660 423 2691 Servium
439 2660 479 2691 ad
498 2662 574 2692 AEn.
593 2660 635 2691 iii.
653 2662 707 2691 67.
758 2662 855 2698 Male,
872 2663 903 2693 in

234 2720 323 2741 suam
339 2709 437 2751 ipsius
449 2709 634 2751 perniciem.

277 2761 353 2790 455.
377 2760 438 2790 Sub
450 2761 551 2799 prima
563 2760 774 2800 crepuscula]
819 2762 901 2802 Ergo

976 1625 1041 1655 illae
1072 1623 1231 1664 exsequiae
1262 1629 1403 1665 tempore
1436 1622 1651 1664 pomeridiano

977 1674 1081 1709 faetae,
1107 1683 1204 1714 quum
1231 1672 1330 1703 serius
1358 1672 1469 1703 funera
1497 1671 1652 1704 indictiva

977 1734 1081 1757 mane,
1120 1722 1218 1753 tacita
1258 1727 1354 1753 noctu
1399 1721 1651 1753 instituerentur.

976 1774 1090 1804 Festus
1112 1772 1144 1802 in
1169 1772 1283 1803 vocab.
1310 1771 1503 1811 Vespiltones.
1555 1771 1650 1802 Torns

975 1824 1083 1858 durus,
1111 1820 1234 1863 sponda
1265 1831 1326 1851 non
1354 1826 1453 1852 strata
1482 1819 1564 1851 ulvis
1594 1825 1650 1852 aut

975 1871 1047 1902 aliis
1064 1872 1157 1902 rebus
1173 1870 1343 1909 mollibus;
1368 1870 1440 1901 vide
1461 1870 1502 1901 ad
1521 1870 1542 1901 i.
1558 1870 1622 1901 200
1638 1881 1647 1908 3

976 1926 1008 1951 et
1031 1932 1103 1952 mox
1129 1932 1193 1952 ver.
1217 1921 1294 1951 519.
1346 1920 1388 1950 Ut
1411 1925 1478 1950 erat
1500 1918 1567 1950 sine
1591 1929 1646 1962 ap-

975 1977 1099 2012 paratu.
1151 1970 1235 2000 Visus
1254 1976 1295 2000 est
1315 1972 1458 2000 adsistere
1475 1975 1532 2000 aut
1550 1971 1650 2000 adesse

976 2018 1111 2049 formula
1127 2018 1276 2049 solemnis
1291 2018 1331 2049 de
1347 2018 1395 2054 iis,
1412 2018 1466 2060 qui
1483 2017 1514 2048 in
1531 2017 1648 2048 somnis

977 2073 1141 2110 apparent.
1194 2068 1367 2099 Dimidium
1397 2074 1424 2098 et
1457 2079 1531 2107 pars
1558 2070 1651 2098 vestri

976 2120 1049 2153 voti,
1070 2118 1149 2148 alter
1174 2117 1372 2148 alumnorum
1394 2124 1586 2156 vestrorum;
1610 2118 1650 2150 de

976 2169 1051 2197 *votis
1088 2172 1254 2208 parentum
1292 2166 1429 2197 Metam.
1468 2166 1533 2197 viii.
1573 2167 1648 2198 499.

975 2217 1096 2247 Eadem
1119 2223 1150 2246 et
1172 2216 1330 2247 nutricum
1350 2222 1461 2255 erant;
1484 2217 1646 2254 Horatius,

977 2267 1006 2297 1.
1021 2267 1079 2308 Ep.
1096 2266 1138 2296 iv.
1155 2268 1192 2297 8:
1222 2270 1240 2283 “
1257 2266 1344 2303 Quid
1359 2271 1472 2297 voveat
1486 2266 1574 2298 dulci
1588 2277 1646 2298 nu-

977 2316 1091 2346 tricula
1117 2316 1218 2357 majus
1246 2315 1422 2346 alumno'!“
1473 2316 1647 2347 Dimidium

978 2372 1084 2396 autem
1102 2372 1134 2396 et
1153 2377 1225 2405 pars
1243 2368 1303 2396 ‘voti
1325 2365 1448 2396 dictum
1465 2371 1500 2396 ut
1514 2365 1544 2396 in
1562 2365 1646 2396 illis:

976 2417 1083 2446 ‹znimae
1102 2417 1263 2445 dimidium
1285 2426 1352 2446 meae
1374 2414 1509 2450 Horatii,
1531 2415 1559 2447 Ι.
1580 2415 1646 2447 Od.

975 2465 1018 2495 iii.
1039 2466 1079 2503 85
1104 2470 1135 2495 et
1157 2467 1265 2496 anima:
1286 2471 1393 2495 nostra:
1411 2468 1554 2506 majorem
1572 2477 1647 2505 par-

975 2522 1045 2550 tem,
1061 2516 1143 2545 Stat.
1160 2515 1237 2545 Silv.
1252 2515 1317 2545 III.
1332 2515 1353 2545 i.
1370 2516 1400 2545 7.
1441 2515 1550 2549 Qualis
1564 2526 1647 2546 erum

973 2564 1085 2595 Heins.
1112 2575 1150 2594 ex
1176 2563 1294 2602 multis,
1321 2563 1424 2605 iisque
1450 2563 1645 2600 melioribus,

973 2613 1124 2655 praetulit‚
1146 2613 1220 2655 quia
1237 2615 1334 2653 qualis
1357 2623 1412 2655 pro
1434 2620 1566 2654 quantus
1588 2623 1643 2654 po-

973 2663 1071 2694 nitur.
1198 2662 1210 2665 “

1016 2714 1090 2743 461.
1108 2713 1367 2753 Regnajubentes
1382 2711 1514 2748 dictum,
1527 2716 1561 2742 ut
1571 2711 1641 2742 Sal-

973 2763 1045 2793 lust.
1069 2762 1220 2803 Jugurth.
1242 2763 1295 2793 84.
1320 2763 1331 2791 l
1350 2774 1357 2792 :
1383 2763 1593 2803 “Postquam
1616 2761 1642 2792 ei
