1830 3220
605 171 958 214 FASTORUM
993 171 1115 214 LIB.
1151 173 1209 215 II.

1536 173 1558 214 1
1566 174 1624 214 05

188 287 392 352 Ecquid
418 287 469 336 in
495 290 660 337 officio
687 296 827 338 torus
854 298 932 339 est
957 290 1196 339 socialis?
1229 298 1282 339 et
1306 291 1492 354 ecquid

256 366 577 432 Conjugibus
603 367 790 415 nostris
816 375 994 416 mutua
1017 385 1140 417 cura
1166 369 1376 417 sumus?

185 445 420 510 Quisque
462 462 607 494 suam
646 447 889 495 laudant:

1521 371 1620 417 730

937 447 1125 496 studiis
1165 448 1444 497 certamina
1482 463 1617 496 cres-

254 523 323 572 Et
340 524 535 573 fervent
553 526 712 573 multo
738 525 1017 590 linguaque
1037 543 1227 591 corque
1251 543 1408 575 mero.
1439 528 1586 590 [cunt
1605 545 1615 584 3

187 603 380 666 Surgit,
408 603 490 651 cui
517 604 711 652 clarum
736 604 950 652 dederat
977 604 1198 653 Collatia
1224 622 1432 664 nomen3

254 681 372 730 Non
399 699 528 747 opus
555 690 634 731 est
658 683 842 739 verbis,
871 683 1064 732 credite
1092 685 1261 741 1·ebus‚
1291 685 1376 732 ait.

186 759 306 808 Nox
322 768 584 826 superest:
615 762 852 809 tollamur
874 762 1038 826 equis,
1062 763 1345 827 urbemque
1363 770 1615 828 petamus.

256 838 412 887 Dicta
436 839 672 903 placent:
713 839 868 888 frenis
895 840 1244 905 impediuntur
1269 842 1406 906 equi.

1522 844 1619 888 736

186 917 512 967 Pertulerant
536 919 768 967 dominos
793 937 802 968 :
844 920 1035 984 regalia
1061 920 1291 985 protinus
1318 921 1390 968 illi

254 996 415 1046 Tecta
440 1004 652 1062 petunt;
695 1006 870 1047 custos
897 1000 948 1047 in
973 999 1078 1049 fore
1105 1001 1275 1048 nullus
1302 1007 1427 1048 erat.

186 1075 324 1124 Ecce
350 1093 533 1124 nurum
560 1077 694 1140 regis
721 1077 848 1125 fusis
875 1095 965 1143 per
990 1079 1123 1128 colla
1148 1079 1346 1128 coronis

254 1154 528 1204 Inveniunt
552 1156 720 1220 posito
746 1157 1048 1221 pervigilare
1075 1174 1232 1206 mero.

1521 1160 1620 1205 740

185 1234 314 1284 Inde
338 1235 441 1284 cito
467 1251 622 1300 passu
650 1237 838 1301 petitur
866 1236 1132 1294 Lucretia3
1176 1238 1358 1286 nebat:

252 1314 388 1364 Ante
413 1322 579 1363 torum
605 1316 811 1374 calathi,
839 1316 1059 1381 lanaque
1087 1317 1254 1365 mollis
1280 1323 1441 1365 erant.

230 1473 306 1504 731.
330 1472 444 1504 Studia
460 1484 568 1505 eorum
584 1480 670 1511 sunt,
686 1475 742 1518 qui
760 1475 868 1508 favent

184 1522 294 1560 alicui,
310 1523 443 1566 ejusque
462 1534 592 1556 causam
611 1525 732 1556 sortiter
756 1533 868 1568 agunt.

185 1573 305 1610 Livius,
335 1572 422 1605 xxix.
455 1574 506 1605 19.
537 1576 557 1591 “
575 1576 718 1607 accensis
755 1577 868 1608 studiis

184 1635 240 1667 pro
256 1623 443 1666 Scipione.''
475 1624 623 1662 Fervent,
640 1631 704 1657 etc.
722 1626 866 1658 incalue-

183 1679 255 1706 rant
271 1680 304 1706 et
324 1675 522 1707 sermonibus
542 1681 574 1706 et
590 1677 708 1708 animo.
757 1677 867 1720 Surgit

183 1725 302 1768 optime
327 1725 368 1756 de
393 1736 441 1763 eo,
466 1727 521 1768 qui
548 1727 672 1759 calidus
698 1727 757 1758 iter
778 1727 866 1760 illico

185 1775 370 1808 faciendum
389 1776 523 1808 suadere
543 1778 611 1808 vult
627 1790 632 1808 z
659 1778 685 1809 is
703 1784 776 1809 ante
799 1790 867 1810 om-

184 1836 241 1857 nes
261 1836 390 1868 surgere
405 1826 497 1857 solet.
547 1828 684 1859 Collatia
706 1828 832 1860 Sabinis
849 1840 868 1861 a

183 1876 360 1920 Tarquinio
390 1876 502 1908 Prisco
533 1878 683 1917 ademta;
722 1879 867 1920 Egerius,

185 1929 277 1970 eujus
294 1927 378 1959 filius
394 1927 446 1959 hic
465 1928 651 1967 Collatinus,
667 1929 701 1960 in
720 1929 869 1971 praesidio

184 1977 229 2010 ibi
244 1978 374 2010 relictus
389 1984 456 2017 est3
470 1972 542 2010 Liv.
558 1981 582 2010 i.
599 1981 654 2011 34.
666 1985 698 2011 et
710 1981 763 2011 38.
788 1980 868 2012 Inde

188 2029 338 2061 Collatini
348 2039 524 2071 cognomen
534 2029 563 2061 ei
572 2029 721 2067 inditum,
734 2029 870 2073 Dionys.

187 2080 230 2111 iv.
245 2080 302 2112 64.
326 2079 412 2121 quod
428 2079 490 2111 hac
506 2079 577 2122 ipsa
599 2091 704 2112 rerum
726 2091 869 2112 commu-

185 2130 306 2162 tatione
331 2131 496 2162 inclaruit.
541 2132 687 2163 Mentem
716 2131 870 2163 Collatini

188 2180 288 2212 multo
337 2180 478 2223 apertius
523 2181 700 2213 declaravit
744 2181 866 2219 Livius,

183 2235 205 2248 “
220 2230 333 2273 paucis
350 2230 383 2262 id
400 2230 533 2274 quidem
558 2231 643 2264 horis
666 2243 757 2275 posse
780 2232 866 2269 sciri,

186 2286 342 2324 quantum
355 2281 479 2313 caeteris
491 2287 622 2324 praestet
636 2283 789 2314 Lucretia
799 2294 868 2315 sua.

187 2331 276 2369 Quin
295 2331 541 2363 conscendimus
559 2343 671 2374 equos,
686 2332 869 2364 invisimus-

187 2393 250 2424 que
265 2388 440 2425 praesentes
455 2389 633 2414 nostrarum
644 2383 796 2425 ingenial
830 2383 869 2415 Id

188 2432 305 2474 cuique
327 2431 599 2474 spectatissimum
623 2432 677 2470 sit,
701 2433 786 2475 quod
812 2444 871 2465 nec

187 2482 317 2525 opinato
325 2481 385 2514 viri
397 2482 538 2514 adventu
548 2483 722 2515 occurrerit
733 2483 871 2516 oculis.’'

190 2532 351 2563 Tollamnr
367 2534 462 2573 equis,
480 2532 655 2564 aveharnur
671 2533 773 2576 equis.

231 2583 308 2614 736.
347 2582 458 2614 Frenis
495 2585 641 2623 impedire
678 2595 776 2625 equos,
815 2596 871 2628 pro

187 2633 324 2676 vulgari,
339 2633 427 2665 frena
444 2633 561 2665 addere
576 2634 680 2677 equis.
719 2635 867 2673 Dictum,

187 2688 224 2715 ut
240 2696 337 2715 comas
352 2685 498 2725 impedire
512 2686 610 2716 sertis.
658 2685 775 2721 Custos,
786 2684 870 2727 jani-

189 2739 249 2771 tor,
278 2734 370 2777 cujus
401 2740 470 2766 erat
495 2734 655 2767 custodire
685 2741 718 2767 et
746 2746 872 2767 servare

189 2784 333 2816 domum.
378 2785 466 2817 Viris
487 2785 640 2828 gravibus
661 2786 750 2819 laudi
774 2785 870 2818 duce-

239 2836 342 2867 VOL.
360 2837 403 2868 V.

938 1478 1045 1515 batur,
1057 1476 1189 1508 custode
1202 1477 1259 1508 tali
1269 1487 1380 1508 carere
1397 1488 1404 1515 ;
1430 1475 1623 1518 Sagittarius

939 1527 978 1558 de
993 1527 1121 1564 Januis,
1137 1539 1167 1570 p.
1183 1527 1237 1558 95.
1283 1526 1347 1558 Sed
1367 1537 1451 1557 nunc
1475 1526 1621 1557 absentia

938 1577 1007 1620 ejus
1034 1577 1151 1609 effecta
1176 1582 1245 1609 erat
1261 1577 1351 1613 luxu,
1372 1587 1436 1620 quo
1461 1575 1569 1608 omnia
1589 1575 1622 1607 in

938 1627 1024 1670 regia
1051 1628 1278 1660 miscebantur.
1325 1627 1531 1662 Convivium,
1556 1637 1620 1669 quo

938 1689 1035 1710 nurus
1064 1678 1147 1719 regis
1174 1684 1301 1720 tempus
1338 1688 1411 1709 cum
1443 1675 1623 1719 aequalibus

937 1729 1073 1764 terebat,
1090 1727 1246 1759 invidiose
1264 1733 1408 1758 notatum
1428 1738 1530 1765 mero;
1556 1726 1622 1758 vini

937 1778 1021 1809 enim
1042 1789 1119 1809 usus
1140 1777 1327 1809 mulieribus
1346 1777 1503 1808 Romanis
1524 1777 1621 1808 inter-

937 1827 1042 1860 dictus
1056 1835 1137 1859 erat.
1177 1828 1228 1859 Ac
1244 1827 1308 1859 illae
1325 1827 1471 1870 quidem,
1489 1825 1619 1869 genium

937 1889 1030 1909 suum
1055 1879 1241 1920 placatum,
1266 1888 1402 1914 coronas,
1427 1876 1508 1907 adeo
1533 1887 1620 1907 sum—

938 1933 1056 1965 serant,
1075 1939 1147 1971 quae
1169 1938 1315 1959 coercere
1335 1938 1442 1959 comas
1461 1927 1620 1963 solebant,

938 1978 995 2009 sed
1010 1978 1042 2010 in
1055 1978 1394 2020 ebriisfundebantur,
1405 1976 1517 2008 solutae
1531 1976 1620 2008 dela-

938 2028 1098 2059 bebantur
1120 2039 1176 2068 per
1199 2029 1289 2059 colla.
1338 2027 1438 2058 Fusus
1462 2026 1502 2059 de
1527 2027 1621 2058 rebus

939 2078 1137 2120 negligenter
1182 2077 1440 2121 dependentibus
1491 2076 1619 2109 dicitur.

939 2129 1038 2160 Multi
1054 2140 1117 2160 non
1133 2130 1250 2160 coronis
1267 2129 1400 2166 habent,
1416 2128 1471 2160 sed
1488 2129 1620 2169 capillis,

939 2179 1026 2221 quod
1047 2179 1158 2211 Modio
1177 2180 1341 2223 placebat.
1387 2178 1451 2210 Sed
1461 2179 1550 2221 jitsis
1569 2190 1621 2210 ca-

935 2231 1032 2270 pillis,
1046 2230 1133 2273 quod
1148 2236 1180 2262 et
1195 2231 1308 2262 Burm.
1321 2234 1442 2266 monet,
1453 2229 1540 2261 domi
1552 2240 1621 2261 esse

939 2280 987 2312 vel
1011 2280 1199 2312 castissimae
1224 2281 1383 2318 solebant,
1407 2285 1443 2312 ut
1463 2291 1529 2312 ver.
1545 2281 1622 2312 772.

937 2331 1007 2374 ipsa
1019 2331 1180 2363 Lucretia.

983 2383 1058 2414 741.
1087 2382 1216 2423 Nebna]
1250 2382 1342 2413 Bene
1365 2381 1410 2413 sic
1434 2392 1498 2413 uno
1524 2383 1620 2414 verbo

938 2432 1069 2470 indicat,
1080 2432 1210 2475 qualem
1226 2431 1406 2464 invenerint
1420 2432 1618 2464 Lucretiam.

939 2482 1038 2514 Plura
1056 2483 1154 2515 habet
1176 2483 1297 2520 Livius,
1320 2483 1376 2514 sed
1395 2483 1523 2525 singula
1546 2495 1621 2515 cum

940 2534 1092 2577 pondere,
1119 2539 1142 2552 “
1159 2540 1253 2566 nocte
1276 2545 1347 2566 sera
1370 2533 1514 2566 deditam
1538 2535 1620 2566 lanae

940 2586 1022 2617 inter
1052 2586 1259 2617 lucubrantes
1293 2585 1426 2617 ancillas
1455 2585 1488 2616 in
1515 2585 1620 2617 medio

940 2635 1059 2667 aedium
1073 2636 1239 2668 sedentem
1253 2635 1455 2667 inveniunt.’'
1501 2636 1552 2666 De
1569 2647 1621 2666 ca-

942 2687 1044 2723 lathis,
1060 2686 1093 2718 in
1109 2686 1226 2729 quibus
1238 2698 1333 2727 pensa
1348 2697 1406 2718 sua
1423 2687 1619 2729 reponebant

941 2736 1090 2774 lanificae,
1108 2737 1230 2769 dictum
1246 2737 1287 2769 ad
1302 2738 1438 2769 Metam.
1454 2736 1498 2767 iv.
1520 2737 1569 2768 10.

1075 2838 1102 2867 P
