1809 3220
195 191 280 234 232

583 190 632 230 P.
667 188 883 230 OVIDII
918 188 1202 229 NASONIS

194 306 563 368 Mutantesque
588 305 794 352 domum
821 305 968 352 tectis
994 304 1296 368 agrestibus,
1325 304 1493 367 ignem

262 383 330 431 Et
355 390 626 430 cessaturae
653 383 979 447 supposuisse
1005 398 1165 440 casae3

1508 384 1603 429 804

192 461 293 510 Per
317 461 546 507 flammas
573 459 784 507 saluisse
811 476 995 524 pecus3
1039 459 1250 507 saluisse
1275 460 1509 518 colonos;

260 537 408 592 Quod
434 537 490 584 fit
515 537 668 585 natali
696 554 827 584 nunc
856 553 1076 601 quoque,
1107 536 1287 593 Roma,
1315 544 1417 585 tuo.

191 615 311 680 Ipse
337 616 476 663 locus
503 631 682 663 causas
708 616 808 663 vati
833 615 981 663 facit:
1024 615 1160 662 urbis
1187 615 1327 677 origo

257 692 439 740 Venit:
481 693 601 740 ades
627 692 793 748 factis,
822 709 1003 756 magne
1030 692 1254 749 Quirine,
1282 692 1399 739 tuis.

187 769 218 817 J
223 786 303 817 am
328 771 492 818 luerat
516 788 688 835 poenas
714 771 865 819 frater
893 771 1200 828 Numitoris3
1244 779 1294 819 et
1319 786 1468 818 omne

259 848 527 895 Pastorum
555 849 756 910 gemino
783 850 877 896 sub
904 850 1033 897 duce
1058 849 1237 912 vulgus
1262 856 1384 897 erat.

1505 851 1603 896 810

191 925 505 974 Contrahere
532 934 771 990 agrestes,
801 935 851 975 et
876 928 1059 974 moenia
1085 944 1273 992 ponere
1300 927 1501 990 utrique

258 1003 539 1052 Convenit:
582 1005 868 1068 ambigitur,
896 1005 1080 1052 moenia
1105 1013 1259 1069 ponat
1284 1013 1410 1052 uter.

190 1079 277 1127 Nil
302 1097 429 1144 opus
456 1088 549 1137 est,
578 1082 723 1138 dixit,
752 1083 1043 1138 certamine,
1073 1082 1339 1140 Romulus,
1368 1083 1486 1131 ullo.

256 1157 447 1220 Magna
472 1158 596 1207 fides
624 1159 789 1207 avium
815 1168 919 1209 est:
961 1160 1282 1225 experiamur
1307 1176 1440 1208 aves.

188 1337 266 1358 casu
288 1326 432 1358 venimus
455 1327 487 1357 in
511 1326 596 1357 hunc
621 1326 738 1364 locum,
763 1333 797 1358 ut
820 1327 859 1358 de

185 1376 285 1407 initiis
303 1376 390 1407 urbis
411 1376 569 1418 agendum
590 1376 642 1407 sit.
690 1377 792 1408 Immo
812 1388 859 1408 or-

185 1425 260 1456 dine
288 1436 389 1457 rerum
416 1426 448 1457 in
472 1425 562 1456 illum
591 1426 695 1457 locum
722 1427 858 1458 deduce-

184 1476 292 1506 batur.

232 1526 418 1557 807—-86‘2-
443 1526 568 1557 Natalis
591 1526 707 1567 urbis]
736 1520 796 1556 Hic
818 1526 858 1557 de

192 1575 290 1606 muris
305 1575 412 1617 positis
429 1582 460 1606 et
475 1575 570 1606 Remi
585 1575 724 1606 interitu.
751 1576 860 1607 Poenas

187 1624 308 1655 Amulii
321 1625 388 1666 jam
405 1624 510 1666 attigit
525 1629 617 1667 poeta
634 1624 678 1656 iii.
694 1626 735 1656 67
750 1637 757 1662 ⁴,
774 1636 857 1656 nunc

185 1673 324 1705 festinat.
371 1674 421 1704 De
439 1674 569 1704 Romuli
588 1674 746 1716 Remique
768 1674 857 1706 dissi-

187 1723 248 1754 diis
279 1729 375 1765 atque
405 1723 498 1765 hujus
528 1734 617 1759 nece,
646 1724 738 1754 variae
769 1731 858 1755 erant

183 1773 401 1804 Romanorum
437 1773 632 1810 traditiones,
659 1784 738 1815 quas
772 1774 856 1816 apud

185 1822 377 1865 Dionysium
407 1822 572 1854 Halicarn.
599 1823 620 1855 i.
648 1825 700 1855 85.
731 1824 857 1854 Plutar-

185 1873 281 1904 chum
300 1872 367 1904 Vit.
383 1873 480 1903 Rom.
498 1874 518 1904 9
534 1884 582 1915 sq.
598 1878 629 1904 et
650 1873 788 1915 reliquos
808 1885 856 1904 re-

185 1933 254 1953 rum
292 1922 508 1952 Romanarum
547 1922 712 1964 scriptores
749 1923 858 1954 habes.

185 1971 368 2002 Admodum
384 1971 534 2002 credibile
552 1978 611 2007 est,
631 1972 714 2013 quod
734 1972 857 2014 Diony-

186 2022 250 2053 sius
279 2021 386 2057 tradit,
411 2021 649 2052 multitudinem
675 2033 798 2053 omnem
826 2022 858 2053 in

186 2071 266 2102 duas
294 2070 427 2101 divisam
458 2070 553 2101 fuisse
579 2078 694 2112 partes,
722 2081 853 2113 quarum

186 2121 286 2152 altera
313 2121 488 2151 Romulum
515 2120 629 2151 ducem
660 2127 854 2163 sequeretur,

186 2170 286 2201 altera
300 2169 460 2208 Remum3
485 2169 558 2201 hinc
582 2175 613 2200 et
637 2170 767 2201 fratrum
791 2171 856 2201 ani·

186 2231 253 2251 mos
279 2218 463 2250 dissociatos
489 2230 567 2256 esse,
593 2230 763 2262 eorumque
793 2220 856 2252 dis-

184 2269 266 2301 sidia
294 2268 428 2299 maxime
457 2269 608 2311 patuisse,
638 2280 736 2311 quum
767 2269 855 2300 locus

186 2320 255 2351 urbi
270 2318 443 2350 condendae
467 2325 669 2360 quaereretur.
718 2319 855 2350 Pastores

185 2374 364 2401 constanter
378 2367 469 2410 primi
486 2368 596 2399 Rornae
612 2368 724 2399 incolae
739 2379 854 2399 vocan-

185 2425 246 2456 tur,
273 2418 388 2460 quibus
413 2428 495 2452 mox.
522 2417 609 2458 asylo
636 2424 754 2460 aperto,
780 2429 853 2449 con-

185 2480 275 2501 venae
299 2474 519 2506 accesserunt3
542 2467 664 2504 Livius,
691 2468 723 2499 ii.
742 2470 768 2500 l.
815 2469 855 2499 Et

186 2525 256 2551 erat
269 2518 354 2560 regio
369 2518 426 2548 illa
446 2517 624 2559 pastoribus
638 2517 780 2560 inprimis
798 2529 853 2560 op-

186 2575 341 2612 portuna;
368 2567 553 2609 Dionysius,
569 2566 602 2597 ii.
618 2568 648 2597 2.
681 2567 854 2598 Zulichem.

181 2620 332 2660 pastoris,·
357 2616 429 2648 hinc
454 2616 564 2648 Heius.
580 2617 703 2653 suadet,
722 2624 854 2658 pastores

185 2675 330 2700 —erant.

231 2719 306 2749 811.
329 2716 393 2754 Qui
410 2716 503 2747 urbes
518 2715 669 2752 condunt,
686 2726 791 2746 eorum
807 2723 854 2748 est

187 2773 207 2786 “
221 2767 387 2809 dissipatos
423 2766 565 2797 homines
601 2765 631 2797 in
670 2765 852 2797 societatem

929 1328 1002 1359 vitae
1030 1327 1252 1365 convocare;’'
1285 1327 1389 1358 Cicer.
1412 1326 1545 1357 Tuscul.
1571 1338 1601 1357 v.

928 1379 968 1417 23
995 1382 1084 1409 aut“
1100 1376 1256 1419 dispersos
1278 1375 1422 1408 homines
1446 1387 1545 1408 unum
1569 1377 1601 1407 in

928 1427 1032 1458 locum
1058 1437 1249 1468 congregare
1263 1427 1294 1465 ;”
1329 1426 1418 1458 Orat.
1444 1426 1465 1457 i.
1493 1437 1523 1457 n.
1548 1426 1602 1456 33.

931 1477 1089 1512 Convenit,
1120 1475 1297 1518 complacet
1325 1485 1364 1506 ex
1394 1481 1501 1518 pacto.
1548 1476 1600 1506 De

927 1525 1052 1566 syntaxi
1077 1525 1141 1556 vid.
1166 1525 1277 1556 Heins.
1302 1531 1333 1556 et
1362 1526 1536 1557 Burmann.
1560 1525 1601 1557 ad

927 1574 1062 1606 Remed.
1087 1575 1194 1606 Amor.
1218 1576 1294 1605 471.
1342 1575 1412 1605 Nisi
1445 1575 1504 1606 hoc
1531 1575 1601 1606 loco

926 1624 1018 1655 malis
1030 1635 1084 1666 per
1093 1624 1244 1655 conducit
1255 1624 1463 1666 interpretari.
1484 1625 1600 1656 Moenia

924 1680 1018 1713 ponat
1035 1680 1210 1715 agnoscunt
1226 1674 1371 1710 Ursinus,
1387 1675 1553 1706 Petavian.
1570 1680 1602 1706 et

927 1723 1017 1753 multi
1030 1722 1105 1762 alii;
1122 1722 1227 1754 caeteri
1240 1725 1359 1754 numina
1371 1730 1475 1763 ponat.
1497 1724 1601 1755 Dubi-

928 1778 992 1803 tare
1008 1773 1120 1815 possiS,
1134 1779 1239 1804 utrum
1255 1773 1370 1804 verius.
1386 1773 1507 1810 Livius,
1524 1773 1544 1804 i.
1557 1775 1597 1805 6:

923 1827 943 1839 “
959 1823 1117 1860 Quoniam
1137 1823 1255 1864 gemini
1278 1830 1393 1860 essent,
1409 1834 1468 1855 nec
1491 1824 1594 1856 aetatis

925 1873 1116 1904 verecundia
1144 1873 1314 1904 discrimen
1350 1873 1452 1904 facere
1479 1880 1596 1915 posset,

924 1927 959 1952 ut
975 1922 1040 1958 Dii,
1055 1933 1190 1964 quorum
1207 1922 1316 1953 tutelae
1339 1932 1377 1953 ea
1394 1922 1465 1953 loca
1483 1929 1598 1960 essent,

925 1972 1064 2011 auguriis
1093 1972 1245 2012 legerent,
1276 1971 1329 2013 qui
1362 1982 1475 2003 nomen
1508 1983 1597 2004 novae

925 2020 994 2051 urbi
1016 2021 1116 2058 daret,
1132 2021 1187 2062 qui
1211 2020 1370 2051 conditam
1395 2021 1526 2062 imperio
1549 2032 1598 2053 re·

923 2071 1043 2111 geret.'‘'
1069 2070 1252 2112 Dionysius,
1268 2070 1290 2100 i.
1304 2071 1344 2101 85
1358 2082 1364 2100 :
1381 2070 1597 2112 ambigebant,

925 2118 1088 2161 ὁποτέρου
1104 2120 1168 2161 χρὴ
1187 2120 1252 2158 τὴν
1267 2119 1427 2152 ἀποικίαν
1442 2118 1598 2163 λέγεσθαι

922 2170 977 2200 καὶ
999 2171 1064 2209 τὴν
1098 2169 1282 2212 ἡγεμονίαν
1311 2169 1408 2201 εἶναι.
1453 2170 1596 2202 Ennius:

925 2224 944 2236 “
961 2219 1147 2255 Certabant,
1180 2220 1289 2250 urbem
1320 2219 1499 2251 Romamne
1529 2220 1595 2252 Re-

922 2280 1047 2301 mamne
1057 2269 1243 2301 vocarent.''
1269 2270 1365 2300 Nunc
1377 2269 1477 2300 forsan
1487 2273 1597 2302 moeniu

919 2319 989 2361 jure
1018 2320 1204 2361 praefertur3
1238 2318 1292 2349 ubi
1322 2318 1406 2349 enim
1437 2319 1595 2351 Romulus

923 2368 1010 2405 vicit,
1040 2375 1112 2409 apta
1146 2370 1209 2399 dies
1239 2369 1365 2410 legitur,
1398 2380 1457 2409 qua
1487 2371 1595 2401 moem'a

922 2421 1020 2461 signet
1036 2425 1152 2455 aratro,
1168 2429 1231 2449 ver.
1247 2419 1322 2449 819.

968 2469 1043 2499 813.
1077 2468 1129 2499 Ab
1159 2478 1218 2498 avo
1247 2467 1412 2504 admoniti,
1444 2467 1595 2509 auspiciis

923 2528 988 2548 rem
1018 2517 1230 2548 dirimendam
1259 2517 1456 2548 committere
1485 2517 1595 2549 volue-

922 2572 1015 2605 runt3
1041 2567 1177 2608 Dionys.
1207 2566 1293 2597 dicto
1319 2566 1398 2597 loco.
1446 2566 1595 2606 Experia-

923 2629 1003 2652 mur,
1020 2617 1243 2655 consulamus3
1261 2616 1394 2653 Plinius,
1409 2616 1456 2647 11.
1467 2616 1527 2657 Ep.
1539 2627 1594 2648 xx.

923 2667 958 2696 4:
983 2667 1152 2708 haruspex,
1169 2670 1189 2683 ‘¹
1206 2676 1300 2708 quem
1321 2676 1390 2697 sum
1413 2665 1593 2707 frequenter

922 2716 1102 2758 expertus.”
1155 2716 1326 2746 Aventinus
1355 2715 1394 2745 ab
1423 2725 1461 2745 eo
1488 2714 1592 2745 dictus

922 2765 1085 2802 Remuria,
1103 2771 1168 2802 aut,
1186 2771 1219 2796 ut
1235 2764 1340 2796 Graeci
1356 2763 1497 2795 scribunt
1509 2762 1591 2794 Ῥω-
