1830 3220
583 155 935 198 PASTORUM
969 154 1091 197 LIB.
1126 155 1163 196 Ι.
1537 160 1594 201 13

179 270 358 320 Omnis
401 272 559 321 habet
605 272 851 337 geminas,
896 272 1015 320 hinc
1065 280 1220 337 atque
1269 273 1403 330 hinc,
1441 276 1600 338 janua

382 349 572 399 frontes
592 369 602 409 ;

1508 357 1600 402 135

246 427 289 475 E
316 428 504 493 quibus
528 430 636 476 haec
662 429 911 493 populum
937 437 1166 494 spectat;
1210 438 1262 478 at
1287 431 1371 479 illa
1399 431 1596 480 Larem.

180 505 356 571 thue
382 507 568 555 sedens
592 514 761 556 vester
786 508 934 572 primi
962 525 1119 573 prope
1144 508 1320 557 limina
1343 511 1463 558 tecti

243 583 274 631 J
280 585 457 641 anitor,
486 601 723 649 egressus
750 585 1092 650 introitusque
1116 587 1283 643 videt;

179 661 265 710 Sic
292 679 387 727 ego
414 663 684 728 prospicio,
713 664 936 712 coelestis
957 665 1147 728 janitor
1173 665 1317 723 aulae,

247 740 381 789 ans
408 750 597 806 partes,
627 741 1011 807 Hesperiasque
1038 744 1206 792 simul.

1508 747 1601 792 140

179 817 284 867 Ora
306 820 449 868 vides
476 819 703 869 Hecates
729 821 780 868 in
804 828 908 869 tres
934 822 1196 885 vergentia
1220 830 1409 887 partes,

248 897 428 947 Servet
451 906 507 948 ut
531 900 580 947 in
608 906 778 948 ternas
806 902 1031 966 compita
1056 909 1198 950 secta
1221 902 1345 950 vias.

178 974 247 1023 Et
271 977 411 1035 mihi,
441 994 503 1027 ne
524 978 663 1027 flexu
690 979 901 1028 cervicis
929 987 1162 1045 tempora
1187 980 1414 1046 perdam,

246 1055 469 1105 Cernere
495 1074 596 1105 non
622 1066 758 1106 moto
784 1075 993 1124 corpore
1020 1059 1140 1107 bina
1163 1058 1300 1107 licet.

179 1132 424 1184 Dixerat:
466 1143 519 1183 et
542 1137 699 1193 vultu,
728 1137 768 1184 si
794 1138 941 1202 plura
966 1139 1223 1202 requirere
1248 1138 1447 1195 vellem,
1506 1141 1598 1186 145

247 1212 316 1261 Se
340 1214 464 1262 mihi
489 1214 747 1264 difficilem
772 1233 874 1264 non
899 1216 1004 1265 fore
1029 1216 1194 1264 fassus
1221 1223 1348 1264 erat.

223 1353 407 1386 145—164.
433 1354 499 1385 Cur
517 1366 618 1386 annus
639 1357 739 1387 media
759 1357 854 1388 hieme

175 1404 335 1446 incipian]
366 1404 430 1436 Hic
460 1404 568 1436 suavis
591 1405 679 1437 verni
704 1406 854 1448 temporis

175 1453 347 1497 descriptio
357 1454 491 1492 intexta,
504 1466 643 1497 quacum
656 1456 741 1488 conf.
763 1456 852 1488 Ana-

174 1514 282 1540 creon,
309 1504 373 1536 Od.
398 1505 463 1543 373
489 1505 666 1542 Lucretius,
691 1505 713 1536 i.
731 1508 751 1537 5
773 1517 853 1549 sqq3

176 1554 339 1592 Horatius,
364 1555 385 1585 i.
411 1555 476 1586 Od.
495 1557 533 1594 43
558 1555 601 1587 iv.
621 1556 685 1588 Od.
703 1557 721 1587 7
743 1562 775 1588 et
797 1558 854 1596 12;

177 1604 346 1647 Virgilius,
373 1605 491 1648 Georg.
517 1605 550 1637 ii.
572 1607 649 1638 324.
675 1612 708 1638 et
737 1607 855 1640 Noster

176 1655 260 1688 infra
274 1655 320 1687 iii.
335 1657 401 1687 236
415 1667 494 1698 Sqq3
518 1656 561 1688 iv.
577 1657 619 1688 87
635 1668 705 1700 sqq.
745 1658 856 1690 Fassus

176 1712 256 1742 erat,
279 1717 296 1737 e
322 1706 415 1737 vultu
444 1705 538 1737 hilari
569 1708 755 1750 apparebat,
783 1719 856 1739 eum

176 1755 255 1786 mihi
276 1766 338 1787 non
359 1755 523 1787 difficilem
544 1757 630 1795 sore;
654 1758 793 1788 Metam.
811 1757 855 1789 vi.

177 1807 231 1838 35.
269 1809 290 1823 ‘⁴
316 1805 527 1848 confessaque
561 1806 702 1838 vultibus
741 1806 856 1838 iram.'’

176 1858 252 1889 Non
267 1856 395 1887 territus
415 1855 547 1898 quidem
565 1856 641 1898 egit,
657 1856 857 1889 verecundus

175 1912 296 1943 tamen,
313 1912 450 1947 spectans
465 1907 601 1938 humum.
637 1907 700 1938 Per
716 1918 778 1944 ver,
794 1907 853 1938 du-

175 1962 266 1988 rante
280 1966 365 1987 vere.
390 1956 478 1987 Nova
495 1958 637 1996 temporis
652 1963 736 1987 aetas.
750 1957 856 1989 omnia

176 2013 254 2039 tunc
278 2006 370 2049 quasi
394 2015 616 2038 renascuntur.
664 2007 792 2039 Gemma
813 2007 855 2039 ad

177 2057 328 2089 articulos
345 2064 575 2089 sarmentorum
595 2057 714 2095 existit,
730 2065 762 2089 et
779 2058 855 2090 inde

177 2108 281 2140 oriens
295 2119 358 2140 uva
373 2119 406 2140 se
422 2108 574 2140 ostendit.
617 2109 729 2140 Cicero
744 2109 783 2140 de
799 2110 855 2142 Se-

177 2164 263 2190 nect.
281 2160 331 2190 15.
378 2160 723 2202 AmiciturfrondibuS.
769 2161 854 2191 Ami-

176 2211 253 2246 cire,
272 2216 308 2241 ut
328 2212 448 2246 vestire,
464 2209 503 2240 de
526 2210 689 2241 frondibus
712 2210 856 2242 floribus-

179 2270 242 2302 que
261 2270 353 2302 aeque
369 2260 451 2291 bene
471 2270 509 2291 ac
527 2260 569 2292 de
584 2260 703 2292 vitibus
719 2261 852 2292 dicitur:

178 2315 211 2341 et
234 2310 267 2341 in
296 2309 508 2353 descriptione
530 2310 613 2342 veris
636 2311 777 2342 solemne
807 2317 856 2342 est

177 2359 275 2392 etiam
292 2359 369 2391 solia
383 2359 551 2392 redeuntia
566 2370 752 2391 memorare.
786 2359 854 2391 Eti-

178 2420 242 2447 am,
266 2410 298 2441 ni
325 2409 428 2446 fallor,
452 2411 536 2441 modo
555 2411 718 2452 joi-matis,
744 2420 855 2442 recens

178 2459 275 2496 natis,
292 2460 407 2491 melius
431 2461 607 2498 frondibus,
623 2471 721 2503 quam
736 2461 855 2492 vitibus

179 2509 340 2543 convenit.
379 2511 590 2554 Desaz'ntange
607 2516 726 2548 monet,
742 2513 856 2542 vitibus

178 2561 316 2604 positum
331 2572 400 2593 esse
412 2572 469 2604 pro
472 2562 644 2604 frondibus
653 2574 665 2600 ;
682 2561 768 2604 quod
784 2561 855 2593 ferri

180 2622 244 2643 non
258 2617 376 2654 potest.
413 2613 542 2643 Seminis
556 2613 648 2643 herba
663 2612 806 2654 praefero,
822 2611 856 2643 id

178 2667 238 2698 est,
253 2668 334 2693 sata.
363 2661 458 2702 Tepm·
472 2662 512 2693 de
527 2661 632 2693 calore
645 2672 742 2693 verno
751 2673 760 2700 ;
775 2663 855 2693 mul-

180 2723 248 2743 cere
269 2712 309 2744 de
331 2712 396 2745 leni
419 2713 626 2744 concussione
645 2711 739 2749 aeris,
758 2723 855 2754 quam

182 2762 280 2794 efficit
296 2763 348 2795 vel
373 2762 459 2795 mitis
482 2763 657 2806 ZephyruS‚
674 2763 725 2794 vel
749 2762 856 2795 suavis

923 1362 1098 1389 concentus
1112 1357 1229 1388 avium.
1276 1356 1454 1388 Luxuriam
1468 1358 1558 1388 laetos
1571 1364 1602 1388 et

923 1408 1106 1450 petulantes
1129 1413 1234 1438 motus
1257 1406 1392 1443 indicat,
1410 1414 1443 1439 ut
1461 1409 1539 1439 AEn.
1555 1409 1600 1440 xi.

924 1459 1000 1490 497.
1052 1458 1114 1489 Pro
1129 1468 1166 1489 eo
1183 1458 1322 1488 Metam.
1340 1457 1393 1488 vii.
1410 1459 1486 1490 321.
1502 1469 1602 1500 agnus

925 1508 1151 1551 lascivitfuga.
1197 1508 1319 1539 Verum
1341 1519 1379 1539 ea
1399 1508 1485 1539 notio
1503 1519 1603 1551 quum

919 1558 987 1601 jam
1003 1558 1079 1589 insit
1095 1558 1191 1590 verbo
1209 1559 1292 1589 ludit
1306 1559 1436 1600 (Horat.
1452 1559 1516 1591 ΙΙΙ.
1535 1559 1601 1591 Od.

924 1608 966 1640 xi.
983 1610 1021 1639 10
1036 1621 1043 1647 3
1060 1607 1151 1640 xviii.
1163 1608 1214 1647 9.)
1227 1608 1328 1651 possis
1344 1619 1428 1640 nunc
1446 1608 1486 1639 ad
1502 1619 1602 1640 mem-

923 1658 980 1689 bra
993 1664 1108 1699 vegeta
1121 1657 1248 1695 referre,
1261 1664 1297 1689 ut
1309 1658 1445 1690 Metam.
1455 1659 1512 1690 vii.
1525 1660 1602 1690 292.

923 1709 1112 1749 membraque
1144 1708 1308 1739 luxuriant
1322 1718 1333 1744 ,·
1368 1708 1459 1750 Virg.
1484 1708 1603 1749 Georg.

923 1757 968 1790 iii.
986 1759 1041 1790 81.
1059 1759 1199 1789 luxuriat
1217 1760 1291 1789 toris
1304 1765 1430 1798 pectus;
1457 1759 1542 1790 Plin.
1556 1759 1604 1791 ΙΙ.

925 1807 987 1850 Ep.
1002 1806 1080 1839 xvii.
1099 1811 1130 1839 1.
1147 1818 1264 1850 pecora
1283 1814 1384 1848 tepore
1402 1819 1492 1839 verno
1511 1810 1604 1840 nites-

925 1865 1012 1889 cunt.
1048 1858 1172 1900 Ignota.
1188 1858 1327 1889 advena.
1356 1858 1408 1889 De
1425 1860 1604 1891 hirundinis

924 1907 1030 1939 reditu
1057 1907 1130 1939 vide
1160 1908 1194 1938 ii.
1220 1908 1295 1939 853.
1342 1908 1452 1950 Fingit
1481 1909 1603 1951 recepit

925 1957 1040 1989 Heins.
1058 1969 1098 1989 ex
1113 1958 1188 1989 MS.
1206 1957 1321 1989 Petav.
1339 1962 1372 1989 et
1387 1958 1496 1990 multis
1520 1959 1604 1997 aliis,

925 2008 1001 2051 quia
1006 2010 1133 2051 fingere
1148 2009 1181 2040 in
1201 2008 1312 2052 primis
1331 2009 1372 2040 de
1388 2009 1482 2041 luteis
1500 2011 1603 2053 operi-

923 2059 1003 2090 bus:
1028 2058 1159 2101 quidam
1176 2060 1290 2090 nectit:
1310 2059 1502 2102 vulgofigit,
1517 2061 1603 2102 quod

925 2115 956 2140 et
971 2108 1075 2152 ipsum
1091 2109 1131 2140 de
1146 2108 1220 2140 nido
1238 2108 1415 2140 hirundinis
1427 2111 1508 2142 bene
1523 2111 1604 2142 dici-

925 2164 992 2197 tur3
1017 2158 1184 2200 Virgilius,
1209 2159 1326 2201 Georg.
1350 2159 1392 2190 iv.
1409 2160 1486 2191 307.
1508 2162 1604 2203 tignis

925 2211 1033 2240 nidum
1056 2210 1234 2249 suspendit3
1260 2209 1373 2240 Horat.
1388 2209 1450 2241 IV.
1466 2210 1530 2241 Od.
1547 2211 1603 2242 xii.

924 2260 955 2291 5.
980 2259 1100 2290 Nidmn
1120 2261 1220 2299 ponit.
1265 2258 1358 2290 Adeo
1384 2258 1465 2291 illud
1488 2261 1602 2292 variari

924 2315 1039 2351 potest.
1076 2309 1152 2340 Tum
1164 2311 1298 2349 patitur,
1315 2315 1379 2340 etc.
1414 2310 1488 2341 Non
1504 2321 1602 2352 agno-

924 2358 984 2390 scit
1005 2358 1057 2390 hic
1078 2358 1229 2389 Heinsius
1245 2369 1393 2390 numeros
1413 2360 1601 2398 Ovidianos,

923 2408 1031 2451 itaque
1056 2408 1185 2451 conjicit
1209 2408 1297 2439 Tunc
1320 2410 1440 2440 cultum
1460 2412 1601 2450 patietur

923 2470 1009 2501 ager,
1024 2465 1187 2489 renovatus
1202 2465 1320 2490 aratro.
1362 2459 1516 2491 Futurum
1530 2462 1600 2503 qui·

924 2510 998 2541 dem
1020 2512 1159 2549 patietur
1186 2519 1271 2540 nunc
1292 2509 1344 2540 vix
1373 2509 1481 2541 locum
1505 2511 1602 2543 habet

924 2559 1143 2591 commodum:
1165 2562 1299 2599 patitur,
1313 2559 1452 2591 admittit
1467 2562 1602 2599 cultum,

924 2616 1000 2641 tunc
1025 2610 1110 2641 enim
1127 2615 1147 2627 “
1160 2609 1306 2653 Zephyro
1329 2610 1429 2653 putris
1449 2621 1482 2642 se
1504 2611 1600 2653 gleba

924 2660 1087 2697 resolvit‚''
1117 2661 1234 2703 Georg.
1263 2661 1285 2691 i.
1311 2662 1364 2692 44.
1421 2663 1448 2692 A
1479 2663 1598 2699 bruma,

923 2710 990 2742 sive
1008 2710 1143 2742 solstitio
1166 2710 1298 2742 hiemali
1318 2711 1458 2742 Romani
1481 2722 1595 2742 novum

926 2771 1043 2792 annum
1059 2760 1276 2803 incipiebant3
1301 2761 1505 2799 Censorinus,
1522 2771 1596 2805 cap.
