1809 3220
229 143 316 186 378
762 143 1109 186 EXCURSUS

235 261 380 316 script.
414 262 468 302 L.
503 260 736 308 Plazctz‘us3
773 261 816 302 in
847 275 998 302 averso
1028 266 1172 302 exstat
1199 260 1372 302 Aurora
1405 259 1518 302 alata
1552 274 1654 315 qua-

234 336 330 371 tuor
358 345 492 385 equos
522 330 712 379 ‹lucens;
744 331 988 372 inscribitur
1011 331 1214 373 Plancus.
1278 330 1472 372 Persona
1500 329 1649 371 mulie-

234 399 318 440 bris
340 400 392 440 ad
418 400 566 454 jocum
588 414 612 440 a
633 415 679 441 se
705 400 1015 455 excogitatum,
1038 399 1209 441 Aurora
1235 400 1289 441 ad
1319 406 1490 455 tempus
1513 404 1648 440 catas-

233 468 406 523 trophes
437 468 667 517 alludebat,
692 475 736 510 et
764 484 789 510 a
819 469 1028 525 dignitate
1060 470 1201 525 gentis
1228 484 1313 511 non
1334 469 1521 510 alienum
1542 474 1648 517 erat,

232 539 414 579 nummis
436 539 641 580 incudere
665 554 811 581 casum
835 540 1036 594 aliquem,
1062 540 1135 594 qui
1158 540 1259 581 festi
1287 540 1466 595 alicujus
1491 538 1650 580 Roma-

233 607 295 648 nis
315 607 432 662 origo
450 607 587 649 factus
607 614 711 657 erat,
731 610 846 663 quod
865 617 1016 664 gentes
1035 624 1205 664 semper
1222 624 1376 665 magno
1395 609 1474 650 sibi
1493 608 1650 650 honore

233 678 409 725 ducere,
433 684 478 719 et
498 678 540 719 in
563 679 746 720 nummis
771 679 989 720 celebrare
1014 679 1221 720 solebant.

635 966 1081 1015 EXCURSUS
1138 966 1252 1013 Ill.

236 1142 293 1169 DE
316 1141 507 1169 ORTIBUS
530 1141 585 1169 ET
611 1141 846 1168 OCCASIBUS
870 1140 1069 1167 SIDERUM
1095 1140 1141 1167 IN
1166 1140 1322 1168 OVIDIO
1346 1139 1553 1177 NOTATIS,
1577 1139 1655 1168 DE—

306 1217 396 1247 QUE
419 1216 568 1244 FASTIS
591 1215 885 1243 SIDERALIBUS
909 1214 1170 1242 GRAECORUM
1195 1215 1249 1241 ET
1274 1214 1578 1242 ROMANORUM.

240 1315 278 1356 I.
326 1292 431 1356 EO
467 1315 626 1369 majore
662 1328 744 1369 ego
781 1328 878 1354 cum
913 1314 1131 1368 voluptate
1164 1314 1260 1355 huic
1294 1314 1491 1355 carminis
1526 1314 1658 1356 nostri

236 1385 346 1440 parti
378 1385 590 1432 immoror,
626 1398 723 1438 quae
758 1384 812 1424 ad
843 1398 933 1424 rem
970 1384 1299 1425 astronomicam
1337 1384 1537 1438 pertinet,
1571 1399 1656 1439 quo

234 1455 460 1510 pauciores
493 1453 641 1494 harum
671 1452 893 1494 literarum
922 1453 1123 1502 cultores,
1149 1454 1229 1494 etsi
1256 1458 1452 1494 veterum
1481 1453 1656 1508 scripto-

234 1539 327 1565 rum
349 1523 634 1578 intelligentia
659 1523 923 1578 probabilem
950 1523 1075 1578 hujus
1106 1523 1342 1578 disciplinae
1367 1523 1653 1578 cognitionem

234 1595 404 1634 omnino
426 1593 606 1648 flagitet,
626 1592 701 1634 hac
725 1593 852 1634 etiam
876 1608 932 1634 ex
955 1599 1076 1647 parte
1099 1607 1242 1633 rerum
1264 1592 1509 1647 cognitione
1526 1593 1657 1634 inter-

234 1662 522 1717 pretationem
547 1662 751 1716 adjuvare
775 1661 926 1703 solent.
991 1661 1249 1716 Magnorum
1272 1661 1584 1717 philologorum
1613 1667 1659 1703 et

233 1732 533 1786 interpretum,
557 1731 853 1779 Heinsiorum,
874 1731 1222 1772 Burmannorum
1247 1731 1528 1786 aliorumque,
1553 1745 1658 1786 quo-

233 1815 327 1841 rum
349 1800 646 1842 commentarii
664 1800 915 1855 frequenter
939 1800 1133 1841 manibus
1155 1800 1243 1841 triti
1261 1805 1375 1850 sunt,
1393 1800 1656 1855 exemplum,

235 1870 308 1924 qui
338 1869 401 1910 his
431 1869 559 1911 rebus
589 1870 859 1924 explicandis
891 1870 1268 1925 dijudicandisque
1301 1868 1557 1925 plerumque
1589 1884 1658 1911 su-

233 1939 561 1993 persederuntq,
579 1953 662 1980 non
686 1954 835 1994 parum
855 1940 1068 1988 nocuisse,
1084 1940 1126 1981 in
1148 1945 1348 1994 promptu
1369 1944 1450 1981 est.
1493 1939 1656 1992 Quam-

235 2008 299 2049 vis
340 2008 423 2048 alia
458 2009 640 2049 fortasse
681 2023 829 2050 earum
867 2008 1187 2064 disciplinarum
1225 2023 1354 2050 causa
1391 2009 1459 2057 sit,
1497 2023 1593 2064 quae
1632 2023 1658 2051 a

235 2078 455 2118 veteribus
479 2077 654 2131 quidem
683 2078 971 2133 peculiaribus
994 2079 1110 2120 libris
1141 2079 1324 2127 traditae,
1348 2078 1488 2120 minus
1511 2083 1655 2120 tamen

236 2146 290 2187 ad
313 2145 416 2187 alios
439 2161 587 2187 omnes
609 2147 838 2201 scriptores
855 2154 1034 2203 pateant
1054 2154 1114 2202 (v.
1139 2163 1175 2189 c.
1199 2147 1426 2196 medicina,
1449 2147 1656 2190 architec-

237 2222 346 2263 tura.
371 2222 453 2257 etc.
479 2217 521 2257 in
550 2231 734 2271 quorum
764 2217 1041 2272 scriptoribus
1071 2218 1270 2272 quaedam
1300 2217 1496 2272 ignorare
1522 2217 1657 2272 philo-

236 2283 334 2339 logo
369 2299 452 2325 non
483 2285 592 2325 adeo
625 2285 791 2326 crimini
813 2286 1068 2327 vertendum
1100 2294 1229 2334 esset,
1254 2300 1385 2340 quum
1414 2286 1549 2341 magis
1578 2301 1658 2342 per

238 2368 284 2394 se
319 2353 504 2401 valeant,
534 2354 828 2410 minoremque
861 2362 906 2397 et
941 2356 984 2397 in
1017 2356 1108 2397 aliis
1142 2356 1307 2411 scriptt.
1335 2356 1419 2397 vim
1455 2355 1658 2410 habeant)

238 2428 385 2463 contra
414 2422 599 2464 historiae
630 2425 833 2465 naturalis
854 2430 898 2466 et
920 2425 1190 2467 astronomiae
1211 2425 1420 2480 probabili
1441 2425 1594 2467 notitia
1612 2425 1657 2467 in

237 2491 456 2533 veteribus
479 2492 755 2546 scriptoribus
776 2508 859 2534 non
881 2494 1008 2535 facile
1031 2509 1177 2535 carere
1199 2509 1325 2549 posse
1347 2494 1546 2536 dixerim.

298 2560 370 2602 Ne
394 2561 507 2602 enim
528 2561 666 2602 dicam
688 2563 742 2603 de
765 2563 865 2604 coeli
886 2563 1145 2619 cognitione,
1169 2564 1259 2605 sine
1283 2579 1368 2619 qua
1389 2563 1653 2621 geographo-

507 2714 522 2735 <1
546 2708 620 2740 vid.
638 2721 669 2741 v.
688 2720 717 2741 a.
734 2710 900 2742 Heinsium
917 2718 948 2743 et
966 2713 1183 2743 Burmannum
1203 2712 1242 2743 ad
1261 2713 1381 2744 Fastos.
