1830 3220
552 187 905 231 FASTORUM
939 187 1061 230 LIB.
1096 187 1162 230 II.
1516 189 1572 230 (51

153 306 256 354 Seu
282 305 377 353 fuit
401 306 614 354 occultis
641 305 763 353 felix
790 305 840 352 in
868 305 1122 353 amoribus
1148 304 1320 361 index,

221 383 440 432 Lesbida
465 400 582 431 curn
608 383 812 431 domino
839 400 929 431 seu
955 383 1072 430 tulit
1095 383 1180 431 ille
1204 383 1383 448 lyram.

152 462 302 518 Quod
327 478 465 510 mare
492 479 592 509 non
618 462 771 518 novit,
799 479 914 526 quae
941 462 1104 510 nescit
1129 461 1318 510 Ariona
1341 462 1528 510 tellus?

221 540 459 588 Carmine
485 547 746 588 currentes
771 539 855 587 ille
881 541 1090 588 tenebat
1115 557 1293 604 aquas.

153 619 302 684 Saepe
325 635 547 683 sequens
574 635 757 682 agnam
777 619 929 683 lupus
955 625 1033 666 est
1053 619 1148 666 hac
1169 635 1293 667 voce
1313 624 1541 666 retentus
1560 637 1571 676 ;

220 697 371 762 Saepe
398 697 602 745 avidum
627 696 824 760 fugiens
850 697 1035 745 restitit
1060 714 1191 761 agna
1214 698 1422 762 lupum:
1509 700 1572 745 86

152 775 302 840 Saepe
329 792 482 823 canes
508 776 812 840 leporesque
838 776 1019 823 umbra
1042 776 1265 823 cubuere
1291 776 1385 823 sub
1411 792 1543 834 una;

220 853 289 901 Et
313 855 457 902 stetit
481 854 532 901 in
557 870 681 901 saxo
708 853 940 917 proxima
964 870 1112 901 cerva
1135 855 1227 902 leae
1247 872 1257 912 ;

152 932 220 980 Et
245 934 354 980 sine
379 933 468 982 lite
494 934 684 998 loquax
710 948 827 980 cum
853 932 1079 980 Palladis
1105 931 1226 980 alite
1251 932 1427 979 cornix

222 1011 394 1069 Sedit3
436 1019 487 1060 et
512 1011 741 1076 accipitri
760 1013 942 1076 juncta
966 1011 1203 1058 columba
1227 1009 1338 1058 fuit.

1509 1013 1574 1058 90

153 1090 380 1155 Cynthia
404 1107 540 1155 saepe
567 1091 667 1138 tuis
696 1090 869 1147 fertur,
896 1090 1086 1138 vocalis
1112 1089 1285 1146 Arion,

220 1168 505 1233 Tamquam
530 1169 764 1217 fraternis
790 1168 1117 1233 obstupuisse
1144 1167 1324 1215 modis.

153 1247 355 1295 Nomen
382 1248 643 1296 Arionium
673 1248 872 1296 Siculas
898 1248 1197 1312 impleverat
1222 1246 1389 1303 urbes,

223 1326 493 1391 Captaque
519 1334 627 1374 erat
652 1327 824 1392 lyricis
850 1326 1074 1374 Ausonis
1101 1342 1188 1374 ora
1212 1325 1348 1373 sonis
1370 1344 1381 1384 ;

152 1405 279 1454 Inde
295 1405 501 1454 domum
517 1413 753 1470 repetens
771 1405 984 1471 puppim
1000 1404 1301 1453 conscendit
1315 1402 1489 1459 Arion,
1510 1405 1574 1450 95

220 1482 393 1548 Atque
419 1483 492 1531 ita
516 1484 756 1548 quaesitas
783 1491 889 1532 arte
916 1483 1110 1532 ferebat
1135 1500 1276 1548 opes.

155 1561 404 1619 Forsitan,
432 1561 624 1617 infelix,
651 1569 829 1610 ventos
854 1563 1149 1627 undamque
1176 1561 1420 1618 timebas3

221 1640 292 1687 At
315 1640 407 1687 tibi
432 1656 560 1688 nave
586 1648 674 1688 tua
698 1640 857 1688 tutius
884 1657 1057 1705 aequor
1082 1646 1220 1688 erat:

199 1784 253 1814 83.
279 1782 367 1817 Quod
384 1783 499 1823 mare.]
528 1783 654 1824 Nempe
672 1782 757 1813 circa
780 1781 828 1813 in-

153 1833 242 1864 sulas
266 1831 320 1863 ille
350 1838 491 1874 quaestus
517 1843 613 1863 causa
641 1833 829 1873 vagabatur.

158 1883 306 1913 Resistei·e
342 1893 398 1924 pro
435 1881 619 1918 consistere,
649 1882 832 1913 subsistere.

157 1932 240 1964 Vide
257 1931 432 1963 Schwartz.
447 1931 487 1963 ad
502 1932 654 1967 Plinium,
669 1942 743 1974 pan.
755 1943 786 1963 x.
800 1933 831 1963 4.

156 1984 218 2015 Sub
232 1984 341 2013 umbra
356 1982 508 2019 solemne,
520 1993 594 2012 nam
605 1988 637 2013 et
648 1983 702 2012 sub
716 1992 770 2024 pro
786 1984 832 2018 in,

155 2038 187 2064 et
203 2034 310 2063 umbra
325 2043 380 2075 pro
397 2032 506 2063 arbore
526 2032 664 2075 ponitur.
711 2031 749 2062 In
765 2043 833 2063 saw

154 2082 288 2114 offendit
305 2082 483 2119 Heinsium,
500 2093 555 2125 pro
576 2093 638 2124 quo
659 2082 801 2113 malebat
815 2093 833 2113 e

155 2133 301 2164 Puteano
311 2132 443 2172 infestae.
460 2131 523 2163 Sed
536 2131 568 2162 in
578 2134 657 2163 saxis
665 2137 697 2162 et
707 2133 834 2172 rupibus

155 2182 360 2214 commoratio
384 2192 546 2213 cervorum
572 2187 669 2223 atque
695 2182 834 2213 leonum.

156 2233 325 2268 Praeterea‚
351 2231 437 2274 quod
461 2242 477 2262 e
504 2233 659 2263 Burman.
685 2232 834 2263 observa-

157 2287 235 2318 tum,
251 2289 332 2313 stare
347 2283 380 2312 'in
399 2293 468 2313 saxo
487 2283 570 2313 bene
590 2282 738 2313 convenit
753 2293 834 2324 prae-

155 2332 284 2364 cedenti
301 2333 412 2363 cubare
431 2332 484 2362 sub
504 2332 626 2362 umbra.
676 2331 834 2362 cornicem

158 2389 190 2414 et
206 2389 355 2414 noctuam
374 2381 543 2412 inimicitia
560 2381 749 2420 intercedit3
774 2383 833 2412 AE-

157 2432 262 2463 lianus
275 2432 360 2462 Hist.
374 2431 438 2463 An.
448 2431 493 2462 iii.
509 2433 529 2463 9
543 2443 551 2470 ς
576 2432 684 2462 confer
698 2433 834 2462 Metam.

156 2482 192 2513 ii.
210 2483 274 2514 590
287 2492 359 2523 sqq.
377 2481 432 2512 ubi
445 2492 494 2512 res
506 2492 543 2512 ex
565 2481 681 2512 fabulis
693 2481 835 2512 refertur.

158 2532 318 2564 Caeterum
335 2531 383 2562 his
406 2530 522 2562 similia
544 2530 641 2562 etiam
657 2531 690 2561 in
705 2531 749 2561 SS
765 2531 836 2562 lite-

158 2583 200 2613 ris
223 2582 373 2623 leguntur
388 2593 397 2620 ;
420 2580 499 2612 Isai.
516 2581 560 2611 xi.
577 2582 608 2612 6.
633 2585 653 2598 “
668 2580 837 2612 Habitabit

158 2633 253 2674 lupus
278 2641 352 2662 cum
379 2641 472 2672 agno,
497 2630 615 2673 pardus
642 2641 714 2662 cum
740 2630 836 2662 hoedo

159 2681 310 2714 cubabit:
337 2680 458 2712 vitulus
479 2686 510 2712 et
530 2682 580 2712 leo
601 2686 631 2712 et
655 2681 722 2712 ovis
742 2680 836 2712 simul

160 2730 403 2762 morabimini-3⁹

204 2783 258 2813 91.
281 2780 384 2812 Etiam
403 2780 457 2812 Dii
474 2786 506 2811 et
522 2780 665 2812 homines
681 2780 765 2823 capti
782 2780 838 2811 illa

899 1792 987 1819 voce,
1003 1783 1172 1822 obtupuz'sse
1189 1780 1352 1812 dicuntur.
1389 1778 1441 1810 Sic
1458 1779 1578 1810 Cerbe-

900 1843 951 1863 rus
965 1843 1018 1875 ap.
1040 1831 1220 1867 Horatium,
1237 1836 1269 1861 et
1289 1830 1402 1861 intima
1419 1829 1490 1860 Leti
1510 1834 1576 1860 tar-

900 1890 970 1914 tara
999 1882 1083 1925 apud
1115 1881 1287 1923 Virgilium
1325 1886 1447 1920 stupent
1478 1883 1578 1910 cantu.

900 1933 1004 1964 Alcaei
1026 1938 1058 1964 et
1084 1932 1225 1975 Orphei;
1262 1936 1294 1963 at
1317 1930 1357 1961 de
1376 1930 1450 1961 Dea
1473 1929 1578 1960 minus

901 1983 960 2014 hoc
978 1983 1065 2014 verb.
1080 1982 1196 2025 placet.
1243 1981 1363 2012 Melius
1384 1980 1495 2010 Horat.
1514 1979 1581 2009 III.

903 2033 966 2064 Od.
983 2033 1028 2063 xi.
1046 2033 1080 2063 8.
1097 2036 1117 2049 “
1131 2031 1195 2063 Dic
1213 2029 1334 2066 modos,
1351 2029 1440 2071 Lyde
1461 2028 1578 2070 quibus

903 2082 1080 2114 obstinatas
1104 2081 1258 2124 Applicet
1277 2079 1402 2111 aures.'’
1452 2079 1579 2115 Vnt-alis,

903 2139 1026 2169 cantus,
1043 2138 1076 2163 ut
1092 2133 1202 2163 vocalis
1220 2132 1358 2171 Orpheus
1373 2129 1519 2160 Horatio.

947 2185 1001 2214 93.
1026 2182 1133 2214 Etiam
1162 2181 1343 2213 Herodotus
1375 2179 1517 2211 Siciliam
1547 2184 1580 2210 et

904 2233 1032 2264 Italiam
1057 2232 1210 2268 nominat,
1232 2230 1288 2262 ubi
1310 2241 1387 2273 opes
1406 2229 1581 2270 collegerit.

904 2283 999 2319 Illuc,
1022 2282 1116 2313 venia
1141 2282 1181 2313 ab
1202 2280 1377 2312 Periandro
1401 2279 1581 2321 impetrata,

902 2332 1035 2364 abierat.
1081 2332 1219 2362 Tarento
1251 2330 1422 2373 profectus,
1451 2328 1580 2359 domum

902 2382 1003 2413 redire
1019 2381 1133 2412 voluit.
1169 2381 1316 2415 Quaesitas
1328 2390 1404 2420 opeS.
1437 2378 1580 2409 Herodo-

903 2438 966 2467 tus,
989 2430 1216 2474 ἐργασάμενος
1247 2429 1407 2472 χρήματα
1432 2426 1562 2470 μεγάλα
1571 2439 1580 2466 ;

905 2481 1064 2523 Hyginus,
1085 2481 1150 2512 sab.
1169 2480 1245 2512 194.
1270 2484 1290 2497 “
1306 2480 1462 2520 Magnum
1483 2477 1581 2520 patri-

905 2531 1044 2562 monium
1067 2529 1314 2572 acquisiverat.''
1361 2528 1452 2560 Idem
1472 2528 1513 2558 de
1532 2526 1580 2558 Si-

905 2581 1031 2612 monide
1049 2581 1194 2612 traditur.

949 2632 1002 2662 97.
1040 2631 1166 2672 Nempe
1196 2630 1256 2661 hoc
1286 2628 1367 2660 illud
1405 2633 1464 2664 est,
1495 2627 1580 2668 quod

905 2680 1067 2717 Horatius,
1084 2680 1130 2710 ΙΙ.
1153 2679 1217 2711 od.
1233 2678 1299 2710 xiii.
1323 2679 1449 2709 13-20
1465 2682 1582 2713 monet,

906 2741 968 2762 non
984 2730 1068 2772 quod
1086 2729 1221 2772 quisque
1235 2729 1374 2760 maxime
1389 2729 1509 2762 timeat,
1526 2726 1581 2757 sed

908 2779 1108 2823 improvisam
1140 2779 1194 2811 leli
1229 2779 1289 2808 vim
1328 2777 1417 2808 nobis
1455 2776 1584 2807 instare.
