1809 3220
254 193 312 235 92
655 191 708 233 Ρ.
742 189 960 233 OVIDII
993 190 1280 234 NASONIS

260 309 331 358 At
354 309 629 373 quondam,
652 308 774 355 dum
798 308 950 371 longa
974 315 1157 372 gerunt
1180 307 1499 372 pugnacibus
1525 306 1676 355 armis

332 386 495 443 Bella,
523 385 810 451 parentales
836 385 1108 434 deseruere
1134 385 1261 433 dies.

264 466 381 514 Non
406 466 612 530 impune
636 464 758 512 fuit:
801 481 918 512 nam
943 464 1127 512 dicitur
1152 463 1320 511 omine
1346 464 1409 511 ab
1436 462 1532 511 isto

331 543 498 591 Roma
523 542 829 590 suburbanis
855 542 1126 591 incaluisse
1152 541 1304 604 rogis.

1580 543 1681 589 550

261 621 361 669 Vix
387 621 627 686 equidem
652 620 804 669 credo
828 638 837 669 :
879 621 1043 668 bustis
1069 621 1239 669 exisse
1264 619 1509 676 feruntur,

331 698 398 746 Et
423 699 589 747 tacitae
617 700 787 763 questi
813 706 1041 764 tempore
1067 699 1230 747 noctis
1257 699 1331 748 avi
1359 716 1368 746 :

262 778 464 841 Perque
489 778 594 826 vias
621 778 775 835 urbis,
806 777 1080 842 Latiosque
1108 777 1332 825 ululasse
1358 793 1449 841 per
1474 792 1620 839 agros

329 855 595 903 Deformes
622 856 833 912 animas,
860 856 1042 920 vulgus
1072 856 1237 912 inane,
1266 855 1448 903 ferunt.

258 933 385 981 Post
409 949 469 981 ea
494 933 735 998 praeteriti
761 934 968 981 tumulis
991 934 1269 982 redduntur
1295 934 1533 990 lionores;
1575 934 1672 980 555

327 1010 683 1076 prodigiisque
708 1013 845 1060 venit
869 1013 1235 1077 funeribusque
1263 1013 1458 1060 modus.

259 1088 395 1135 Dum
418 1096 586 1136 tamen
612 1092 719 1138 haec
747 1089 890 1146 fiunt,
916 1091 1076 1138 viduae
1097 1097 1294 1139 cessate
1322 1090 1531 1155 puellae:

324 1166 608 1231 Exspectct
633 1184 784 1232 puros
812 1168 962 1232 pinea
988 1169 1120 1217 taeda
1146 1169 1272 1216 dies.

258 1245 366 1293 Nec
394 1245 501 1302 tibi,
530 1262 644 1309 quae
670 1246 870 1310 cupidae
898 1254 1095 1294 matura
1120 1247 1355 1295 videbere
1382 1247 1545 1304 matri,

325 1323 509 1371 Comat
533 1323 780 1387 virgineas
808 1325 953 1372 hasta
978 1341 1185 1373 recurva
1211 1342 1400 1373 comas.

299 1498 372 1528 548.
401 1498 592 1534 Parentales,
615 1497 730 1541 quibus
754 1499 930 1542 parentalia

253 1547 465 1579 celebrantur.
506 1550 661 1585 Deserere,
678 1560 741 1580 non
757 1549 930 1581 celebrare.

256 1597 316 1628 Ille
331 1598 495 1639 neglectus
511 1599 570 1629 fuit
586 1599 660 1629 mali
676 1601 795 1631 ominis.
822 1600 929 1637 Roma,

252 1653 317 1678 etc.
346 1648 586 1679 multitudinem
615 1649 815 1681 morientium
847 1650 928 1681 indi-

252 1702 316 1734 cat,
332 1702 458 1739 propter
479 1709 575 1740 quam
596 1699 628 1729 in
646 1699 835 1731 suburbanis
852 1700 930 1732 locis

252 1753 297 1778 tot
327 1747 390 1789 rogi
422 1754 511 1779 erant
541 1749 758 1786 comburendi,
788 1756 823 1780 ut
851 1750 925 1782 inde

252 1795 320 1839 ipsa
334 1798 441 1828 Roma
455 1797 674 1829 incalesceret.
702 1800 926 1832 Parentalibus

249 1846 399 1882 reductis.
422 1849 525 1878 modus
548 1849 823 1890 venitfnneribus.
863 1850 925 1881 De-

238 1895 369 1937 formes‚
380 1902 442 1927 etc.
453 1896 674 1929 defunctorum
692 1899 823 1934 umbrae,
836 1899 926 1931 luctu

250 1945 417 1977 deformes.
454 1946 531 1977 Post
554 1946 632 1978 Julii
655 1947 791 1978 Caesaris
815 1959 925 1980 necem

247 1999 269 2010 '¹
287 1994 458 2026 simulacra
469 1995 571 2026 modis
582 1996 738 2038 pallentia
751 1997 836 2029 miris
848 1999 927 2029 Visa

249 2044 307 2074 sub
333 2044 501 2075 obscurum
526 2045 627 2076 noctis
642 2046 673 2075 :”
698 2046 790 2087 Virg.
808 2048 924 2090 Georg-

250 2092 273 2123 i.
296 2093 371 2124 477.
409 2093 548 2125 Lenzius
572 2102 683 2126 contra
705 2097 853 2137 deformes
876 2097 922 2129 in-

248 2141 349 2184 tellig.
373 2153 434 2174 non
459 2151 577 2174 certam
602 2145 734 2176 sormam
761 2145 923 2183 habentes,

247 2191 370 2224 inanes.
422 2193 590 2230 Praeteriti,
626 2195 777 2237 neglecti.
835 2197 924 2227 Venit

246 2242 284 2273 iis
314 2244 429 2279 modus,
455 2250 582 2274 cessant
610 2244 765 2287 prodigia,
796 2253 828 2277 et
856 2246 922 2289 ipsa

247 2292 366 2323 rariora
380 2292 461 2323 fiunt
476 2292 598 2324 funera.

291 2343 366 2373 557.
391 2342 554 2374 Feralibus
579 2355 639 2375 non
663 2344 709 2375 fas
728 2351 776 2376 est
793 2346 922 2378 nubere.

246 2391 353 2423 Etiam
371 2391 425 2423 alii
441 2392 510 2423 dies
530 2393 648 2435 nuptiis
669 2395 858 2437 copulandis
874 2407 922 2427 re-

246 2439 348 2482 ligiosi
369 2441 435 2472 sive
460 2441 624 2473 devitandi
647 2443 857 2481 habebantur,
875 2445 920 2476 iii.

246 2490 323 2522 393.
365 2491 481 2522 Viduas
495 2493 614 2532 puellas
629 2494 756 2525 Marsus
771 2495 920 2537 intelligit

246 2540 370 2583 puellas
395 2551 495 2583 nuper
519 2548 646 2584 nuptas,
663 2554 734 2585 quae
754 2554 878 2576 cessare
900 2557 918 2577 a

245 2590 430 2627 concubitu,
448 2591 600 2623 secubare
624 2602 642 2623 a
657 2592 918 2634 virojubeantur.

245 2639 359 2676 Immo,
385 2640 424 2672 de.
453 2640 528 2672 solis
559 2641 678 2683 nuptiis
705 2653 790 2674 nunc
815 2654 918 2675 sermo

243 2695 302 2721 est.
349 2690 456 2727 Quum
478 2690 548 2721 aliae
573 2691 656 2722 seriae
678 2692 780 2734 magis
800 2694 913 2730 viduis,

244 2749 341 2781 quam
379 2741 550 2782 virginibus
583 2740 705 2772 idoneae
744 2752 811 2774 esse
848 2754 914 2774 cre-

244 2789 392 2822 derentur
430 2789 471 2821 ad
506 2791 702 2828 nubendum,
733 2792 913 2835 (Plutarch.

1571 1327 1670 1372 560

1001 1502 1123 1538 Quaest.
1141 1500 1236 1531 Rom.
1252 1512 1282 1542 p.
1303 1501 1358 1532 161
1376 1512 1383 1539 3
1410 1500 1553 1531 Macrob.
1565 1499 1635 1530 Sat.
1653 1498 1674 1529 i.

1004 1550 1072 1589 15.)
1097 1550 1262 1581 Feralibus
1287 1550 1384 1581 Ovid.
1408 1555 1440 1581 et
1466 1549 1522 1580 lias
1547 1554 1579 1580 et
1602 1548 1673 1580 illas

1000 1601 1259 1643 abstinerejubet
1275 1611 1293 1631 a
1310 1600 1441 1643 nuptiis.
1467 1600 1672 1641 Quamquam

999 1653 1097 1682 vidua>
1121 1653 1232 1691 puella:
1259 1651 1354 1682 etiam
1381 1650 1445 1682 dici
1469 1655 1601 1692 possunt
1624 1648 1671 1680 in-

999 1706 1127 1742 nuptae3
1152 1701 1295 1742 Propert.
1314 1700 1359 1730 ΙΙ.
1376 1700 1463 1731 xxiv.
1481 1700 1530 1729 17.
1555 1703 1576 1716 “
1593 1697 1671 1740 quid

998 1750 1126 1792 prodest
1171 1749 1283 1780 viduas
1327 1749 1461 1780 dormire
1501 1747 1624 1791 puellas
1637 1747 1673 1778 'J'

994 1801 1057 1831 Pro
1093 1802 1183 1840 pinea
1217 1799 1360 1830 nonnulli
1390 1802 1494 1839 spinea
1524 1798 1669 1837 malunt;

994 1860 1069 1881 sane
1085 1850 1138 1880 fax
1155 1860 1172 1881 e
1189 1849 1281 1892 spina
1297 1849 1384 1885 alba,
1401 1859 1473 1891 quae
1497 1847 1669 1891 plurimum

994 1900 1026 1931 in
1049 1899 1230 1931 avertendis
1246 1899 1338 1930 malis
1351 1899 1455 1930 valere
1471 1898 1669 1934 credebatur,

994 1949 1133 1991 praeferri
1149 1949 1180 1980 in
1194 1948 1313 1991 nuptiis
1326 1949 1459 1980 solebat.
1496 1947 1574 1979 Vid.
1585 1947 1670 1978 Plin.

994 2000 1058 2029 xvi.
1075 2000 1128 2030 30.
1145 1999 1210 2035 ubi,
1227 2003 1247 2015 “
1267 1998 1368 2041 spina,
1386 1998 1567 2040 nuptiarum
1590 1997 1667 2028 saci-

994 2049 1053 2079 bus
1084 2047 1375 2091 auspicatissima.’'
1423 2048 1486 2079 Sed
1517 2052 1550 2079 et
1576 2049 1669 2088 pinea

995 2098 1079 2130 taeda
1102 2099 1134 2130 in
1158 2110 1228 2130 usu.
1271 2099 1352 2129 Puri
1369 2100 1444 2133 dies,
1466 2098 1583 2140 quibus
1604 2108 1668 2129 non

995 2154 1131 2190 aguntur
1168 2159 1218 2180 res
1255 2147 1461 2191 sepulcrales,
1504 2153 1560 2179 aut
1597 2147 1668 2180 tris-

994 2203 1054 2229 tes.

1036 2250 1111 2280 559.
1151 2249 1283 2288 Cupida,
1321 2248 1453 2291 cupiens
1493 2247 1665 2279 accelerari

992 2297 1064 2329 flliae
1081 2298 1219 2340 nuptias.
1266 2298 1367 2330 Hasta
1378 2308 1522 2329 recurva.
1539 2298 1664 2329 Arnob.

990 2347 1064 2379 adv.
1086 2348 1220 2383 Gentes,
1243 2347 1276 2378 ii.
1299 2359 1333 2390 p.
1350 2348 1404 2379 91.
1426 2351 1447 2364 “
1463 2346 1664 2378 Nubentium

988 2397 1106 2428 crinem
1123 2397 1262 2428 caelibari
1277 2397 1370 2429 hasta
1381 2397 1563 2428 mulcetis.''
1587 2397 1665 2428 Plu-

988 2447 1128 2483 tamtum,
1144 2447 1268 2484 Quaest.
1285 2447 1379 2478 Rom.
1393 2459 1425 2489 p.
1445 2447 1520 2477 148.
1536 2445 1663 2488 quaerit,

987 2507 1044 2528 cur
1059 2500 1126 2528 τῶν
1143 2495 1361 2539 γαμουμένων
1375 2497 1481 2539 αἰχμῇ
1506 2494 1660 2538 δορατίου

987 2547 1052 2586 τὴν
1071 2547 1179 2589 κόμην
1199 2545 1441 2589 διακρίνουσιν,
1459 2557 1515 2578 cur
1538 2546 1662 2578 nuben-

986 2595 1066 2627 tium
1098 2607 1221 2628 comam
1259 2607 1364 2639 parva-2
1396 2596 1496 2627 hastae
1525 2595 1659 2638 cuspide

986 2645 1204 2677 discriminent
1217 2658 1226 2685 3
1250 2647 1383 2688 ejusque
1399 2646 1444 2677 rei
1459 2655 1574 2677 causas
1588 2645 1661 2688 plu-

986 2705 1034 2725 res
1064 2695 1166 2726 affert.
1220 2695 1337 2727 Facum
1365 2706 1441 2727 usus
1469 2694 1565 2726 etiam
1594 2701 1658 2726 tam

985 2743 1018 2775 in
1045 2745 1219 2782 funeribus,
1244 2756 1340 2787 quam
1371 2745 1402 2776 in
1427 2744 1658 2788 parentalibus.

985 2793 1068 2826 Vide
1083 2794 1227 2827 Kirchm.
1244 2795 1284 2826 de
1301 2794 1464 2827 Fun.ii.3.
1498 2794 1654 2836 Tempore
