1830 3220
754 443 956 508 NUX,

646 595 1062 644 ELEGIAa.

722 773 984 806 4.-

154 914 328 979 NUX
351 949 444 996 ego
466 935 645 997 juncta
658 936 766 992 viae,
788 952 944 999 quum
962 935 1055 982 sim
1072 934 1180 982 sine
1199 934 1406 983 crimine
1420 935 1550 992 vitae,

218 1009 263 1055 A
289 1011 476 1074 populo
501 1012 635 1059 saxis
662 1019 995 1076 praetereunte
1021 1019 1180 1076 petor.

153 1085 382 1134 Obruere
405 1087 501 1135 ista
526 1089 653 1136 solet
677 1089 969 1137 manifestos
994 1105 1145 1153 poena
1169 1096 1427 1146 nocentes,

221 1163 435 1212 Publica
460 1182 617 1228 quum
642 1167 830 1214 lentam
856 1183 956 1214 non
981 1166 1117 1230 capit
1136 1167 1208 1214 ira
1226 1183 1432 1214 moram.

153 1240 240 1287 Nil
266 1257 359 1304 ego
381 1243 615 1306 peccavi;
657 1245 754 1292 nisi
779 1245 819 1292 si
846 1261 1057 1309 peccare
1082 1252 1305 1300 vocatur,
1524 1247 1552 1291 5

219 1317 403 1366 Annua
429 1321 605 1368 cultori
631 1339 781 1385 poma
806 1322 987 1370 referre
1014 1339 1122 1369 suo.

149 1393 220 1442 At
245 1396 381 1459 prius
407 1399 684 1455 arboribus,
711 1406 819 1446 tum
846 1416 1004 1463 quum
1031 1398 1236 1446 meliora
1259 1397 1398 1445 fuere

217 1473 482 1538 Tempora,
509 1484 765 1525 certamen
789 1476 1059 1525 fertilitatis
1086 1482 1209 1523 erat.

190 1679 204 1695 a
225 1675 305 1706 Sunt
316 1675 370 1717 qui
390 1681 543 1712 asserant,
557 1677 615 1708 hoc
631 1677 818 1719 opusculum

147 1724 187 1755 de
214 1724 302 1756 Nuce
328 1725 407 1756 falso
434 1725 569 1757 adscribi
593 1726 735 1757 Nasoni:
761 1738 818 1768 ego

146 1784 232 1810 ver0,
256 1780 291 1805 ut
319 1785 381 1805 non
409 1775 563 1817 negarim,
592 1776 743 1807 Ovidium
765 1777 815 1818 ju-

145 1834 270 1860 venem,
287 1832 318 1855 et
334 1824 438 1856 adhuc
455 1824 585 1856 tironem
604 1825 636 1855 in
652 1826 816 1857 Musarum

147 1873 273 1910 militia,
304 1873 372 1905 haec
399 1875 489 1916 quasi
519 1876 567 1906 sui
599 1876 818 1916 praeexercita-

148 1928 255 1954 menta
275 1923 446 1965 scripsisse,
470 1924 599 1955 meliora
621 1924 748 1966 quidem
769 1925 817 1956 fu-

148 1979 228 2009 tura,
250 1973 275 2003 si
300 1972 333 2003 in
358 1974 584 2015 provectiorem
607 1979 733 2005 aetatem
755 1974 817 2005 dis-

147 2022 286 2061 tulisset;
308 2022 353 2054 sic
370 2022 479 2065 ipsiuS,
497 2034 558 2054 non
573 2023 702 2067 alterius
717 2029 817 2065 poetae

146 2078 270 2114 partum
296 2082 364 2103 esse
385 2072 600 2109 asseverarim,
617 2073 702 2114 quod
718 2084 755 2104 ex
772 2073 818 2104 di—

148 2121 241 2153 cendi
258 2121 440 2153 charactere
457 2121 572 2163 quivis,
584 2122 635 2152 vel
650 2121 818 2153 mediocri-

148 2176 195 2201 ter
203 2170 356 2207 eruditus,
370 2170 606 2212 deprehendere
616 2170 742 2212 poterit.
767 2172 818 2201 M.

197 2221 223 2251 l.
252 2220 321 2251 Nux
335 2231 399 2262 ego,
418 2221 498 2261 etc.]
526 2220 671 2261 Contigit
684 2220 743 2250 hoc
759 2221 818 2251 for-

148 2275 227 2300 tuna
251 2269 390 2310 quadam
420 2269 494 2300 huic
520 2269 651 2310 Elegiae,
668 2275 702 2300 ut
726 2269 820 2300 inter-

149 2325 270 2361 pretem
309 2319 542 2350 nancisceretur
578 2319 678 2350 virum
712 2318 820 2350 saeculi

149 2368 363 2400 decimi-sexti
385 2370 492 2400 lumen
519 2369 630 2410 ingens
655 2377 687 2400 et
712 2369 819 2405 decus,

152 2418 297 2449 Desider.
327 2419 512 2457 Erasmum;
543 2419 596 2460 qui
624 2418 649 2449 si
681 2419 758 2449 tales
789 2418 820 2449 in

151 2467 301 2499 Ovidium
317 2479 441 2499 omnem
451 2478 542 2499 curas
556 2468 758 2504 extendisset,
769 2468 820 2498 vix

151 2517 298 2560 equidem
310 2517 412 2549 sentio
425 2518 501 2559 quid
519 2518 676 2559 agendum
692 2518 822 2559 posteris

151 2567 342 2609 reliquisset.
381 2568 455 2599 Jam
475 2568 514 2598 ab
531 2567 589 2598 hoc
605 2578 695 2598 versu
711 2567 820 2609 primo,

153 2616 252 2647 leonis
274 2627 411 2658 unguem
432 2616 559 2652 sentias,
581 2616 614 2647 in
636 2616 821 2658 exponendo

152 2676 215 2707 qua
237 2664 434 2707 potissimum
459 2671 524 2696 arte
544 2666 657 2696 Noster
672 2665 821 2696 lectorem

150 2726 257 2746 secum
293 2715 324 2746 in
354 2726 418 2746 rem
449 2714 585 2746 mediam
614 2715 736 2756 rapiat3
773 2721 817 2751 et,

152 2767 273 2797 omissis
301 2765 555 2807 quibuscumque
585 2765 758 2808 praeludiis,
788 2764 820 2795 id

887 1677 991 1709 statim
1019 1677 1058 1708 de
1084 1687 1147 1718 quo
1172 1675 1275 1717 agitur
1297 1675 1352 1706 det
1376 1675 1557 1718 intelligen-

887 1728 975 1759 dum.
1024 1727 1143 1757 Juncta
1171 1728 1235 1756 vioe.
1271 1725 1431 1762 Proxima,
1455 1726 1555 1757 conti-

888 1787 963 1819 gua.

930 1827 961 1857 2.
987 1824 1105 1865 Petma]
1131 1824 1304 1856 Percutior.
1325 1824 1399 1855 Val.
1422 1824 1558 1855 Maxim.

887 1875 942 1906 lib.
959 1887 990 1906 v.
1008 1885 1080 1916 cap.
1099 1875 1131 1904 3.
1162 1875 1327 1916 Lycurgus
1347 1885 1420 1914 saepe
1446 1875 1556 1913 lapidi-

888 1927 940 1956 bus
952 1927 1066 1965 petitus
1082 1930 1135 1955 est.

932 1977 963 2006 3.
989 1974 1150 2014 Obruere.]
1171 1973 1311 2015 Proprie.
1335 1972 1462 2004 Dicitur
1474 1972 1558 2003 enim

886 2024 1131 2067 elegantissime,
1153 2023 1237 2054 saxis
1261 2028 1293 2053 et
1313 2022 1474 2064 lapidibus
1500 2022 1558 2053 ali-

888 2085 982 2116 quem
998 2075 1132 2104 obruere.

931 2127 962 2155 5.
982 2123 1049 2154 Nisi
1063 2124 1088 2153 si
1105 2120 1407 2162 peccarefatemnr]
1426 2120 1558 2151 Vocatur

888 2172 1014 2213 praetuli
1031 2184 1037 2201 :
1064 2171 1175 2202 eadem
1195 2170 1331 2201 varietas
1352 2169 1399 2200 ΙΙ.
1417 2170 1511 2201 Pont.
1527 2170 1561 2200 ii.

894 2223 948 2253 19:
976 2226 996 2239 “
1012 2222 1119 2262 thue
1143 2219 1244 2261 magis
1265 2218 1350 2250 cauti
1372 2225 1502 2260 possunt
1521 2217 1561 2249 ti-

888 2271 1030 2312 midique
1051 2269 1190 2300 videri.'’
1237 2269 1300 2300 Ubi
1333 2271 1433 2300 vocari
1461 2268 1556 2299 codd.

889 2320 1045 2352 nonnulli.
1077 2320 1209 2350 Peccare
1230 2318 1326 2350 etiam
1346 2329 1400 2360 pro
1416 2324 1558 2360 peccato,

887 2371 1016 2401 Terent.
1046 2369 1148 2400 Andr.
1172 2374 1234 2400 act.
1256 2380 1288 2399 v.
1316 2379 1363 2399 sc.
1391 2369 1423 2398 3.
1447 2379 1479 2398 v.
1507 2369 1560 2398 55.

889 2420 922 2451 Si
951 2421 983 2450 id
1017 2430 1141 2459 peccare
1170 2425 1223 2454 est,
1241 2418 1350 2460 fateor
1374 2419 1406 2448 id
1435 2428 1558 2457 quoque.

891 2469 983 2501 Unde
996 2469 1195 2510 hicfatemw-
1208 2472 1313 2510 posset
1324 2466 1462 2498 defendi.
1488 2467 1558 2497 Nec

891 2525 996 2550 tamen
1015 2520 1139 2549 docetur
1159 2517 1329 2548 admodum
1353 2515 1507 2557 displicet,
1526 2521 1561 2546 ut

889 2567 930 2598 sit
953 2578 1008 2609 pro
1033 2566 1218 2603 ostenditur,
1237 2566 1405 2608 probatur:
1431 2565 1476 2595 ita
1498 2565 1559 2596 'se-

890 2623 970 2648 rent.
988 2616 1087 2648 Adel.
1103 2616 1124 2648 i.
1137 2618 1168 2646 2.
1181 2616 1233 2647 45.
1251 2622 1278 2646 te
1297 2616 1392 2655 plura
1407 2616 1439 2645 in
1457 2615 1512 2645 liae
1525 2625 1558 2645 re

888 2677 1010 2707 peccare
1023 2668 1188 2697 ostendam.

931 2716 962 2747 6.
988 2715 1116 2757 Referre
1130 2714 1213 2755 sum]
1235 2714 1314 2749 Meo,
1332 2712 1524 2744 Bodleianus
1540 2723 1557 2742 a

889 2776 984 2796 manu
999 2764 1150 2796 secunda.
