1809 3220
94 161 98 164 ”
142 178 227 220 162

534 173 584 215 P.
621 169 838 214 OVIDII
874 167 1160 211 NASONIS

144 293 363 343 Nomine
389 293 452 340 ab
477 288 695 338 auctoris
721 288 915 334 ducunt
940 285 1180 333 libamina
1205 301 1406 341 nomen,

214 371 472 435 Libaque;
515 367 653 432 quod
679 364 836 413 sacris
862 379 978 428 pars
1004 363 1153 411 datur
1178 362 1296 410 inde
1319 361 1462 411 focis.

146 451 274 500 Liba
301 449 412 497 Deo
438 447 581 501 fiunt,
610 444 776 493 succis
803 443 925 507 quia
949 442 1186 491 dulcibus
1212 442 1297 490 ille

1471 443 1570 489 735

212 528 433 584 Gaudet,
464 532 515 574 et
539 542 569 573 a
597 523 804 573 Baccho
830 523 983 570 mella
1008 528 1209 586 reperta
1232 520 1417 569 ferunt.

142 607 259 655 Ibat
284 621 496 654 arenoso
524 601 722 667 Satyris
748 601 1022 649 comitatus
1049 600 1113 647 ab
1140 598 1345 647 Hebro:

212 685 258 734 N
265 703 328 734 on
355 685 510 732 habet
535 683 757 745 ingratos
782 680 955 729 fabula
978 685 1150 727 nostra
1169 679 1344 742 jocos;
1611 738 1614 740 v

144 766 363 828 Jamque
384 769 493 810 erat
509 761 572 809 ad
591 760 896 824 Rhodopen,
910 755 1240 820 Pangaeaque
1260 755 1438 804 florida
1454 770 1571 802 ven-

214 841 438 890 AEriferae
465 839 706 888 comitum
735 852 1076 901 concrepuere
1104 852 1300 883 manus.

147 922 284 970 Ecce
311 936 451 967 novae
478 926 663 967 coeunt
687 917 917 965 volucres
943 915 1211 963 tinnitibus
1238 920 1394 970 actae3

1409 835 1538 896 [tum
1558 850 1568 887 ;

1474 913 1566 958 741

215 1000 435 1062 Quaque
462 1004 665 1046 movent
690 996 886 1044 sonitus
914 1010 1030 1050 aera,
1059 1000 1342 1057 sequuntur
1367 1005 1507 1055 apes.

148 1077 358 1142 Colligit
381 1084 623 1132 errantes,
649 1082 701 1123 et
726 1075 777 1121 in
803 1074 980 1122 arbore
1005 1071 1196 1120 claudit
1220 1069 1354 1118 inani

219 1155 398 1211 Liber;
440 1162 491 1203 et
516 1153 704 1202 inventi
731 1151 940 1217 praemia
965 1150 1130 1198 mellis
1158 1149 1328 1198 habet.

153 1234 226 1282 Ut
254 1234 441 1299 Satyri,
469 1233 699 1296 levisque
726 1248 884 1280 senex
910 1230 1124 1293 tetigere
1150 1243 1401 1293 saporem,

1479 1226 1576 1271 745

220 1311 530 1368 Quaerebant
554 1311 710 1358 flavos
737 1325 826 1374 per
852 1324 1031 1357 nemus
1057 1323 1206 1355 omne
1231 1305 1386 1354 favos.

152 1390 312 1438 Audit
337 1391 387 1438 in
413 1406 569 1438 exesa
591 1389 857 1437 stridorem
884 1385 1132 1434 examinis
1160 1385 1324 1441 ulmo;

221 1468 457 1533 Adspicit
482 1476 533 1515 et
558 1483 728 1523 ceras;
770 1465 1162 1528 dissimulatque
1189 1477 1348 1511 senex
1369 1478 1378 1508 :

200 1611 275 1643 733.
312 1610 398 1641 Mira
426 1608 622 1652 etymologia
653 1609 830 1640 libaminum

155 1666 187 1692 et
215 1662 355 1692 liborum.
401 1658 498 1702 Apud
522 1658 730 1690 Plutarchum
759 1668 832 1689 con-

156 1717 217 1748 tra,
242 1712 366 1749 Quaest.
389 1710 484 1741 Rom.
511 1715 586 1740 tom.
609 1708 663 1739 vii.
687 1707 758 1739 161.
783 1708 834 1740 ed.

156 1761 269 1793 Reisk.
286 1771 399 1792 nomen
423 1759 516 1791 duxit
537 1759 632 1791 Liber
657 1769 675 1790 a
694 1760 772 1796 libis,
786 1758 835 1790 ὅτι

156 1812 220 1850 τὴν
235 1811 359 1852 λοιβὴν
376 1809 558 1852 παρέσχεν,
575 1812 646 1851 quia
670 1811 730 1840 liba
753 1810 834 1840 mhi-

159 1862 235 1892 buit.
283 1861 366 1892 Libis
385 1860 436 1892 lac
458 1866 490 1891 et
506 1860 597 1890 mella
613 1859 836 1894 addebantur;

158 1910 316 1947 Tibullus,
346 1911 374 1941 Ι.
404 1909 458 1940 vii.
486 1911 548 1941 54:
588 1909 690 1940 “liba
728 1908 837 1940 dulcia

161 1961 330 2004 Mopsopio
346 1960 475 1992 melle.”
524 1960 575 1991 Sic
589 1959 750 2002 egreditur
764 1970 834 1990 nar-

160 2010 241 2042 ratio
266 2010 300 2041 in
328 2009 433 2041 mellis
457 2009 685 2046 inventionem,
709 2009 749 2040 de
773 2019 838 2051 qua

160 2059 256 2091 variae
273 2058 470 2090 traditiones.
513 2059 597 2090 Vide
614 2058 692 2090 Intt.
707 2059 748 2090 ad
764 2058 836 2089 Vir-

163 2108 287 2150 gilium,
303 2108 421 2150 Georg.
437 2108 480 2139 iv.
496 2107 566 2139 init.
590 2114 622 2139 et
649 2108 690 2139 ad
714 2119 840 2140 versum

168 2159 241 2190 150.

209 2208 284 2239 737.
309 2207 415 2248 Satyri
431 2213 463 2238 et
486 2207 607 2239 Silenus
628 2207 772 2251 perpetui
794 2214 841 2239 at-

166 2268 228 2301 que
253 2257 364 2288 fideles
389 2257 510 2288 Bacchi
536 2257 680 2289 comites.
727 2259 843 2289 Eorum

167 2306 427 2350 manassei-ebant
440 2307 600 2348 cymbala,
615 2319 677 2338 aera
693 2318 844 2343 concava,

166 2368 238 2400 quae
261 2357 343 2388 inter
366 2367 400 2388 se
424 2367 577 2389 concussa
599 2361 761 2399 crepitum,
779 2357 845 2389 sive

167 2409 317 2439 tinnitum
339 2412 470 2439 acutum
491 2407 623 2439 dabant.
670 2410 697 2439 E
717 2408 771 2439 tali
795 2419 844 2440 so-

167 2457 237 2488 nitu
261 2456 460 2499 voluptatem
490 2467 566 2499 apes
595 2467 709 2500 capere
736 2458 845 2490 crede-

168 2508 305 2545 bantu13
328 2506 461 2537 Aristot.
483 2506 568 2538 Hist.
583 2506 692 2538 Anim.
712 2507 759 2539 ix.
783 2508 847 2547 405

169 2556 306 2593 Plinius,
329 2555 374 2588 xi.
397 2557 452 2588 22.
497 2556 612 2598 Itaque
637 2562 671 2588 et
694 2557 848 2588 Curetum

171 2606 248 2639 olim
262 2606 400 2638 sonitum
415 2605 669 2648 crepitantiaque
682 2617 745 2638 aera
758 2618 848 2638 secu-

170 2662 212 2688 tae
227 2662 337 2696 erant3
359 2655 579 2698 Virg.Ge0rg.
593 2656 637 2687 iv.
657 2658 728 2688 151.
760 2657 845 2688 Pan-

171 2718 247 2748 gaea,
275 2716 365 2738 mons
393 2704 550 2742 Thraciae,
570 2706 689 2747 florida
719 2713 845 2749 propter

903 1608 1018 1639 herbas
1048 1606 1161 1648 apibus
1191 1610 1311 1647 gratas.
1359 1602 1512 1634 Heinsius
1542 1611 1579 1633 ex

902 1657 996 1688 Trist.
1012 1656 1053 1688 V.
1070 1656 1113 1686 vi.
1131 1655 1313 1696 37.florida
1332 1653 1436 1694 Hybla
1453 1662 1581 1694 compa-

904 1714 965 1739 rat.
1014 1708 1110 1741 Actae,
1142 1705 1262 1741 ductae,
1294 1704 1454 1746 impulsae.
1501 1704 1580 1735 Bur—

906 1768 1042 1789 mannus
1056 1756 1168 1788 mallet
1185 1758 1261 1792 ictae,
1273 1754 1351 1798 quia
1362 1755 1496 1786 alterum
1513 1765 1584 1798 pos·

904 1814 952 1839 set
981 1807 1021 1839 de
1050 1806 1183 1842 abactis,
1207 1806 1326 1848 fugatis
1350 1805 1498 1848 intelligi.
1544 1805 1583 1836 In

905 1860 1010 1890 arbore
1038 1859 1157 1889 claudit
1195 1858 1295 1888 inani.
1356 1855 1459 1887 Etiam
1497 1855 1583 1898 apud

907 1909 1021 1951 virgil.
1037 1909 1157 1949 Georg.
1174 1907 1220 1938 iv.
1242 1907 1295 1939 64.
1319 1918 1396 1950 apes
1420 1905 1584 1948 cymbalo-

906 1969 975 1990 rum
992 1958 1108 1989 tinnitu
1124 1957 1327 1999 eolliguntur‚
1344 1963 1376 1989 et
1391 1957 1424 1988 in
1445 1956 1586 1988 alvearia

906 2013 1075 2050 coguntur.

953 2059 1028 2090 745.
1040 2058 1068 2088 E
1080 2058 1248 2089 comitibus
1262 2068 1346 2089 nunc
1363 2068 1490 2100 quoque
1505 2057 1585 2089 Sile-

910 2119 969 2140 nus
983 2114 1090 2150 partes
1105 2108 1224 2150 primas
1243 2107 1322 2150 agit,
1339 2119 1426 2139 senex
1449 2109 1534 2145 levis,
1553 2107 1586 2139 id

910 2165 958 2190 est
974 2158 1097 2195 calvus,
1114 2160 1225 2190 vertice
1240 2160 1336 2196 nudo,
1354 2165 1390 2190 ut
1404 2169 1475 2190 mox
1492 2168 1587 2190 voca-

912 2216 961 2241 tur
975 2222 983 2248 ;
1008 2209 1277 2252 quemadmodum
1292 2215 1325 2241 et
1339 2209 1499 2241 imberbes
1511 2211 1588 2241 leves

913 2259 1062 2291 dicuntur
1079 2259 1212 2291 Horatio
1228 2260 1288 2291 IV.
1302 2259 1368 2292 Od.
1383 2259 1435 2299 vi;
1459 2260 1588 2292 Tibullo

914 2309 941 2340 I.
957 2309 1002 2340 ix.
1019 2311 1073 2340 31.
1126 2309 1274 2352 Tangere,
1289 2316 1430 2352 gustare.
1479 2311 1590 2343 Flavos

903 2360 1009 2402 favos.
1026 2360 1070 2391 Ut
1083 2359 1328 2402 ὁμοιοτὲλευτον
1338 2359 1463 2398 vitetur,
1476 2361 1592 2394 Heius.

914 2415 946 2441 et
960 2409 1148 2441 Taubnerus
1163 2420 1201 2441 ex
1219 2420 1281 2440 uno
1298 2410 1405 2442 Vatic.
1419 2412 1591 2454 dulcessa-

918 2470 964 2490 vos
988 2460 1169 2502 praeferunt,
1186 2470 1381 2502 quamquam
1405 2461 1460 2492 ille
1484 2467 1518 2492 et
1540 2466 1589 2494 ηἰ-

916 2521 981 2540 veos
992 2510 1117 2542 suadet.
1143 2509 1206 2541 Sed
1222 2509 1267 2540 nil
1282 2510 1469 2542 mutandum
1486 2524 1494 2549 ;
1512 2512 1590 2544 talia

917 2559 999 2590 enim
1031 2560 1151 2602 optimo
1186 2559 1301 2602 cuique
1331 2567 1433 2602 poetae
1461 2560 1590 2594 excide-

918 2614 1001 2645 runt,
1014 2615 1050 2640 ut
1062 2609 1103 2640 ad
1119 2610 1255 2642 Metam.
1270 2609 1303 2641 ii.
1319 2611 1382 2642 398
1400 2611 1589 2644 monuimus.

916 2658 1010 2690 cons.
1027 2664 1060 2690 et
1074 2659 1156 2690 infra
1168 2660 1210 2691 vi.
1225 2661 1301 2692 553.

959 2709 1036 2739 747.
1062 2708 1167 2745 Εηεα,
1192 2720 1264 2752 quae
1287 2716 1361 2742 ante
1386 2712 1499 2748 inanis,
1515 2722 1588 2742 mox
