1830 3220
641 188 993 231 FASTORUM
1027 188 1149 231 LIB.
1185 190 1242 232 V.

1564 194 1649 235 291

220 301 288 349 Et
304 319 456 366 quem
474 320 606 351 nunc
625 313 806 367 gentes
817 306 1021 354 Tiberin
1039 315 1328 371 noruntque
1345 308 1645 372 timentque,

287 381 431 429 Tunc
458 382 610 429 etiam
637 384 808 447 pecori
835 385 1197 448 despiciendus
1224 402 1378 433 eram.

216 459 432 507 Arcadis
460 459 682 508 Evandri
708 479 892 509 nomen
919 463 1008 509 tibi
1036 480 1172 527 saepe
1198 463 1439 512 refertur:

286 537 379 585 Ille
407 554 545 585 meas
571 539 723 586 remis
751 540 947 587 advena
972 541 1119 587 torsit
1141 557 1317 605 aquas.

214 614 370 662 Venit
396 623 447 663 et
471 615 697 673 Alcides,
719 618 870 664 turba
894 618 1166 666 comitatus
1194 619 1415 668 Achiva:

1545 624 1643 669 645

279 692 484 750 Albula,
514 695 556 741 si
583 695 804 750 memini,
826 703 947 743 tunc
971 696 1091 743 mihi
1118 713 1303 746 nomen
1331 706 1454 746 erat.

216 769 425 836 Excipit
449 773 670 837 hospitio
691 775 931 837 juvenem
962 774 1245 823 Pallantius
1274 776 1452 824 heros:

283 849 351 897 Et
377 851 583 899 tandem
614 851 754 900 Caco
781 853 954 900 debita
981 870 1132 917 poena
1157 854 1312 902 venit.

212 928 388 976 Victor
414 929 533 985 abit,
563 946 844 995 secumque
872 932 1042 987 boves,
1074 931 1356 996 Erytheida
1382 934 1622 998 praedam,

280 1006 575 1056 Abstrahit:
618 1017 669 1057 at
694 1010 905 1058 comites
932 1011 1131 1074 longius
1158 1011 1229 1058 ire
1256 1021 1460 1075 negant.

1544 1016 1642 1061 650

213 1084 506 1150 Magnaque
532 1104 649 1151 pars
678 1088 856 1136 horum
884 1089 1100 1136 desertis
1127 1098 1334 1137 venerat
1360 1090 1539 1154 Argis:

279 1164 546 1213 Montibus
572 1166 649 1214 his
676 1176 873 1231 ponunt
893 1184 1143 1232 spemque
1167 1166 1450 1232 Laremque
1471 1186 1636 1217 suum.

213 1241 362 1308 Saepe
389 1252 559 1292 tamen
588 1246 762 1308 patriae
789 1246 923 1293 dulci
954 1253 1233 1309 tanguntur
1259 1262 1456 1303 amore3

277 1323 452 1386 Atque
479 1323 661 1386 aliquis
689 1324 909 1371 moriens
936 1325 1030 1371 hoc
1059 1325 1209 1371 breve
1236 1325 1445 1372 mandat
1469 1342 1598 1390 opus
1620 1345 1628 1375 :

209 1400 404 1449 Mittite
431 1417 511 1449 me
538 1401 738 1459 Tiberi;
781 1402 1032 1450 Tiberinis
1058 1410 1235 1450 vectus
1263 1410 1319 1450 ut
1345 1404 1493 1451 undis
1538 1407 1635 1452 655

278 1478 422 1527 Litus
449 1480 513 1528 ad
541 1479 807 1528 Inachium
835 1481 998 1545 pulvis
1025 1481 1188 1529 inanis
1216 1497 1346 1529 eain.

251 1636 326 1667 643.
359 1637 411 1668 De
438 1637 580 1669 Evandri
608 1637 748 1670 adventu
764 1638 796 1679 si.
824 1640 884 1670 471

207 1697 281 1728 sqq.
332 1686 494 1728 Torquet-e,
513 1687 590 1718 alibi
617 1689 787 1719 verberare.
837 1689 888 1719 De

208 1736 336 1768 nomine
367 1738 483 1768 Albula
512 1738 546 1768 ii.
579 1739 657 1769 389.
709 1739 889 1770 Pallantius

206 1788 290 1818 heros
314 1798 408 1830 supra
434 1799 497 1819 ver.
522 1789 576 1820 97.
602 1789 779 1820 Nonacrius
805 1790 888 1820 heros

207 1843 350 1869 vocatur.
396 1838 449 1868 De
479 1838 558 1869 Caco
586 1839 719 1880 ejusque
748 1850 838 1879 poena
865 1839 887 1870 i.

205 1889 267 1919 551
300 1899 370 1930 sqq.
425 1889 532 1919 Venire
561 1895 594 1920 et
623 1889 709 1920 mala
739 1888 888 1920 dicuntur

205 1949 279 1981 quae
309 1938 401 1970 nobis
432 1938 595 1974 accidunt,
625 1945 657 1970 et
691 1940 786 1975 bona,
815 1949 886 1980 quae

205 1988 415 2030 contingunt3
448 1989 614 2025 Phaedrus,
632 1989 660 2019 I.
686 1989 751 2020 sab.
775 1989 806 2019 ii.
825 1990 863 2020 31
880 2002 886 2019 :

205 2042 305 2080 majus
319 2051 357 2071 ne
375 2041 478 2070 veniat
495 2040 621 2070 malum.
669 2040 711 2070 Et
727 2038 813 2081 apud
832 2039 885 2070 Ci-

204 2100 354 2121 ceronem
374 2091 490 2121 Verres
512 2089 733 2121 haereditatem
759 2091 814 2120 sibi
838 2101 884 2120 ve-

204 2142 281 2171 nisse
296 2140 441 2182 putabat.
476 2140 662 2180 Erytheidas
677 2140 774 2171 boves
790 2139 886 2171 etiam

204 2189 226 2220 i.
241 2191 317 2221 543.

247 2241 323 2271 651.
348 2240 442 2282 Argis
459 2239 582 2271 venisse
600 2239 748 2271 Herculis
768 2238 882 2275 socios,

204 2295 237 2322 et
252 2290 408 2332 quosdam
424 2301 531 2321 eorum
551 2290 704 2321 mansisse
725 2289 757 2320 in
774 2289 882 2325 Italia,

204 2345 236 2370 et
250 2339 380 2370 aliunde
397 2345 534 2370 constat.
566 2339 651 2370 Hinc
668 2339 754 2382 apud
767 2338 882 2380 virgil.

206 2389 338 2421 AEneid.
371 2401 402 2420 x.
437 2390 511 2420 779.
550 2389 701 2425 Antores,
733 2388 883 2419 Herculis

205 2451 312 2472 comes
325 2452 330 2469 ε
354 2444 374 2457 “
388 2439 453 2477 Qui
463 2439 577 2471 missus
589 2440 630 2470 ab
642 2439 737 2480 Argis
749 2439 884 2469 baeserat

203 2489 366 2526 Evandro,
376 2495 473 2531 atque
482 2489 567 2520 Itala
576 2488 764 2520 consederat
771 2487 882 2518 urbe.'’

203 2539 258 2571 Ab
281 2540 376 2581 Argis
399 2538 570 2569 simulacra
592 2538 649 2569 illa
670 2539 765 2579 Argei
785 2536 882 2568 dicta.

203 2589 351 2625 Desertis,
368 2589 492 2619 scilicet
508 2599 526 2620 a
542 2599 586 2625 se,
604 2599 621 2619 e
640 2587 734 2629 copia
757 2587 882 2629 poetica

205 2638 365 2670 additum.
415 2638 576 2670 Caeterum
599 2637 778 2669 secundum
801 2638 879 2668 Ma-

203 2690 348 2721 crobium
367 2700 429 2720 non
448 2696 559 2732 sponte
577 2688 624 2720 illi
645 2693 880 2725 remanserunt,

203 2740 258 2771 sed
280 2741 320 2771 ab
342 2740 481 2771 Hercule
498 2739 600 2770 relicti
618 2746 703 2775 sunt,
721 2738 772 2768 vel
789 2738 880 2773 irato,

202 2790 289 2832 quod
311 2797 490 2822 armentum
511 2801 575 2821 non
592 2789 670 2821 satis
692 2787 882 2820 custodivis-

959 1645 1040 1675 sent‚
1057 1639 1108 1670 vel
1124 1649 1161 1670 eo
1177 1638 1321 1677 consilio,
1334 1645 1369 1671 ut
1386 1650 1473 1671 aram
1490 1650 1581 1671 suam
1598 1642 1639 1672 ab

959 1688 1194 1720 incursionibus
1232 1695 1408 1720 tuerentur.
1468 1690 1638 1727 Montibus,

960 1745 1023 1769 etc.
1073 1744 1093 1756 “
1114 1741 1223 1776 Quum
1255 1751 1273 1770 a
1300 1739 1478 1771 latronibus
1505 1740 1636 1772 infesta-

959 1794 1077 1825 rentur,
1091 1795 1249 1831 occupato
1261 1789 1346 1820 edito
1363 1789 1458 1826 colle,
1471 1790 1636 1822 Saturnios

958 1849 991 1869 se
1009 1839 1222 1875 nominarunt,
1236 1850 1300 1881 quo
1313 1845 1387 1870 ante
1400 1839 1526 1871 nomine
1540 1841 1638 1871 etiam

959 1888 1043 1919 idem
1060 1888 1151 1920 collis
1167 1890 1342 1920 vocabatur
1355 1889 1392 1928 ;'’
1436 1890 1637 1927 Macrobius,

958 1937 981 1968 i.
1005 1938 1035 1969 7.
1058 1938 1159 1975 Idem,
1180 1949 1251 1981 cap.
1277 1940 1329 1970 11.
1354 1950 1392 1971 ex
1419 1938 1564 1982 Epicado
1587 1951 1637 1972 re-

958 1987 1027 2025 fert,
1051 1989 1227 2020 Herculem
1252 1995 1363 2031 ponte,
1389 1990 1444 2032 qui
1468 1996 1539 2032 post
1562 1991 1636 2022 sub-

956 2037 1050 2069 licius
1083 2037 1200 2075 dictus,
1233 2039 1274 2070 ad
1303 2046 1431 2081 tempus
1468 2040 1635 2078 instructo,

957 2087 1122 2119 hominum
1148 2088 1322 2120 simulacra
1349 2100 1405 2131 pro
1428 2100 1560 2121 numero
1585 2100 1635 2121 so-

956 2139 1090 2175 ciorum,
1100 2149 1179 2180 quos
1190 2149 1265 2170 casu
1279 2139 1543 2181 peregrinationis
1558 2140 1636 2171 ami-

953 2188 1056 2225 sisset,
1082 2189 1115 2219 in
1140 2189 1273 2219 fluvium
1301 2189 1465 2231 dejecisse,
1489 2195 1525 2220 ut
1549 2201 1635 2232 aqua

955 2238 1098 2269 secunda
1117 2238 1150 2269 in
1170 2249 1256 2269 mare
1274 2238 1410 2270 devecta
1425 2250 1481 2281 pro
1494 2241 1632 2282 corpori-

953 2289 1012 2319 bus
1028 2288 1252 2319 defunctorum
1269 2288 1368 2320 veluti
1389 2289 1489 2331 patris
1504 2289 1635 2322 sedibus

954 2337 1173 2369 redderentur.

997 2388 1072 2419 653.
1109 2388 1170 2418 Pro
1206 2394 1384 2430 tanguntur
1419 2389 1629 2422 San-avianus

953 2445 1147 2479 torquentur,
1172 2438 1258 2480 quod
1281 2449 1352 2469 vero
1379 2439 1429 2480 τῷ
1454 2440 1541 2471 dulci
1569 2451 1630 2471 non

953 2487 1116 2519 convenit:
1145 2488 1201 2519 sed
1218 2491 1307 2530 tangi
1322 2500 1423 2520 amore
1440 2489 1570 2531 elegans
1583 2490 1630 2521 lo-

952 2537 1049 2569 cutio.
1098 2538 1220 2574 Pulvis,
1250 2537 1331 2569 cinis
1365 2540 1505 2581 corporis
1541 2549 1626 2570 com-

951 2587 1058 2626 busti3
1082 2588 1164 2618 Met.
1183 2587 1248 2618 viii.
1272 2589 1354 2619 496:
1386 2588 1627 2630 Exiguusjace-

952 2639 1047 2667 bimus
1072 2637 1197 2677 pulcis3
1229 2638 1350 2669 Anacr.
1378 2637 1421 2668 iv.
1450 2639 1490 2669 9:
1527 2638 1627 2680 ὀλίγη

948 2687 1141 2729 κεισόμεσθα
1163 2687 1264 2725 κόνις·
1295 2687 1457 2724 Horatius,
1480 2688 1540 2719 IV.
1562 2688 1626 2720 od.

950 2737 1004 2769 vii.
1023 2739 1082 2768 16:
1111 2738 1223 2769 Pulvis
1235 2745 1263 2769 et
1279 2740 1387 2769 umbra.
1402 2749 1515 2770 snmus,
1558 2739 1626 2770 Ne—

952 2787 1051 2830 apolis
1073 2788 1179 2819 verbis
1198 2787 1369 2819 Sclioliast.
1391 2788 1549 2830 Lycophr.
1568 2788 1626 2820 do-
