1830 3220
600 174 671 217 IN
707 174 922 217 OVIDII
960 175 1214 218 FASTOS.
1531 178 1619 220 363

183 290 587 332 commentariorum
629 298 828 334 auctores
869 300 1177 335 recensentur:
1219 294 1355 336 Nisus
1391 294 1609 345 (Macrob.

182 361 307 412 ibid.)
348 360 507 402 Bebius
539 362 706 411 ΙΙΙασεν,
748 363 958 406 camelius
997 364 1153 412 Labeo,
1195 363 1412 418 (Macrob.
1451 364 1477 405 i.
1520 363 1613 413 16.)

182 430 377 471 Rutilius
401 430 619 480 Geminam
648 432 789 481 Titus,
816 433 1007 488 Anysius
1037 439 1082 475 et
1106 433 1361 488 Elpidianus
1387 437 1462 487 περὶ
1488 440 1611 485 μηνῶν,

181 503 257 554 περὶ
283 505 404 553 ἑορτῶν
430 502 544 556 apud
572 501 759 557 Lydum,
784 502 928 543 Julius
959 503 1206 549 Modestus,
1236 502 1406 558 Hygini
1431 502 1611 543 libertus

181 568 328 623 (Suet.
352 571 406 613 de
429 579 652 627 grammat.
675 571 769 621 20.)
791 572 845 613 de
868 572 1001 621 feriis,
1023 572 1203 614 Fulvius
1229 572 1430 621 Flaccus,
1452 571 1612 613 Junius

186 637 412 682 Gracchus
446 641 620 697 aliique.
686 641 827 683 Nobis
865 657 1013 684 omnes
1051 648 1157 684 aetas
1194 643 1349 684 invidit
1379 653 1425 684 et
1452 648 1613 697 praeter

189 708 338 751 Ovidii
361 711 718 753 commentarium
744 712 963 766 poeticum
988 718 1033 754 et
1057 712 1277 754 breviores
1302 712 1446 754 Verrii
1474 718 1610 759 notas,

188 780 357 822 nonnisi
384 781 495 837 Lydi
521 787 566 822 et
596 781 807 823 Macrobii
839 782 1049 837 Festique
1077 790 1287 838 excerpta
1312 782 1508 824 notitiam
1537 781 1612 823 ali-

188 864 317 904 quam
340 851 549 905 praebent.
585 851 698 904 Quae
720 852 879 907 passim
899 867 955 894 ex
981 853 1042 893 his
1066 853 1345 908 scriptoribus
1368 853 1612 900 laudantur,

184 920 435 970 ostendunt,
473 935 546 962 eos
581 922 621 962 iu
656 922 854 963 omnibus
890 922 954 972 iis,
992 937 1090 978 quae
1125 937 1255 978 supra
1286 924 1341 964 ad
1374 923 1450 965 hos
1483 923 1612 964 libros

185 988 424 1040 retulimus,
459 991 709 1033 enarrandis
747 997 793 1033 et
830 991 1157 1047 investigandis,
1194 993 1291 1048 plus
1324 993 1536 1041 minusve,
1570 998 1616 1034 et

185 1067 233 1102 ut
264 1061 358 1117 quis
390 1061 596 1111 historiae,
625 1062 896 1118 antiquitatis
929 1069 974 1104 et
1006 1063 1294 1118 chronologiae
1326 1063 1612 1119 peritissimus

184 1137 291 1181 erat,
323 1139 513 1174 versatos
547 1148 657 1176 esse.
723 1133 858 1176 Haud
892 1135 1070 1189 quidem
1104 1135 1205 1176 data
1234 1149 1367 1189 opera
1396 1135 1448 1175 ad
1478 1135 1613 1176 fastos

182 1202 481 1257 explicandos,
504 1204 580 1245 scd
607 1203 809 1245 universe
837 1204 891 1245 ad
920 1205 1223 1259 antiquitatem
1250 1203 1491 1245 Romanam
1518 1203 1613 1245 illu-

186 1274 404 1315 strandam
428 1273 558 1315 etiam
589 1274 731 1318 Varro
756 1275 795 1316 iu
824 1274 896 1316 lib.
921 1275 1121 1330 antiquit.
1148 1275 1403 1323 divinarum,
1437 1274 1615 1318 Verrius

186 1342 347 1398 aliique
371 1344 527 1398 passim
549 1344 605 1385 de
628 1343 706 1385 hoc
730 1359 892 1400 genere
914 1344 955 1385 in
980 1345 1168 1400 antiquis
1187 1344 1319 1393 feriis,
1339 1344 1614 1391 ceremoniis,

184 1413 337 1455 ritibus
369 1413 631 1456 illustrandis
667 1420 711 1455 et
744 1429 801 1456 ex
834 1414 1012 1456 historia
1044 1415 1314 1456 deducendis
1350 1419 1613 1462 meruerant,

184 1497 349 1539 eosque
372 1484 609 1540 saepissime
628 1484 869 1540 Dionysius
889 1491 934 1526 et
953 1484 1213 1526 Plutarchus
1230 1485 1388 1540 passim
1411 1484 1520 1525 hanc
1544 1498 1616 1525 an-

185 1553 430 1609 tiquitatem
453 1554 717 1596 illustrantes
741 1554 994 1610 respiciunt.
1050 1554 1195 1596 Etiam
1220 1555 1263 1596 in
1288 1554 1615 1607 Quaestionibus

188 1622 414 1673 Romanis,
432 1639 530 1679 quae
549 1624 592 1666 id
611 1639 749 1680 genus
767 1625 904 1666 multa
922 1624 1145 1673 exhibent,
1163 1624 1424 1666 Plutarchus
1439 1625 1616 1666 easdem

186 1708 360 1748 prorsus
390 1708 489 1734 cum
516 1694 677 1735 Ovidio
705 1693 932 1749 proferens
960 1694 1214 1743 sententias,
1246 1695 1425 1735 eosdem
1455 1694 1614 1743 fontes,

184 1762 298 1804 forte
328 1769 374 1804 et
399 1763 609 1804 fastorum
641 1763 972 1804 commentarios
1003 1763 1055 1804 ob
1087 1764 1234 1805 oculos
1267 1763 1467 1805 habuisse
1495 1764 1615 1805 vide-

186 1839 269 1875 tur.
333 1834 498 1875 Butam
532 1839 678 1874 autem
712 1832 846 1874 fuisse
879 1838 1068 1888 poetam,
1102 1833 1174 1888 qui
1205 1848 1275 1875 res
1309 1833 1531 1875 Romanas
1562 1833 1615 1874 ad

185 1916 337 1944 causas
376 1917 473 1943 suas
511 1902 729 1944 fabulosas
766 1903 999 1944 referendo
1036 1903 1249 1944 incertum
1283 1918 1368 1958 quo
1402 1909 1614 1958 tempore,

185 1972 375 2014 carmine
404 1972 513 2014 hanc
543 1972 754 2015 Romanae
783 1972 1054 2028 antiquitatis
1084 1979 1250 2028 partem
1278 1972 1494 2014 illustrare
1524 1987 1615 2014 sus-

186 2048 378 2098 ceperat,
398 2043 602 2084 discimus
624 2058 682 2085 ex
700 2042 818 2084 Plut.
837 2043 881 2084 in
903 2043 1111 2093 Romulo,
1133 2058 1229 2099 cap.
1252 2043 1334 2092 21;
1367 2043 1422 2084 cf.
1447 2041 1614 2085 Arnob.

185 2113 258 2156 lib.
284 2115 327 2156 5.
352 2113 445 2155 init.
471 2120 516 2155 et
535 2114 744 2169 praeclare
773 2113 852 2154 hoc
875 2128 1049 2155 carmen
1072 2114 1250 2155 carmini
1274 2113 1491 2156 Ovidiano
1515 2128 1615 2169 cog-

186 2191 337 2227 natum
357 2183 574 2241 judicavit
596 2183 734 2225 Lenz.
758 2184 784 2225 l.
811 2198 848 2224 c.
871 2198 914 2238 p.
936 2185 978 2224 5.
1048 2184 1306 2226 Plutarchus
1336 2185 1422 2225 duo
1448 2181 1618 2225 versus¹

187 2256 243 2297 de
277 2254 546 2310 Lupercaliis
576 2268 633 2295 eX
664 2268 716 2294 ΘΟ
746 2253 941 2302 laudans,
964 2257 1083 2299 αἰτίας
1107 2258 1268 2304 μυθώδεις
1295 2259 1328 2293 ἐν
1355 2256 1517 2304 ἐλεγείοις
1544 2256 1618 2304 περὶ

186 2332 253 2364 τῶν
268 2330 468 2376 Ῥωμαϊκῶν
489 2323 711 2378 scripsisse
739 2322 932 2371 tradidit,
957 2328 1001 2363 et
1022 2321 1190 2362 Arnob.
1214 2336 1271 2362 ex
1298 2319 1393 2375 ejus
1420 2319 1617 2361 Causalz'-

187 2390 277 2441 bus,
300 2397 348 2433 ut
377 2393 700 2449 inscriptionem
734 2393 830 2434 libri
856 2393 1014 2434 Latine
1042 2392 1185 2440 vertit,
1211 2391 1366 2432 Fatuae
1398 2389 1616 2431 historiam

230 2518 237 2540 ¹
261 2520 451 2552 Tradiderat
477 2521 521 2553 ibi
548 2523 660 2559 Butas,
683 2533 809 2553 cursum
835 2522 866 2554 in
935 2522 1067 2564 μίμημα
1092 2523 1150 2552 τοῦ
1175 2520 1245 2552 τότε
1271 2518 1391 2561 δρόμου
1416 2519 1480 2557 τὴν
1500 2517 1618 2559 ἑορτὴν

188 2571 386 2614 Lupercaliis
432 2571 605 2604 solemnem
656 2573 865 2616 repetendum
935 2574 1064 2616 ᾰγεθτιι,
1080 2572 1134 2604 καὶ
1152 2571 1283 2614 τρέχειν
1299 2571 1376 2608 τοὺς
1396 2569 1466 2601 ἀπὸ
1484 2568 1615 2611 γένους,

188 2632 257 2653 esse
276 2632 294 2653 a
315 2622 445 2664 gaudi0‚
464 2634 527 2665 quo
549 2624 720 2660 Romulus,
736 2623 867 2655 Amulio
937 2626 1033 2662 rore:
1070 2622 1266 2664 Ἐμποέιούς
1293 2622 1487 2658 τύπτοντας
1525 2620 1618 2657 ὅπως

187 2673 285 2711 victo,
305 2684 399 2704 cursu
424 2673 585 2705 festinavit
605 2674 637 2705 in
656 2685 728 2705 eum
750 2675 866 2711 locum,
939 2676 1010 2706 τότε
1047 2673 1188 2717 φάσγαν’
1228 2675 1364 2715 ἔχοντες
1401 2672 1455 2706 ἘΞ
1484 2670 1619 2711 ’Ἄλβης

189 2723 244 2755 ubi
260 2724 338 2767 lupa
353 2725 430 2756 uber
447 2726 474 2756 ei
491 2726 691 2768 praebuerat:
719 2732 748 2757 et
768 2726 865 2768 pergit
939 2727 1029 2758 ἔθεον
1043 2725 1212 2765 Ῥωμύλος
1234 2723 1425 2764 ἡέὲῬέμος.

191 2775 222 2806 in
248 2775 316 2807 loco
340 2787 435 2818 supra
460 2782 557 2808 vitato
580 2776 789 2808 Plutarchus:
816 2778 867 2807 καὶ
