<?xml version="1.0" encoding="UTF-8"?>
<!DOCTYPE html PUBLIC "-//W3C//DTD XHTML 1.0 Transitional//EN"
    "http://www.w3.org/TR/xhtml1/DTD/xhtml1-transitional.dtd">
<html xmlns="http://www.w3.org/1999/xhtml" xml:lang="en" lang="en">
 <head>
  <title>
</title>
<meta http-equiv="Content-Type" content="text/html;charset=utf-8" />
  <meta name='ocr-system' content='tesseract 3.04.00' />
  <meta name='ocr-capabilities' content='ocr_page ocr_carea ocr_par ocr_line ocrx_word'/>
</head>
<body>
  <div class='ocr_page' id='page_1' title='image "./povidiinasonisop05oviduoft_0559.png"; bbox 0 0 1830 3220; ppageno 0'>
   <div class='ocr_carea' id='block_1_1' title="bbox 550 303 1504 349">
    <p class='ocr_par' dir='ltr' id='par_1_1' title="bbox 550 303 1504 349">
     <span class='ocr_line' id='line_1_1' title="bbox 550 303 1504 349; baseline 0.005 -5"><span class='ocrx_word' id='word_1_1' title='bbox 550 303 622 345; x_wconf 88' lang='lat' dir='ltr'>IN</span> <span class='ocrx_word' id='word_1_2' title='bbox 657 303 874 346; x_wconf 91' lang='lat' dir='ltr'>OVIDII</span> <span class='ocrx_word' id='word_1_3' title='bbox 907 305 1063 348; x_wconf 91' lang='lat' dir='ltr'>IBIN.</span> <span class='ocrx_word' id='word_1_4' title='bbox 1425 309 1504 349; x_wconf 78' lang='lat'>531</span> 
     </span>
    </p>
   </div>
   <div class='ocr_carea' id='block_1_2' title="bbox 93 418 1511 541">
    <p class='ocr_par' dir='ltr' id='par_1_2' title="bbox 93 418 1511 541">
     <span class='ocr_line' id='line_1_2' title="bbox 93 418 1511 477; baseline 0.006 -20"><span class='ocrx_word' id='word_1_5' title='bbox 93 418 294 459; x_wconf 87' lang='lat' dir='ltr'>eumdem</span> <span class='ocrx_word' id='word_1_6' title='bbox 324 418 376 460; x_wconf 88' lang='lat' dir='ltr'>ab</span> <span class='ocrx_word' id='word_1_7' title='bbox 401 418 557 461; x_wconf 92' lang='lat' dir='ltr'>Ovidio</span> <span class='ocrx_word' id='word_1_8' title='bbox 584 420 734 470; x_wconf 88' lang='lat' dir='ltr'>notari,</span> <span class='ocrx_word' id='word_1_9' title='bbox 758 422 799 462; x_wconf 89' lang='lat' dir='ltr'>in</span> <span class='ocrx_word' id='word_1_10' title='bbox 831 436 959 476; x_wconf 89' lang='lat' dir='ltr'>quem</span> <span class='ocrx_word' id='word_1_11' title='bbox 993 423 1086 477; x_wconf 90' lang='lat' dir='ltr'>ipse</span> <span class='ocrx_word' id='word_1_12' title='bbox 1123 436 1233 464; x_wconf 88' lang='lat' dir='ltr'>nunc</span> <span class='ocrx_word' id='word_1_13' title='bbox 1269 423 1511 473; x_wconf 76' lang='lat' dir='ltr'>invehitur3</span> 
     </span>
     <span class='ocr_line' id='line_1_3' title="bbox 95 488 437 541; baseline 0.012 -16"><span class='ocrx_word' id='word_1_14' title='bbox 95 499 192 527; x_wconf 83' lang='lat' dir='ltr'>nam</span> <span class='ocrx_word' id='word_1_15' title='bbox 216 488 329 541; x_wconf 91' lang='lat' dir='ltr'>quod</span> <span class='ocrx_word' id='word_1_16' title='bbox 353 488 437 529; x_wconf 89' lang='lat' dir='ltr'>ait:</span> 
     </span>
    </p>
   </div>
   <div class='ocr_carea' id='block_1_3' title="bbox 254 594 1130 709">
    <p class='ocr_par' dir='ltr' id='par_1_3' title="bbox 254 594 1130 709">
     <span class='ocr_line' id='line_1_4' title="bbox 305 594 969 646; baseline 0.008 -17"><span class='ocrx_word' id='word_1_17' title='bbox 305 621 313 629; x_wconf 90' lang='lat'><strong>.</strong></span> <span class='ocrx_word' id='word_1_18' title='bbox 344 622 352 630; x_wconf 91' lang='lat'><strong>.</strong></span> <span class='ocrx_word' id='word_1_19' title='bbox 384 623 392 630; x_wconf 88' lang='lat'><strong>.</strong></span> <span class='ocrx_word' id='word_1_20' title='bbox 424 623 432 630; x_wconf 94' lang='lat'>.</span> <span class='ocrx_word' id='word_1_21' title='bbox 463 594 542 633; x_wconf 85' lang='lat' dir='ltr'>Sed</span> <span class='ocrx_word' id='word_1_22' title='bbox 560 602 600 633; x_wconf 82' lang='lat' dir='ltr'>et</span> <span class='ocrx_word' id='word_1_23' title='bbox 620 595 807 634; x_wconf 88' lang='lat' dir='ltr'>insultare</span> <span class='ocrx_word' id='word_1_24' title='bbox 822 596 969 646; x_wconf 90' lang='lat' dir='ltr'>jacenti</span> 
     </span>
     <span class='ocr_line' id='line_1_5' title="bbox 254 656 1130 709; baseline 0.003 -15"><span class='ocrx_word' id='word_1_25' title='bbox 254 656 311 695; x_wconf 90' lang='lat' dir='ltr'>Te</span> <span class='ocrx_word' id='word_1_26' title='bbox 330 657 439 703; x_wconf 87' lang='lat' dir='ltr'>mihi,</span> <span class='ocrx_word' id='word_1_27' title='bbox 459 671 530 697; x_wconf 89' lang='lat' dir='ltr'>nec</span> <span class='ocrx_word' id='word_1_28' title='bbox 549 659 674 697; x_wconf 84' lang='lat' dir='ltr'>verbis</span> <span class='ocrx_word' id='word_1_29' title='bbox 694 672 849 709; x_wconf 84' lang='lat' dir='ltr'>parcere</span> <span class='ocrx_word' id='word_1_30' title='bbox 867 659 969 697; x_wconf 85' lang='lat' dir='ltr'>fama</span> <span class='ocrx_word' id='word_1_31' title='bbox 987 660 1106 698; x_wconf 87' lang='lat' dir='ltr'><strong>refert</strong></span> <span class='ocrx_word' id='word_1_32' title='bbox 1120 675 1130 704; x_wconf 79' lang='lat'><em>3</em></span> 
     </span>
    </p>
   </div>
   <div class='ocr_carea' id='block_1_4' title="bbox 95 758 961 813">
    <p class='ocr_par' dir='ltr' id='par_1_4' title="bbox 95 758 961 813">
     <span class='ocr_line' id='line_1_6' title="bbox 95 758 961 813; baseline 0.001 -14"><span class='ocrx_word' id='word_1_33' title='bbox 95 763 293 813; x_wconf 86' lang='lat' dir='ltr'>repetere</span> <span class='ocrx_word' id='word_1_34' title='bbox 315 758 486 800; x_wconf 87' lang='lat' dir='ltr'>videtur</span> <span class='ocrx_word' id='word_1_35' title='bbox 506 759 549 800; x_wconf 90' lang='lat' dir='ltr'>in</span> <span class='ocrx_word' id='word_1_36' title='bbox 574 759 685 809; x_wconf 88' lang='lat' dir='ltr'>Ibin,</span> <span class='ocrx_word' id='word_1_37' title='bbox 710 759 789 801; x_wconf 91' lang='lat' dir='ltr'>hoc</span> <span class='ocrx_word' id='word_1_38' title='bbox 810 761 961 802; x_wconf 87' lang='lat' dir='ltr'>modo:</span> 
     </span>
    </p>
   </div>
   <div class='ocr_carea' id='block_1_5' title="bbox 256 865 1258 977">
    <p class='ocr_par' dir='ltr' id='par_1_5' title="bbox 256 865 1258 977">
     <span class='ocr_line' id='line_1_7' title="bbox 256 865 1258 919; baseline 0.004 -16"><span class='ocrx_word' id='word_1_39' title='bbox 256 865 509 918; x_wconf 85' lang='lat' dir='ltr'>Vulneraque</span> <span class='ocrx_word' id='word_1_40' title='bbox 528 867 689 905; x_wconf 87' lang='lat' dir='ltr'>immitis</span> <span class='ocrx_word' id='word_1_41' title='bbox 707 867 879 918; x_wconf 86' lang='lat' dir='ltr'>requiem</span> <span class='ocrx_word' id='word_1_42' title='bbox 897 869 1109 919; x_wconf 82' lang='lat' dir='ltr'>quaerentia</span> <span class='ocrx_word' id='word_1_43' title='bbox 1129 876 1258 913; x_wconf 78' lang='lat' dir='ltr'>vexat,</span> 
     </span>
     <span class='ocr_line' id='line_1_8' title="bbox 307 929 1069 977; baseline 0.003 -10"><span class='ocrx_word' id='word_1_44' title='bbox 307 929 333 966; x_wconf 85' lang='lat' dir='ltr'><em>J</em></span> <span class='ocrx_word' id='word_1_45' title='bbox 336 936 436 968; x_wconf 83' lang='lat' dir='ltr'>aetat</span> <span class='ocrx_word' id='word_1_46' title='bbox 457 937 496 968; x_wconf 90' lang='lat' dir='ltr'>et</span> <span class='ocrx_word' id='word_1_47' title='bbox 515 930 555 967; x_wconf 89' lang='lat' dir='ltr'>in</span> <span class='ocrx_word' id='word_1_48' title='bbox 576 938 657 968; x_wconf 88' lang='lat' dir='ltr'>toto</span> <span class='ocrx_word' id='word_1_49' title='bbox 676 931 792 969; x_wconf 86' lang='lat' dir='ltr'>verba</span> <span class='ocrx_word' id='word_1_50' title='bbox 812 931 946 969; x_wconf 80' lang='lat' dir='ltr'>canina</span> <span class='ocrx_word' id='word_1_51' title='bbox 966 932 1069 977; x_wconf 81' lang='lat' dir='ltr'>f0r03</span> 
     </span>
    </p>
   </div>
   <div class='ocr_carea' id='block_1_6' title="bbox 98 1031 437 1086">
    <p class='ocr_par' dir='ltr' id='par_1_6' title="bbox 98 1031 437 1086">
     <span class='ocr_line' id='line_1_9' title="bbox 98 1031 437 1086; baseline 0 -14"><span class='ocrx_word' id='word_1_52' title='bbox 98 1037 144 1073; x_wconf 89' lang='lat' dir='ltr'>et</span> <span class='ocrx_word' id='word_1_53' title='bbox 164 1031 291 1086; x_wconf 88' lang='lat' dir='ltr'>paulo</span> <span class='ocrx_word' id='word_1_54' title='bbox 313 1039 437 1086; x_wconf 90' lang='lat' dir='ltr'>post:</span> 
     </span>
    </p>
   </div>
   <div class='ocr_carea' id='block_1_7' title="bbox 255 1132 1217 1242">
    <p class='ocr_par' dir='ltr' id='par_1_7' title="bbox 255 1132 1217 1242">
     <span class='ocr_line' id='line_1_10' title="bbox 255 1132 1200 1185; baseline 0.005 -16"><span class='ocrx_word' id='word_1_55' title='bbox 255 1132 313 1170; x_wconf 86' lang='lat' dir='ltr'>At</span> <span class='ocrx_word' id='word_1_56' title='bbox 331 1133 417 1178; x_wconf 82' lang='lat' dir='ltr'>tibi,</span> <span class='ocrx_word' id='word_1_57' title='bbox 439 1132 592 1171; x_wconf 83' lang='lat' dir='ltr'>calcasti</span> <span class='ocrx_word' id='word_1_58' title='bbox 611 1134 678 1184; x_wconf 86' lang='lat' dir='ltr'>qui</span> <span class='ocrx_word' id='word_1_59' title='bbox 698 1148 772 1179; x_wconf 72' lang='lat' dir='ltr'>me,</span> <span class='ocrx_word' id='word_1_60' title='bbox 793 1134 975 1180; x_wconf 85' lang='lat' dir='ltr'>violente,</span> <span class='ocrx_word' id='word_1_61' title='bbox 992 1135 1200 1185; x_wconf 83' lang='lat' dir='ltr'>jacentem,</span> 
     </span>
     <span class='ocr_line' id='line_1_11' title="bbox 310 1195 1217 1242; baseline 0.003 -9"><span class='ocrx_word' id='word_1_62' title='bbox 310 1195 400 1242; x_wconf 84' lang='lat' dir='ltr'>Qua</span> <span class='ocrx_word' id='word_1_63' title='bbox 419 1195 522 1240; x_wconf 90' lang='lat' dir='ltr'>licet,</span> <span class='ocrx_word' id='word_1_64' title='bbox 542 1196 618 1235; x_wconf 89' lang='lat' dir='ltr'>heu</span> <span class='ocrx_word' id='word_1_65' title='bbox 636 1198 644 1233; x_wconf 73' lang='grc' dir='ltr'><em>Ξ</em></span> <span class='ocrx_word' id='word_1_66' title='bbox 674 1197 812 1236; x_wconf 88' lang='lat' dir='ltr'>misero</span> <span class='ocrx_word' id='word_1_67' title='bbox 831 1197 986 1237; x_wconf 90' lang='lat' dir='ltr'>debitus</span> <span class='ocrx_word' id='word_1_68' title='bbox 1005 1199 1124 1237; x_wconf 84' lang='lat' dir='ltr'>hostis</span> <span class='ocrx_word' id='word_1_69' title='bbox 1144 1213 1217 1237; x_wconf 90' lang='lat' dir='ltr'>ero.</span> 
     </span>
    </p>
   </div>
   <div class='ocr_carea' id='block_1_8' title="bbox 101 1301 1518 1426">
    <p class='ocr_par' dir='ltr' id='par_1_8' title="bbox 101 1301 1518 1426">
     <span class='ocr_line' id='line_1_12' title="bbox 102 1301 1518 1361; baseline 0.004 -19"><span class='ocrx_word' id='word_1_70' title='bbox 102 1301 231 1343; x_wconf 87' lang='lat' dir='ltr'>Hanc</span> <span class='ocrx_word' id='word_1_71' title='bbox 260 1309 406 1343; x_wconf 86' lang='lat' dir='ltr'>autem</span> <span class='ocrx_word' id='word_1_72' title='bbox 428 1303 611 1358; x_wconf 83' lang='lat' dir='ltr'>elegiam</span> <span class='ocrx_word' id='word_1_73' title='bbox 633 1304 675 1344; x_wconf 91' lang='lat' dir='ltr'>in</span> <span class='ocrx_word' id='word_1_74' title='bbox 699 1303 925 1359; x_wconf 86' lang='lat' dir='ltr'>Hyginum</span> <span class='ocrx_word' id='word_1_75' title='bbox 947 1306 1231 1361; x_wconf 85' lang='lat' dir='ltr'>conscriptam</span> <span class='ocrx_word' id='word_1_76' title='bbox 1254 1321 1350 1348; x_wconf 83' lang='lat' dir='ltr'>esse</span> <span class='ocrx_word' id='word_1_77' title='bbox 1374 1307 1518 1348; x_wconf 83' lang='lat' dir='ltr'>verisi-</span> 
     </span>
     <span class='ocr_line' id='line_1_13' title="bbox 101 1370 779 1426; baseline 0.001 -15"><span class='ocrx_word' id='word_1_78' title='bbox 101 1370 199 1411; x_wconf 85' lang='lat' dir='ltr'>mile</span> <span class='ocrx_word' id='word_1_79' title='bbox 221 1377 301 1419; x_wconf 85' lang='lat' dir='ltr'>est,</span> <span class='ocrx_word' id='word_1_80' title='bbox 326 1386 457 1425; x_wconf 90' lang='lat' dir='ltr'>quum</span> <span class='ocrx_word' id='word_1_81' title='bbox 480 1372 595 1413; x_wconf 92' lang='lat' dir='ltr'>enim</span> <span class='ocrx_word' id='word_1_82' title='bbox 616 1372 779 1426; x_wconf 88' lang='lat' dir='ltr'>inquit:</span> 
     </span>
    </p>
   </div>
   <div class='ocr_carea' id='block_1_9' title="bbox 259 1471 1300 1586">
    <p class='ocr_par' dir='ltr' id='par_1_9' title="bbox 259 1471 1300 1586">
     <span class='ocr_line' id='line_1_14' title="bbox 259 1471 1300 1523; baseline 0.004 -14"><span class='ocrx_word' id='word_1_83' title='bbox 259 1471 335 1510; x_wconf 91' lang='lat' dir='ltr'>Ille</span> <span class='ocrx_word' id='word_1_84' title='bbox 354 1485 424 1522; x_wconf 89' lang='lat' dir='ltr'>ego</span> <span class='ocrx_word' id='word_1_85' title='bbox 443 1486 542 1517; x_wconf 90' lang='lat' dir='ltr'>sum,</span> <span class='ocrx_word' id='word_1_86' title='bbox 563 1486 783 1523; x_wconf 84' lang='lat' dir='ltr'>quanquam</span> <span class='ocrx_word' id='word_1_87' title='bbox 803 1486 879 1510; x_wconf 88' lang='lat' dir='ltr'>non</span> <span class='ocrx_word' id='word_1_88' title='bbox 900 1473 958 1511; x_wconf 90' lang='lat' dir='ltr'>vis</span> <span class='ocrx_word' id='word_1_89' title='bbox 977 1473 1123 1519; x_wconf 87' lang='lat' dir='ltr'>audire,</span> <span class='ocrx_word' id='word_1_90' title='bbox 1145 1481 1300 1513; x_wconf 87' lang='lat' dir='ltr'>vetusta</span> 
     </span>
     <span class='ocr_line' id='line_1_15' title="bbox 314 1534 1059 1586; baseline 0.003 -15"><span class='ocrx_word' id='word_1_91' title='bbox 314 1534 432 1573; x_wconf 90' lang='lat' dir='ltr'>Paene</span> <span class='ocrx_word' id='word_1_92' title='bbox 450 1549 547 1586; x_wconf 87' lang='lat' dir='ltr'>puer</span> <span class='ocrx_word' id='word_1_93' title='bbox 566 1549 685 1586; x_wconf 85' lang='lat' dir='ltr'>puero</span> <span class='ocrx_word' id='word_1_94' title='bbox 699 1535 860 1585; x_wconf 88' lang='lat' dir='ltr'>junctus</span> <span class='ocrx_word' id='word_1_95' title='bbox 879 1536 1059 1575; x_wconf 84' lang='lat' dir='ltr'>amicitia.</span> 
     </span>
    </p>
   </div>
   <div class='ocr_carea' id='block_1_10' title="bbox 103 1652 1526 1832">
    <p class='ocr_par' dir='ltr' id='par_1_10' title="bbox 103 1652 1526 1832">
     <span class='ocr_line' id='line_1_16' title="bbox 108 1652 1526 1711; baseline 0.004 -18"><span class='ocrx_word' id='word_1_96' title='bbox 108 1652 233 1694; x_wconf 84' lang='lat' dir='ltr'>Dixit</span> <span class='ocrx_word' id='word_1_97' title='bbox 262 1666 402 1708; x_wconf 77' lang='lat' dir='ltr'>paene,</span> <span class='ocrx_word' id='word_1_98' title='bbox 442 1653 557 1708; x_wconf 86' lang='lat' dir='ltr'>quia,</span> <span class='ocrx_word' id='word_1_99' title='bbox 598 1658 708 1694; x_wconf 80' lang='lat' dir='ltr'>teste</span> <span class='ocrx_word' id='word_1_100' title='bbox 748 1652 972 1703; x_wconf 86' lang='lat' dir='ltr'>Suetonio,</span> <span class='ocrx_word' id='word_1_101' title='bbox 1013 1653 1217 1711; x_wconf 86' lang='lat' dir='ltr'>Hyginus</span> <span class='ocrx_word' id='word_1_102' title='bbox 1255 1655 1526 1699; x_wconf 84' lang='lat' dir='ltr'>Alexandria</span> 
     </span>
     <span class='ocr_line' id='line_1_17' title="bbox 103 1721 1525 1776; baseline 0.004 -14"><span class='ocrx_word' id='word_1_103' title='bbox 103 1735 213 1776; x_wconf 88' lang='lat' dir='ltr'>puer</span> <span class='ocrx_word' id='word_1_104' title='bbox 240 1722 448 1763; x_wconf 85' lang='lat' dir='ltr'>advectus</span> <span class='ocrx_word' id='word_1_105' title='bbox 477 1729 584 1769; x_wconf 86' lang='lat' dir='ltr'>erat,</span> <span class='ocrx_word' id='word_1_106' title='bbox 609 1728 653 1762; x_wconf 86' lang='lat' dir='ltr'>et</span> <span class='ocrx_word' id='word_1_107' title='bbox 680 1721 839 1764; x_wconf 91' lang='lat' dir='ltr'>Ovidio</span> <span class='ocrx_word' id='word_1_108' title='bbox 869 1723 1222 1765; x_wconf 86' lang='lat' dir='ltr'>familiarissimus</span> <span class='ocrx_word' id='word_1_109' title='bbox 1250 1724 1346 1767; x_wconf 87' lang='lat' dir='ltr'>fuit.</span> <span class='ocrx_word' id='word_1_110' title='bbox 1412 1725 1525 1767; x_wconf 80' lang='lat' dir='ltr'>Rur-</span> 
     </span>
     <span class='ocr_line' id='line_1_18' title="bbox 104 1791 380 1832; baseline -0.004 0"><span class='ocrx_word' id='word_1_111' title='bbox 104 1805 178 1832; x_wconf 92' lang='lat' dir='ltr'>sus</span> <span class='ocrx_word' id='word_1_112' title='bbox 201 1791 275 1832; x_wconf 92' lang='lat' dir='ltr'>ubi</span> <span class='ocrx_word' id='word_1_113' title='bbox 295 1792 380 1832; x_wconf 86' lang='lat' dir='ltr'>sic:</span> 
     </span>
    </p>
   </div>
   <div class='ocr_carea' id='block_1_11' title="bbox 266 1893 984 1945">
    <p class='ocr_par' dir='ltr' id='par_1_11' title="bbox 266 1893 984 1945">
     <span class='ocr_line' id='line_1_19' title="bbox 266 1893 984 1945; baseline 0 -13"><span class='ocrx_word' id='word_1_114' title='bbox 266 1893 342 1933; x_wconf 93' lang='lat' dir='ltr'>Ille</span> <span class='ocrx_word' id='word_1_115' title='bbox 360 1907 432 1945; x_wconf 88' lang='lat' dir='ltr'>ego</span> <span class='ocrx_word' id='word_1_116' title='bbox 445 1893 603 1945; x_wconf 89' lang='lat' dir='ltr'>judiciis</span> <span class='ocrx_word' id='word_1_117' title='bbox 622 1894 736 1932; x_wconf 81' lang='lat' dir='ltr'>unica</span> <span class='ocrx_word' id='word_1_118' title='bbox 756 1894 873 1932; x_wconf 86' lang='lat' dir='ltr'>Musa</span> <span class='ocrx_word' id='word_1_119' title='bbox 892 1894 984 1932; x_wconf 84' lang='lat' dir='ltr'>tuis.</span> 
     </span>
    </p>
   </div>
   <div class='ocr_carea' id='block_1_12' title="bbox 105 2003 1537 2885">
    <p class='ocr_par' dir='ltr' id='par_1_12' title="bbox 105 2003 1537 2885">
     <span class='ocr_line' id='line_1_20' title="bbox 108 2003 1526 2060; baseline 0.002 -15"><span class='ocrx_word' id='word_1_120' title='bbox 108 2003 237 2045; x_wconf 90' lang='lat' dir='ltr'>Illum</span> <span class='ocrx_word' id='word_1_121' title='bbox 266 2004 459 2060; x_wconf 87' lang='lat' dir='ltr'>apprime</span> <span class='ocrx_word' id='word_1_122' title='bbox 481 2004 714 2053; x_wconf 86' lang='lat' dir='ltr'>literatum,</span> <span class='ocrx_word' id='word_1_123' title='bbox 738 2010 868 2058; x_wconf 91' lang='lat' dir='ltr'>atque</span> <span class='ocrx_word' id='word_1_124' title='bbox 890 2004 1019 2046; x_wconf 86' lang='lat' dir='ltr'>etiam</span> <span class='ocrx_word' id='word_1_125' title='bbox 1040 2004 1234 2046; x_wconf 88' lang='lat' dir='ltr'>criticum</span> <span class='ocrx_word' id='word_1_126' title='bbox 1255 2020 1351 2047; x_wconf 91' lang='lat' dir='ltr'>esse</span> <span class='ocrx_word' id='word_1_127' title='bbox 1372 2005 1526 2055; x_wconf 83' lang='lat' dir='ltr'>innuit,</span> 
     </span>
     <span class='ocr_line' id='line_1_21' title="bbox 109 2072 1528 2129; baseline 0.001 -15"><span class='ocrx_word' id='word_1_128' title='bbox 109 2072 280 2128; x_wconf 88' lang='lat' dir='ltr'>qualem</span> <span class='ocrx_word' id='word_1_129' title='bbox 310 2073 445 2114; x_wconf 87' lang='lat' dir='ltr'>fuisse</span> <span class='ocrx_word' id='word_1_130' title='bbox 475 2078 644 2115; x_wconf 85' lang='lat' dir='ltr'>constat</span> <span class='ocrx_word' id='word_1_131' title='bbox 665 2072 905 2128; x_wconf 86' lang='lat' dir='ltr'>Hyginum,</span> <span class='ocrx_word' id='word_1_132' title='bbox 929 2072 1051 2128; x_wconf 88' lang='lat' dir='ltr'>cujus</span> <span class='ocrx_word' id='word_1_133' title='bbox 1079 2073 1121 2113; x_wconf 89' lang='lat' dir='ltr'>in</span> <span class='ocrx_word' id='word_1_134' title='bbox 1143 2072 1376 2129; x_wconf 87' lang='lat' dir='ltr'>Virgilium</span> <span class='ocrx_word' id='word_1_135' title='bbox 1399 2073 1528 2116; x_wconf 89' lang='lat' dir='ltr'>Com-</span> 
     </span>
     <span class='ocr_line' id='line_1_22' title="bbox 106 2140 1530 2197; baseline 0.001 -14"><span class='ocrx_word' id='word_1_136' title='bbox 106 2142 317 2183; x_wconf 84' lang='lat' dir='ltr'>mentaria</span> <span class='ocrx_word' id='word_1_137' title='bbox 336 2142 566 2183; x_wconf 86' lang='lat' dir='ltr'>laudantur</span> <span class='ocrx_word' id='word_1_138' title='bbox 587 2142 639 2182; x_wconf 89' lang='lat' dir='ltr'>ab</span> <span class='ocrx_word' id='word_1_139' title='bbox 660 2141 717 2182; x_wconf 88' lang='lat' dir='ltr'>A.</span> <span class='ocrx_word' id='word_1_140' title='bbox 742 2140 900 2182; x_wconf 83' lang='lat' dir='ltr'>Gellio.</span> <span class='ocrx_word' id='word_1_141' title='bbox 962 2141 1063 2183; x_wconf 85' lang='lat' dir='ltr'>Jam</span> <span class='ocrx_word' id='word_1_142' title='bbox 1084 2156 1187 2183; x_wconf 88' lang='lat' dir='ltr'>vero</span> <span class='ocrx_word' id='word_1_143' title='bbox 1215 2157 1348 2197; x_wconf 90' lang='lat' dir='ltr'>quum</span> <span class='ocrx_word' id='word_1_144' title='bbox 1369 2143 1530 2184; x_wconf 88' lang='lat' dir='ltr'>nullam</span> 
     </span>
     <span class='ocr_line' id='line_1_23' title="bbox 110 2209 1530 2266; baseline 0 -14"><span class='ocrx_word' id='word_1_145' title='bbox 110 2211 224 2265; x_wconf 87' lang='lat' dir='ltr'>apud</span> <span class='ocrx_word' id='word_1_146' title='bbox 258 2211 465 2252; x_wconf 88' lang='lat' dir='ltr'>Ovidium</span> <span class='ocrx_word' id='word_1_147' title='bbox 499 2210 658 2266; x_wconf 91' lang='lat' dir='ltr'>apertis</span> <span class='ocrx_word' id='word_1_148' title='bbox 687 2209 828 2251; x_wconf 89' lang='lat' dir='ltr'>verbis</span> <span class='ocrx_word' id='word_1_149' title='bbox 863 2209 1031 2265; x_wconf 82' lang='lat' dir='ltr'>Hygini</span> <span class='ocrx_word' id='word_1_150' title='bbox 1063 2210 1325 2252; x_wconf 86' lang='lat' dir='ltr'>mentionem</span> <span class='ocrx_word' id='word_1_151' title='bbox 1360 2210 1453 2252; x_wconf 88' lang='lat' dir='ltr'>fieri</span> <span class='ocrx_word' id='word_1_152' title='bbox 1483 2211 1530 2252; x_wconf 89' lang='lat' dir='ltr'>li-</span> 
     </span>
     <span class='ocr_line' id='line_1_24' title="bbox 107 2278 1530 2334; baseline -0.001 -14"><span class='ocrx_word' id='word_1_153' title='bbox 107 2284 257 2334; x_wconf 89' lang='lat' dir='ltr'>queat,</span> <span class='ocrx_word' id='word_1_154' title='bbox 280 2280 502 2321; x_wconf 89' lang='lat' dir='ltr'>subortum</span> <span class='ocrx_word' id='word_1_155' title='bbox 538 2279 742 2333; x_wconf 89' lang='lat' dir='ltr'>equidem</span> <span class='ocrx_word' id='word_1_156' title='bbox 774 2278 886 2319; x_wconf 89' lang='lat' dir='ltr'>inter</span> <span class='ocrx_word' id='word_1_157' title='bbox 918 2279 1033 2332; x_wconf 92' lang='lat' dir='ltr'>ipsos</span> <span class='ocrx_word' id='word_1_158' title='bbox 1066 2278 1290 2320; x_wconf 87' lang='lat' dir='ltr'>dissidium</span> <span class='ocrx_word' id='word_1_159' title='bbox 1323 2279 1530 2334; x_wconf 82' lang='lat' dir='ltr'>suspicari</span> 
     </span>
     <span class='ocr_line' id='line_1_25' title="bbox 113 2346 1532 2404; baseline 0.001 -16"><span class='ocrx_word' id='word_1_160' title='bbox 113 2347 227 2397; x_wconf 85' lang='lat' dir='ltr'>licet,</span> <span class='ocrx_word' id='word_1_161' title='bbox 247 2349 364 2403; x_wconf 85' lang='lat' dir='ltr'>quod</span> <span class='ocrx_word' id='word_1_162' title='bbox 397 2348 602 2404; x_wconf 90' lang='lat' dir='ltr'>Hyginus</span> <span class='ocrx_word' id='word_1_163' title='bbox 633 2347 782 2389; x_wconf 87' lang='lat' dir='ltr'>Ovidii</span> <span class='ocrx_word' id='word_1_164' title='bbox 813 2346 1050 2388; x_wconf 85' lang='lat' dir='ltr'>exsulantis</span> <span class='ocrx_word' id='word_1_165' title='bbox 1083 2362 1278 2397; x_wconf 84' lang='lat' dir='ltr'>uxorem,</span> <span class='ocrx_word' id='word_1_166' title='bbox 1303 2348 1357 2388; x_wconf 93' lang='lat' dir='ltr'>ob</span> <span class='ocrx_word' id='word_1_167' title='bbox 1391 2349 1532 2402; x_wconf 88' lang='lat' dir='ltr'>pristi-</span> 
     </span>
     <span class='ocr_line' id='line_1_26' title="bbox 113 2415 1530 2470; baseline 0.001 -13"><span class='ocrx_word' id='word_1_168' title='bbox 113 2431 209 2458; x_wconf 88' lang='lat' dir='ltr'>nam</span> <span class='ocrx_word' id='word_1_169' title='bbox 233 2432 330 2458; x_wconf 92' lang='lat' dir='ltr'>cum</span> <span class='ocrx_word' id='word_1_170' title='bbox 355 2417 426 2458; x_wconf 92' lang='lat' dir='ltr'>illo</span> <span class='ocrx_word' id='word_1_171' title='bbox 448 2417 807 2459; x_wconf 85' lang='lat' dir='ltr'>consuetudinem</span> <span class='ocrx_word' id='word_1_172' title='bbox 829 2415 977 2470; x_wconf 91' lang='lat' dir='ltr'>procul</span> <span class='ocrx_word' id='word_1_173' title='bbox 1000 2416 1130 2457; x_wconf 89' lang='lat' dir='ltr'>dubio</span> <span class='ocrx_word' id='word_1_174' title='bbox 1152 2416 1232 2457; x_wconf 88' lang='lat' dir='ltr'>sibi</span> <span class='ocrx_word' id='word_1_175' title='bbox 1253 2416 1530 2466; x_wconf 88' lang='lat' dir='ltr'>notissimam,</span> 
     </span>
     <span class='ocr_line' id='line_1_27' title="bbox 114 2485 1532 2541; baseline -0.001 -13"><span class='ocrx_word' id='word_1_176' title='bbox 114 2486 343 2528; x_wconf 87' lang='lat' dir='ltr'>sollicitare</span> <span class='ocrx_word' id='word_1_177' title='bbox 373 2500 502 2528; x_wconf 90' lang='lat' dir='ltr'>ausus</span> <span class='ocrx_word' id='word_1_178' title='bbox 531 2491 659 2535; x_wconf 91' lang='lat' dir='ltr'>esset,</span> <span class='ocrx_word' id='word_1_179' title='bbox 683 2485 865 2541; x_wconf 85' lang='lat' dir='ltr'>ejusque</span> <span class='ocrx_word' id='word_1_180' title='bbox 896 2485 1124 2526; x_wconf 86' lang='lat' dir='ltr'>facultates</span> <span class='ocrx_word' id='word_1_181' title='bbox 1147 2486 1199 2526; x_wconf 84' lang='lat' dir='ltr'>ab</span> <span class='ocrx_word' id='word_1_182' title='bbox 1220 2485 1436 2540; x_wconf 87' lang='lat' dir='ltr'>Augusto,</span> <span class='ocrx_word' id='word_1_183' title='bbox 1460 2501 1532 2528; x_wconf 93' lang='lat' dir='ltr'>cu-</span> 
     </span>
     <span class='ocr_line' id='line_1_28' title="bbox 105 2553 1533 2610; baseline 0.001 -15"><span class='ocrx_word' id='word_1_184' title='bbox 105 2556 179 2610; x_wconf 89' lang='lat' dir='ltr'>jus</span> <span class='ocrx_word' id='word_1_185' title='bbox 202 2554 380 2596; x_wconf 88' lang='lat' dir='ltr'>libertus</span> <span class='ocrx_word' id='word_1_186' title='bbox 402 2561 508 2604; x_wconf 80' lang='lat' dir='ltr'>erat,</span> <span class='ocrx_word' id='word_1_187' title='bbox 527 2555 758 2609; x_wconf 84' lang='lat' dir='ltr'>impetrare</span> <span class='ocrx_word' id='word_1_188' title='bbox 780 2559 1021 2596; x_wconf 86' lang='lat' dir='ltr'>conaretur.</span> <span class='ocrx_word' id='word_1_189' title='bbox 1083 2553 1273 2595; x_wconf 87' lang='lat' dir='ltr'>Proinde</span> <span class='ocrx_word' id='word_1_190' title='bbox 1299 2553 1418 2596; x_wconf 90' lang='lat' dir='ltr'>Naso</span> <span class='ocrx_word' id='word_1_191' title='bbox 1433 2555 1533 2610; x_wconf 88' lang='lat' dir='ltr'>jure</span> 
     </span>
     <span class='ocr_line' id='line_1_29' title="bbox 114 2622 1535 2678; baseline 0 -14"><span class='ocrx_word' id='word_1_192' title='bbox 114 2624 156 2665; x_wconf 88' lang='lat' dir='ltr'>in</span> <span class='ocrx_word' id='word_1_193' title='bbox 186 2624 327 2678; x_wconf 87' lang='lat' dir='ltr'>ipsum</span> <span class='ocrx_word' id='word_1_194' title='bbox 355 2623 566 2673; x_wconf 90' lang='lat' dir='ltr'>invectus,</span> <span class='ocrx_word' id='word_1_195' title='bbox 589 2622 901 2665; x_wconf 86' lang='lat' dir='ltr'>Callimachum</span> <span class='ocrx_word' id='word_1_196' title='bbox 928 2622 1086 2663; x_wconf 87' lang='lat' dir='ltr'>imitari</span> <span class='ocrx_word' id='word_1_197' title='bbox 1107 2623 1268 2673; x_wconf 87' lang='lat' dir='ltr'>voluit;</span> <span class='ocrx_word' id='word_1_198' title='bbox 1300 2623 1467 2664; x_wconf 90' lang='lat' dir='ltr'>scilicet</span> <span class='ocrx_word' id='word_1_199' title='bbox 1488 2630 1535 2664; x_wconf 93' lang='lat' dir='ltr'>ut</span> 
     </span>
     <span class='ocr_line' id='line_1_30' title="bbox 113 2691 1533 2747; baseline -0.001 -14"><span class='ocrx_word' id='word_1_200' title='bbox 113 2692 184 2734; x_wconf 91' lang='lat' dir='ltr'>ille</span> <span class='ocrx_word' id='word_1_201' title='bbox 207 2692 500 2747; x_wconf 91' lang='lat' dir='ltr'>Apollonium,</span> <span class='ocrx_word' id='word_1_202' title='bbox 524 2693 639 2747; x_wconf 90' lang='lat' dir='ltr'>quod</span> <span class='ocrx_word' id='word_1_203' title='bbox 661 2691 983 2741; x_wconf 78' lang='lat' dir='ltr'>Alexandrinus</span> <span class='ocrx_word' id='word_1_204' title='bbox 1006 2696 1136 2740; x_wconf 85' lang='lat' dir='ltr'>esset,</span> <span class='ocrx_word' id='word_1_205' title='bbox 1160 2691 1256 2733; x_wconf 88' lang='lat' dir='ltr'>Ibin</span> <span class='ocrx_word' id='word_1_206' title='bbox 1285 2692 1533 2746; x_wconf 89' lang='lat' dir='ltr'>adpellavit,</span> 
     </span>
     <span class='ocr_line' id='line_1_31' title="bbox 114 2759 1537 2818; baseline -0.001 -15"><span class='ocrx_word' id='word_1_207' title='bbox 114 2762 208 2816; x_wconf 88' lang='lat' dir='ltr'>ipse</span> <span class='ocrx_word' id='word_1_208' title='bbox 231 2761 392 2816; x_wconf 88' lang='lat' dir='ltr'>pariter</span> <span class='ocrx_word' id='word_1_209' title='bbox 414 2761 657 2818; x_wconf 86' lang='lat' dir='ltr'>Hyginum,</span> <span class='ocrx_word' id='word_1_210' title='bbox 678 2760 752 2816; x_wconf 92' lang='lat' dir='ltr'>qui</span> <span class='ocrx_word' id='word_1_211' title='bbox 780 2775 806 2802; x_wconf 85' lang='lat' dir='ltr'>a</span> <span class='ocrx_word' id='word_1_212' title='bbox 833 2760 1048 2802; x_wconf 91' lang='lat' dir='ltr'>nonnullis</span> <span class='ocrx_word' id='word_1_213' title='bbox 1070 2759 1393 2802; x_wconf 84' lang='lat' dir='ltr'>Alexandrinus</span> <span class='ocrx_word' id='word_1_214' title='bbox 1422 2761 1537 2802; x_wconf 86' lang='lat' dir='ltr'>habi-</span> 
     </span>
     <span class='ocr_line' id='line_1_32' title="bbox 113 2829 1534 2885; baseline 0 -14"><span class='ocrx_word' id='word_1_215' title='bbox 113 2837 186 2872; x_wconf 78' lang='lat' dir='ltr'>tus</span> <span class='ocrx_word' id='word_1_216' title='bbox 227 2836 308 2880; x_wconf 90' lang='lat' dir='ltr'>est,</span> <span class='ocrx_word' id='word_1_217' title='bbox 351 2830 445 2873; x_wconf 91' lang='lat' dir='ltr'>Ibin</span> <span class='ocrx_word' id='word_1_218' title='bbox 487 2830 711 2872; x_wconf 83' lang='lat' dir='ltr'>vocitaret.</span> <span class='ocrx_word' id='word_1_219' title='bbox 772 2829 1104 2873; x_wconf 82' lang='lat' dir='ltr'>Advertendum</span> <span class='ocrx_word' id='word_1_220' title='bbox 1146 2836 1373 2885; x_wconf 72' lang='lat' dir='ltr'>praeterea,</span> <span class='ocrx_word' id='word_1_221' title='bbox 1420 2830 1534 2885; x_wconf 90' lang='lat' dir='ltr'>quod</span> 
     </span>
    </p>
   </div>
  </div>
 </body>
</html>
