1830 3220
538 181 892 225 FASTORUM
927 182 1050 225 LIB.
1087 181 1171 224 VI.

1473 186 1561 228 3423

138 299 224 348 Sic
249 300 414 365 agitur
439 317 671 360 censura,
698 309 751 350 et
775 300 848 349 sic
875 301 1115 367 exempla
1138 309 1397 367 parantur,

204 377 376 434 Quum
399 379 604 438 vindex,
632 381 756 429 alios
782 380 920 444 quod.
947 388 1135 437 monet,
1163 381 1273 446 ipse
1298 380 1437 430 facit.

136 456 295 507 Nulla
318 466 440 508 nota
464 466 558 516 est,
584 459 820 507 veniente
845 458 928 507 die
955 475 1110 523 quam
1136 459 1306 509 dicere
1332 460 1527 526 possis:

203 536 381 586 Idibus
408 538 593 587 invicto
619 527 738 587 sunt
763 539 883 586 data
907 539 1100 604 templa
1124 539 1153 587 J
1159 541 1255 588 ovi.

1470 544 1569 590 650

78 674 80 677 v
137 615 206 665 Et
223 618 331 682 jam
359 617 710 683 Quinquatrus
729 619 913 684 jubeor
940 635 1141 667 narrare
1168 619 1388 668 minores

203 696 354 746 Nunc
381 698 502 747 ades
527 699 583 747 ὁὶ
623 698 820 763 coeptis,
848 697 977 746 flava
1004 697 1252 755 Minerva,
1282 699 1426 747 meiS.

137 775 243 824 Cur
264 793 422 840 vagus
448 777 640 826 incedit
665 784 772 825 tota
796 776 986 825 tibicen
1013 776 1063 824 in
1089 777 1247 825 urbe?

204 854 341 911 Quid
367 857 462 905 sibi
489 872 735 922 personae,
765 855 888 920 quid
915 856 1046 904 stola
1070 856 1238 920 longa,
1265 856 1474 904 volunt?

139 934 225 983 Sic
252 952 376 1000 ego;
418 936 490 985 sic
519 936 683 1002 posita
708 935 935 984 Tritonia
960 935 1174 1001 cuspide
1200 936 1358 995 dixit;

1469 940 1567 986 655

204 1013 342 1064 Pace
365 1016 517 1064 velim
541 1016 705 1064 doctae
730 1016 884 1064 verba
909 1015 1093 1064 referre
1118 1016 1227 1064 deae
1248 1034 1256 1064 :

136 1092 476 1159 Temporibus
501 1102 727 1144 veterum
758 1095 982 1144 tibicinis
1009 1113 1130 1144 usus
1157 1112 1362 1144 avorum

205 1172 444 1239 Magnus,
473 1182 525 1224 et
549 1175 600 1223 in
626 1191 810 1239 magno
838 1191 1040 1240 semper
1065 1176 1255 1224 honore
1281 1175 1393 1223 fuit.

181 1300 258 1332 649.
295 1300 357 1332 Die
382 1303 529 1343 sequenti,
558 1300 591 1332 in
623 1301 818 1333 Kalendario

135 1351 226 1382 nulla
252 1356 338 1388 nota,
363 1350 443 1382 nihil
471 1357 616 1382 notatum
644 1357 707 1389 est,
732 1351 818 1394 quod

135 1402 247 1438 dicere,
263 1401 404 1433 carmine
421 1412 582 1439 enarrare,
600 1402 713 1444 possis.

180 1453 257 1484 650.
280 1452 388 1484 Idibus
403 1452 511 1484 Juniis
534 1459 566 1484 et
581 1453 653 1485 ,1ουί
672 1455 747 1485 oedes
767 1454 820 1484 de-

136 1505 254 1540 dicata,
280 1507 314 1535 et
343 1503 561 1544 Quinquatrus
585 1505 715 1535 minores
743 1504 820 1535 cele-

135 1556 279 1587 brantur.
326 1555 487 1593 Quoniam
504 1554 589 1586 ,Iovis
605 1556 713 1586 invicti
737 1560 818 1586 tem-

136 1605 226 1649 plum
241 1605 365 1636 nullum
380 1615 399 1636 a
415 1604 577 1637 veteribus
590 1616 818 1637 commemora-

138 1662 202 1693 tur,
216 1662 384 1699 propterea
418 1656 556 1699 Neapol.
572 1662 692 1693 monet,
708 1658 821 1688 invicto

138 1716 225 1739 nunc
242 1716 310 1738 esse
327 1706 504 1749 epitheton,
523 1717 585 1738 non
601 1717 790 1749 cognomen.

181 1758 259 1790 651.
294 1757 346 1788 De
375 1758 622 1799 Quinquatribus
650 1757 820 1800 majoribus

136 1807 211 1840 vide
226 1807 272 1839 iii.
285 1808 369 1847 809;
392 1807 433 1839 de
448 1806 498 1838 his
514 1806 689 1839 minoribus
707 1807 818 1845 Varro,

136 1858 177 1890 de
199 1857 296 1901 Ling.
318 1858 394 1889 Lat.
417 1857 476 1889 lib.
495 1870 530 1889 v:
559 1862 582 1875 ‘⁴
598 1857 819 1900 Quinquatrus

137 1908 325 1941 minusculae
341 1908 436 1940 dictae
452 1908 558 1941 Juniae
575 1907 654 1940 Idus
674 1909 715 1940 ab
731 1908 816 1940 simi-

135 1958 273 1992 litudine
287 1959 455 2003 majorum,
471 1959 559 2002 quod
581 1959 729 1992 tibicines
750 1966 819 1991 tum

136 2010 242 2043 feriati
264 2021 321 2053 per
339 2010 452 2042 urbem
467 2015 635 2053 vagantur,
652 2015 684 2042 et
704 2021 819 2042 conve·

136 2062 230 2093 niunt
255 2061 297 2092 ad
320 2060 424 2092 aedem
447 2061 640 2093 Minervae.’'
686 2061 817 2093 Festus:

136 2116 157 2130 ‘¹
171 2110 366 2144 Minusculae
379 2110 600 2154 Quinquatrus
613 2111 821 2154 appellaban-

138 2168 189 2195 tur
214 2162 292 2194 Idus
315 2161 436 2198 Juniae,
465 2161 550 2204 quod
576 2162 603 2194 is
629 2161 697 2193 dies
722 2162 822 2194 festus

140 2219 210 2245 erat
234 2211 416 2250 tibicinum,
444 2212 499 2254 qui
527 2212 708 2245 Minervam
734 2213 819 2245 cole-

138 2263 252 2296 bant.''

186 2314 375 2346 653—692.
399 2313 480 2345 Haec
501 2312 542 2344 de
566 2313 735 2345 tibicinum
757 2313 820 2345 dis-

141 2375 235 2396 cessu
249 2369 282 2395 et
296 2363 401 2396 reditu
415 2363 561 2395 similiter
583 2364 678 2395 refert
693 2364 819 2395 Plutar-

142 2414 233 2452 chus,
250 2415 375 2452 Quaest.
390 2414 530 2446 Roman.
547 2426 578 2457 p.
598 2416 672 2446 122.
718 2414 823 2446 Paulo

143 2464 237 2497 aliter
261 2464 374 2497 Livius
403 2465 447 2497 ix.
477 2466 530 2497 30.
555 2464 589 2496 iu
615 2466 710 2497 rebus
740 2477 822 2497 anno

143 2517 186 2549 U.
202 2516 244 2548 C.
258 2517 334 2548 443.
355 2515 464 2558 gestiS‚
485 2522 518 2549 et
540 2515 690 2548 Valerius
714 2516 824 2548 Maxi-

144 2578 226 2604 mus,
242 2566 276 2599 ii.
292 2569 323 2599 5.
373 2566 475 2610 Vagus
498 2568 613 2599 incedit
624 2579 636 2604 ,·
664 2573 696 2598 et
720 2567 823 2599 Varro

142 2624 175 2650 et
192 2617 301 2649 Livius
315 2617 447 2655 habent,
461 2629 516 2658 per
530 2619 634 2649 urbem
649 2624 820 2661 vagantur.

190 2668 276 2700 Stola
306 2667 425 2711 longa]
460 2668 655 2700 Plutarchus
679 2668 824 2708 ἐσθῆτας

145 2718 337 2762 γυναικείας
351 2718 460 2756 habet,
477 2723 509 2751 et
524 2719 621 2762 paulo
636 2724 708 2762 post
722 2718 759 2751 ἐν
774 2718 824 2751 ἐσ-

146 2769 250 2808 Θῆσιν
265 2768 421 2808 ἀνθιναῖς
436 2770 492 2802 καὶ
503 2769 716 2812 γυναικείαις.
753 2770 826 2801 Me-

146 2819 208 2852 lius
230 2820 328 2863 igitur
347 2820 408 2852 hoc
429 2820 502 2853 loco
517 2820 614 2854 vestis
634 2826 828 2854 memoratur

888 1299 1075 1332 mulieribus
1087 1301 1224 1344 propria,
1237 1307 1269 1332 et
1284 1301 1317 1332 in
1334 1301 1457 1333 theatro
1472 1303 1570 1334 etiam

888 1350 1090 1390 tibicinibus3
1113 1352 1197 1383 Met.
1213 1351 1256 1382 xi.
1277 1352 1337 1383 165
1353 1362 1433 1394 sqq3
1459 1353 1573 1385 Horat.

887 1402 960 1433 Art.
989 1401 1080 1434 Poet.
1109 1403 1186 1434 215.
1241 1402 1289 1433 De
1319 1404 1444 1443 cuspide
1471 1406 1570 1445 posita

887 1451 934 1483 iii.
954 1453 985 1484 7.

933 1503 1011 1535 658.
1040 1503 1149 1536 Honor
1176 1503 1231 1536 ille
1261 1505 1323 1536 fuit
1351 1515 1391 1537 ex
1426 1504 1571 1537 instituto

889 1554 1005 1586 Numae
1037 1554 1198 1598 religionis
1227 1567 1343 1597 causa;
1377 1556 1573 1588 Plutarchus

887 1606 974 1638 dicto
999 1606 1091 1638 loco:
1121 1607 1218 1639 Anno
1244 1608 1286 1639 U.
1304 1608 1344 1640 C.
1360 1608 1438 1639 443.
1457 1612 1478 1625 “
1497 1608 1571 1639 tibi-

887 1655 986 1693 cines,
1002 1655 1058 1698 qui
1075 1656 1226 1699 prohibiti
1248 1667 1267 1688 a
1282 1656 1435 1700 proximis
1457 1668 1569 1689 censo-

887 1706 975 1738 ribus
998 1713 1089 1737 erant
1111 1706 1144 1737 in
1168 1706 1237 1738 aede
1260 1707 1352 1739 Jovis
1373 1707 1470 1745 vesci,
1487 1708 1572 1750 quod

887 1756 1041 1788 traditum
1067 1757 1245 1800 antiquitus
1268 1764 1348 1795 erat,
1370 1769 1454 1800 aegre
1475 1759 1574 1801 passi,

887 1807 987 1839 Tibur
1003 1818 1066 1839 una
1085 1808 1211 1852 agmine
1228 1807 1415 1841 abierunt.''
1462 1808 1572 1841 Livius

888 1857 976 1889 dicto
1011 1858 1095 1889 loco.
1143 1857 1326 1891 Secundum
1361 1858 1573 1891 Plutarchum

888 1908 975 1940 dicto
997 1908 1080 1946 loco,
1101 1909 1219 1941 honore
1242 1921 1300 1942 suo
1322 1910 1438 1952 privati
1461 1916 1536 1942 sunt
1556 1921 1575 1943 a

888 1958 1024 1991 tribunis
1039 1958 1177 1991 militum
1193 1970 1280 1991 cons,
1292 1965 1462 2003 potestate,
1474 1971 1573 2003 penes

889 2019 969 2050 quos
984 2009 1151 2052 imperium
1163 2016 1232 2042 erat
1243 2009 1317 2042 inde
1335 2011 1375 2042 ab
1386 2021 1470 2043 auno
1482 2012 1523 2044 U.
1535 2012 1573 2044 C.

889 2061 966 2090 310.
1013 2060 1154 2103 Scriptor
1184 2060 1224 2092 de
1252 2061 1340 2092 Viris
1368 2061 1490 2094 Illustr.
1517 2064 1573 2094 34.

890 2121 989 2141 unum
1014 2111 1158 2154 Appium
1183 2111 1359 2144 Claudium
1383 2117 1403 2130 “
1420 2114 1575 2156 epulandi

891 2161 1152 2204 decantandique
1168 2163 1222 2206 jus
1237 2162 1423 2195 tibicinibus
1437 2164 1574 2197 ademis-

890 2212 945 2244 se’'
970 2212 1079 2244 refert.
1126 2213 1179 2245 De
1210 2213 1312 2245 altera
1342 2225 1450 2251 causa,
1476 2226 1574 2257 quam

891 2264 1008 2294 Noster
1022 2263 1137 2302 adfert,
1154 2264 1250 2296 silent
1269 2265 1377 2296 caeteri
1393 2266 1575 2308 scriptores.

890 2314 968 2346 Erat
982 2315 1034 2346 lex
1053 2315 1187 2358 antiqua
1202 2315 1241 2348 de
1256 2316 1438 2348 funeribus:
1468 2318 1576 2350 “Tria

890 2363 917 2395 si
942 2364 1028 2396 volet
1054 2365 1178 2402 ricinia,
1203 2372 1235 2398 et
1258 2366 1390 2398 vincula
1415 2378 1574 2410 purpurae,

892 2420 924 2446 et
955 2414 1068 2447 decern
1098 2416 1258 2453 tibicines,
1289 2416 1480 2448 adhibet0.''
1528 2419 1577 2450 Ea

893 2465 1047 2497 translata
1066 2472 1116 2498 est
1134 2466 1164 2497 in
1188 2466 1245 2498 xii.
1259 2467 1401 2499 Tabulas
1419 2478 1491 2499 cum
1515 2468 1574 2500 hoc

893 2515 1112 2548 additamento
1127 2529 1133 2547 :
1161 2521 1184 2534 ‘¹
1200 2517 1271 2549 Hoc
1288 2517 1361 2560 plus
1377 2528 1416 2549 ne
1432 2517 1529 2549 facito
1546 2519 1578 2557 ;''

892 2566 1026 2599 Verrius
1039 2568 1128 2599 Flac.
1142 2567 1174 2599 in
1190 2579 1261 2600 voc.
1277 2570 1453 2606 reicim'um,
1471 2573 1504 2599 et
1517 2568 1573 2600 Ci-

889 2619 1086 2661 cero,Legg.
1102 2618 1136 2651 ii.
1149 2620 1203 2651 23.
1248 2620 1330 2651 Eam
1341 2620 1457 2662 legem,
1474 2630 1573 2661 quum

891 2669 975 2702 male
998 2670 1235 2707 observaretur,
1254 2670 1354 2701 oedilis
1375 2669 1508 2712 quidam
1526 2681 1575 2702 re-

892 2730 1023 2752 vocasse
1046 2725 1079 2752 et
1098 2730 1206 2751 severe
1228 2719 1408 2751 exercuisse
1429 2718 1574 2752 videtur:

894 2769 980 2802 hunc
996 2770 1124 2802 aedilem
1138 2770 1235 2802 fuisse
1246 2769 1389 2813 Appium
1400 2768 1574 2802 Claudium

897 2831 980 2852 anno
992 2821 1034 2853 U.
1048 2821 1086 2853 C.
1097 2821 1173 2853 440.
1183 2826 1292 2852 censet
1307 2819 1452 2862 Pighius.
1485 2821 1573 2853 Pom-
