1830 3220
513 164 865 207 FASTORUM
900 163 1022 207 LIB.
1058 165 1149 207 ΙΙΙ.

1458 168 1543 209 159

124 282 318 331 Oscula
343 289 601 330 sumturus
628 282 796 330 subito
823 281 964 330 Mars
991 282 1213 346 adspicit
1240 281 1471 331 Annam:

188 360 337 408 Nunc
364 361 526 425 pudor
551 361 767 416 elusum,
795 376 928 407 nunc
955 360 1093 408 subit
1112 360 1200 416 ira,
1231 360 1416 409 Deum.

120 437 276 488 Ridet
301 446 579 487 amatorem
605 454 735 486 carae
762 455 891 486 nova
917 439 1048 486 Diva
1074 438 1348 497 Minervae;

185 516 297 565 Nec
322 533 402 565 res
428 517 522 565 hac
549 516 734 564 Veneri
760 517 948 579 gratior
974 516 1075 564 ulla
1100 516 1212 565 fuit.

118 593 246 643 Inde
266 595 371 659 joci
391 603 587 643 veteres
613 595 955 658 obscaenaque
977 595 1114 643 dicta
1139 602 1415 654 canuntur3
1447 598 1545 644 695

188 673 255 721 Et
273 675 419 737 juvat
443 675 573 722 hanc
600 689 785 737 magno
812 673 966 721 verba
990 673 1193 721 dedisse
1222 673 1349 721 Deo.

117 750 474 800 Praeteriturus
501 769 636 800 eram
663 752 857 816 gladios
884 752 935 798 in
962 751 1190 816 principe
1216 751 1362 808 fixos,

188 828 360 884 Quum
387 830 459 878 sic
487 847 515 878 a
540 830 696 878 castis
724 830 883 877 Vesta
907 830 1078 877 locuta
1101 829 1254 877 focis:

119 907 199 956 Ne
225 909 402 958 dubita
426 909 746 963 meminisse;
790 924 933 956 meus
958 907 1053 955 fuit
1078 907 1162 955 ille
1189 907 1424 955 sacerdos
1445 924 1454 955 :

190 986 462 1051 Sacrilegae
490 987 604 1036 telis
632 1004 712 1036 me
739 987 932 1052 petiere
958 1002 1156 1034 manus.

1450 989 1548 1033 700

118 1064 240 1129 Ipsa
262 1065 422 1113 virum
448 1066 622 1130 rapui;
665 1066 1039 1129 simulacraque
1065 1064 1204 1112 nuda
1228 1063 1438 1128 reliqui:

187 1143 315 1199 Quae
341 1145 526 1193 cecidit
550 1144 696 1201 ferro,
727 1144 944 1192 Caesaris
972 1143 1152 1190 umbra
1177 1141 1286 1190 fuit.

118 1221 213 1271 Ille
240 1223 448 1287 quidem
474 1225 602 1271 coelo
629 1223 824 1288 positus
850 1222 880 1270 J
886 1223 991 1270 ovis
1018 1220 1144 1269 atria
1170 1226 1365 1277 servat3

186 1300 255 1348 Et
279 1308 419 1350 tenet
444 1302 495 1350 in
520 1318 705 1365 magno
732 1302 925 1366 templa
949 1300 1119 1348 dicata
1143 1298 1266 1347 foro.

117 1378 187 1427 At
211 1379 525 1444 quicumque
551 1380 692 1429 nefas
719 1381 846 1438 ausi,
869 1379 1169 1445 prohibente
1197 1377 1423 1425 Deorum
1449 1380 1546 1425 705

188 1457 428 1516 Numine,
458 1459 744 1524 polluerant
768 1458 1061 1524 pontificale
1088 1463 1259 1521 caput,

115 1613 189 1640 ante
207 1609 340 1641 notavit.
391 1610 511 1642 Deduci
534 1612 675 1643 solemne
692 1612 731 1644 de
748 1612 793 1643 fe-

115 1658 220 1695 minis,
236 1669 307 1700 quae
330 1660 521 1692 concubitus
546 1672 656 1698 causa,
673 1662 713 1693 ad
735 1661 793 1693 ali-

115 1719 211 1750 quem
224 1709 256 1739 in
267 1709 443 1740 thalamum
454 1710 668 1742 deducuntur.
689 1712 793 1742 Ridet.

114 1759 301 1790 Taubnerus
324 1764 431 1791 tuetur
449 1761 611 1802 vulgatam
629 1761 740 1797 Ludis,
759 1768 794 1792 ut

114 1814 210 1846 poeta
234 1808 295 1839 liae
320 1809 512 1851 apostropha
536 1810 577 1840 ad
601 1811 721 1841 elusum
746 1811 792 1841 al-

113 1857 215 1889 ludat.
267 1858 404 1889 Rectius
442 1870 526 1890 nunc
561 1870 672 1891 sensus
710 1859 790 1891 Deae

113 1913 315 1940 memoratur.
354 1908 497 1940 Ridebat
512 1915 544 1941 et
560 1909 614 1941 illa
630 1915 661 1941 et
682 1910 792 1947 Venus,

114 1958 205 2001 cujus
222 1966 311 1990 vetus
325 1965 446 1990 amator
461 1959 506 1990 sic
522 1959 688 2002 deceptus.

160 2008 344 2040 697—710.
364 2008 463 2040 Caedes
473 2009 557 2040 Jalii
571 2010 697 2041 Caesaris
709 2009 794 2041 facta

113 2057 227 2089 Idibus
240 2058 351 2089 Martii
365 2069 447 2089 anno
463 2059 546 2098 7073
565 2059 620 2101 qui
636 2059 704 2090 dies
719 2059 792 2090 inde

112 2109 317 2149 parricidium
330 2107 451 2148 dictus3
467 2109 637 2140 Suetonius
648 2109 729 2140 Caes.
745 2110 797 2140 88.

115 2157 210 2189 Hanc
235 2168 301 2189 rem
327 2158 497 2200 ingeniose·
512 2157 611 2190 Ovid.
638 2159 797 2195 tractavit,

120 2209 153 2238 1⁰
167 2207 253 2250 quod
270 2208 351 2239 caedi
368 2208 553 2250 apotheosin
570 2207 708 2239 Caesaris
724 2209 798 2239 sub-

116 2257 230 2295 stituit,
257 2269 357 2300 quum
386 2258 442 2289 ille
469 2258 566 2289 etiam
593 2257 797 2299 persuasione

117 2308 217 2350 vulgi,
241 2314 368 2350 propter
390 2308 518 2339 stellam
543 2308 701 2344 crinitam,
726 2318 797 2349 quae

118 2357 174 2388 illo
204 2363 344 2399 tempore
371 2357 471 2395 fulsit,
497 2358 536 2388 ad
565 2357 653 2388 Deos
683 2356 798 2388 abiisse

118 2407 320 2446 crederetur3
350 2409 386 2438 2⁰
411 2407 496 2449 quod
524 2407 639 2438 Vestam
663 2407 796 2448 loquen-

117 2464 194 2495 tem,
206 2463 238 2489 et
254 2462 318 2488 tam
331 2457 466 2489 Caesaris
477 2456 689 2493 divinitatem,
702 2466 798 2498 quarn

119 2507 347 2551 parricidarum
373 2517 486 2549 poenas
508 2506 567 2538 sibi
590 2507 795 2542 tribuentem,

121 2557 260 2599 Augusti
295 2556 432 2599 denique
469 2556 582 2588 laudes
611 2556 796 2593 addentem,

121 2607 260 2639 induxit.
306 2605 501 2649 Apotheosin
527 2606 596 2648 jam
627 2616 692 2638 ver.
723 2607 798 2638 159.

124 2658 242 2699 attigit.

168 2708 245 2739 699.
277 2707 366 2738 Meus
390 2709 536 2743 sacerdos,
558 2706 634 2748 quia
657 2705 800 2749 pontifex

125 2757 282 2788 maximus
300 2762 433 2799 praeerat
451 2756 646 2788 Vestalibus.
684 2755 801 2797 Itaque

863 1618 896 1643 et
910 1623 941 1643 v.
955 1612 1030 1642 419.
1043 1610 1149 1642 Vestae
1164 1619 1253 1641 sacra
1270 1614 1302 1640 et
1315 1608 1453 1650 Augusti
1469 1619 1546 1651 pon—

864 1662 1005 1693 tificatus
1043 1660 1291 1702 conjunguntur.
1339 1659 1546 1699 Figmentum

864 1721 926 1741 non
952 1709 1084 1746 malum,
1102 1720 1166 1751 quo
1188 1719 1249 1740 non
1273 1710 1332 1745 vir,
1350 1708 1459 1739 Caesar
1479 1708 1547 1750 ipse

863 1760 1062 1795 interfectus,
1096 1759 1153 1790 sed
1191 1760 1404 1793 simulacrum,
1441 1757 1548 1799 imago

862 1811 942 1852 ejus,
960 1809 1089 1840 dicitur.
1143 1809 1258 1839 Umbra
1275 1813 1382 1839 autem
1399 1813 1431 1838 et
1453 1809 1547 1838 simu-

864 1862 984 1891 lacrum
1007 1860 1052 1890 ita
1071 1860 1265 1902 junguntur.
1314 1858 1422 1894 Nuda,
1445 1868 1546 1889 mera.

862 1910 1024 1941 Caeterum
1042 1909 1097 1939 Dii
1113 1907 1273 1939 interdum
1296 1906 1432 1943 homini,
1452 1917 1548 1948 quem

861 1969 986 1990 servare
1010 1958 1143 1994 vellent,
1160 1968 1274 2000 corpus
1299 1955 1546 1992 substituebant,

862 2015 897 2040 ut
917 2009 1025 2040 Diana
1046 2007 1222 2050 Iphigeniae
1247 2005 1450 2038 immolandae
1475 2016 1542 2037 cer-

866 2070 938 2090 vam
956 2059 1038 2090 Met.
1055 2057 1109 2089 xii.
1125 2059 1180 2088 24.

912 2109 987 2140 703.
1026 2108 1168 2139 Minores
1196 2105 1253 2138 Dii
1283 2105 1437 2137 nobilium
1465 2107 1548 2136 atria

867 2160 1022 2190 celebrant
1042 2159 1176 2190 Metam.
1192 2157 1215 2188 i.
1235 2157 1316 2195 172;
1341 2156 1415 2187 hinc
1439 2156 1548 2187 Caesar

866 2209 950 2240 Jovis
970 2210 1054 2239 atria
1077 2214 1187 2239 servat.
1234 2207 1344 2237 Servat
1360 2206 1476 2242 locum,
1493 2204 1548 2247 qui

867 2258 912 2289 ibi
938 2264 1093 2294 versatur,
1118 2256 1263 2295 habitat3
1297 2257 1378 2286 AEn.
1402 2253 1446 2285 vi.
1473 2255 1549 2284 556.

866 2308 1041 2350 Tisiphone
1074 2309 1253 2339 vestibulum
1281 2304 1405 2336 Tartari
1434 2310 1548 2335 servat.

871 2358 1027 2399 Templum
1058 2355 1178 2390 Caesari
1210 2361 1279 2399 post
1308 2353 1479 2386 triennium
1508 2354 1548 2385 ab

868 2407 957 2439 obitu
973 2407 1112 2450 positum
1129 2417 1213 2438 anno
1230 2406 1306 2436 712.

913 2458 987 2489 705.
1014 2457 1208 2493 Prohibente,
1224 2454 1389 2497 prohibere
1411 2453 1550 2489 volente,

867 2507 1065 2546 detestante3
1092 2507 1227 2538 Metam.
1243 2517 1272 2541 v,
1288 2505 1330 2537 45
1344 2516 1350 2535 ι
1377 2515 1422 2540 ea,
1435 2514 1463 2534 se
1475 2515 1546 2544 pro-

868 2558 998 2595 hibente,
1014 2559 1139 2589 moveri.
1187 2556 1288 2587 Morte
1300 2557 1411 2596 jacent
1427 2555 1547 2584 merita.

868 2608 975 2639 Etiam
987 2619 1090 2639 rerum
1104 2606 1272 2649 scriptores
1287 2605 1467 2640 observant,
1480 2613 1550 2645 par·

868 2656 985 2689 ricidas
1007 2657 1079 2689 illos
1104 2656 1239 2688 triennio
1259 2654 1461 2698 praeterlapso
1480 2663 1547 2683 om-

869 2718 926 2739 nes
955 2706 1134 2746 interiisse;
1172 2704 1342 2738 Suetonius
1372 2704 1456 2735 Caes.
1484 2703 1545 2733 88:

872 2761 892 2774 ‘⁶
910 2757 1137 2788 Percussorum
1155 2761 1261 2787 autem
1279 2754 1355 2789 fere,
1374 2761 1477 2793 neque
1495 2751 1549 2783 tri-
