1830 3220
668 161 1072 204 HALIEUTICO
1080 163 1138 205 N.

186 272 416 323 Extremi
444 285 624 339 parent
665 316 890 326 .....

1520 167 1607 208 459

936 317 1488 329 ···········

185 351 431 400 Lubricus
458 363 509 401 et
534 355 680 418 spina
705 372 898 404 nocuus
925 373 1024 404 non
1050 356 1245 404 Gobius
1271 358 1387 415 ulla,

183 428 251 476 Et
275 430 472 493 nigrum
500 432 643 480 niveo
669 440 875 498 portans
902 434 954 480 in
980 450 1190 498 corpore
1216 435 1351 482 virus

182 505 388 571 Lolligo,
416 509 632 573 durique
661 511 808 567 Sues,
837 511 1144 575 sinuosaque
1173 512 1348 561 Caris:

1505 517 1597 561 130

181 582 247 631 Et
272 592 376 633 tam
402 586 613 635 deformi
641 605 740 636 non
767 588 949 652 dignus
976 589 1178 636 nomine
1205 589 1439 638 Asellus:

176 660 358 726 Tuque
386 665 681 729 peregrinis,
709 665 1006 730 Acipenser,
1034 666 1217 714 nobilis
1244 668 1408 715 undis.

176 803 279 845 (quod
295 804 411 844 sciam)
426 817 517 837 nemo
530 807 589 838 hoc
606 818 722 838 nomen
737 807 852 850 posuit.

174 852 298 893 Lapidae
314 855 409 896 vulgo
431 856 579 888 dicuntur
600 857 703 899 pisces
722 857 851 899 quidam

174 903 262 945 plani
278 909 309 935 et
324 905 391 936 lati.
416 907 601 938 G.—MSS.
636 908 764 948 Lepores
781 909 852 939 laeti.

175 953 261 984 Plin.
288 955 457 998 excerpsit,
489 958 605 998 Epodes
636 959 692 988 lati
721 960 852 1000 generis.

175 1003 434 1037 vnn—Ram.
455 1007 568 1038 Ranas
584 1007 721 1039 marinas
736 1008 775 1039 de
789 1007 849 1051 pis-

172 1052 257 1083 cium
273 1064 387 1094 genere
402 1055 558 1098 intelligo.
588 1058 632 1089 G.

221 1104 295 1135 127.
322 1105 488 1147 Pascunt]
516 1107 591 1138 Ald.
613 1109 849 1147 e.rt1·emi77as.*

174 1153 268 1185 MSS.
286 1160 318 1185 et
333 1155 419 1186 Pith.
438 1159 562 1188 extremi
580 1158 735 1198 paream*
782 1159 850 1201 Ego

172 1203 294 1246 reliqua
319 1216 356 1236 ex
383 1206 524 1249 Oppiani
549 1208 623 1239 Hal.
644 1209 673 1239 Ι.
692 1208 782 1239 initio
805 1209 850 1240 ita

172 1254 337 1295 supplevi:
364 1260 384 1273 ‘¹
409 1257 550 1287 Extremi
566 1265 713 1299 pascunt,
725 1266 850 1302 propter

171 1304 312 1336 confinia
334 1304 420 1347 ripae,
437 1306 504 1337 Aut
527 1307 596 1338 fixae
621 1308 758 1350 scopulis
781 1309 847 1340 hae-

170 1360 252 1390 rent,
276 1356 454 1398 Pernaeque
478 1356 678 1399 Sudesque.''
726 1359 849 1390 Perme-

169 1414 226 1444 que
243 1405 395 1446 Sudesque
414 1416 452 1436 ex
473 1406 589 1443 Plinio,
606 1407 659 1449 qui
676 1406 750 1438 hinc
770 1409 850 1439 cita-

173 1459 271 1491 verat,
312 1455 344 1486 in
385 1455 490 1487 locum
531 1457 616 1489 hunc
656 1457 850 1500 postliminio

167 1504 302 1536 restitui.
327 1505 427 1537 VL1T.

219 1556 290 1586 128.
320 1556 462 1598 Gobius]
501 1557 591 1588 Gobii
621 1558 671 1588 vel
703 1558 788 1589 Cobii
817 1558 849 1589 in

171 1605 270 1647 petris
291 1611 323 1637 et
339 1607 441 1638 arenis
459 1607 580 1649 degunt
596 1607 736 1639 AEliano.
785 1608 848 1639 Lu-

172 1656 273 1686 bricus
325 1656 420 1687 Gobii
473 1657 636 1698 epitheton
688 1657 821 1689 dixerim
841 1671 846 1688 z

171 1715 367 1748 quamquam
400 1707 540 1743 Olistlios,
567 1707 599 1738 id
633 1713 681 1738 est
709 1707 850 1739 lubricus

169 1755 217 1786 sui
240 1756 376 1797 generis
395 1756 489 1799 piscis
512 1762 559 1788 est
583 1757 732 1802 Oppiano
753 1768 849 1800 prope

169 1805 250 1835 ostia
267 1805 443 1836 fluviorum.
467 1807 572 1838 Gnsx.

219 1856 290 1885 130.
316 1855 464 1897 Lolligo]
497 1856 629 1897 Pelagia
653 1862 701 1889 est
723 1857 847 1899 Lolligo

169 1915 297 1946 magna.
321 1906 427 1937 GusN.
474 1905 596 1937 Plinius
619 1906 728 1938 multis
749 1907 779 1937 in
802 1907 847 1938 lo-

171 1953 238 1985 cis:
274 1955 433 1991 Albanus,
456 1955 488 1985 in
512 1955 583 1986 libri
604 1955 646 1986 ix.
666 1956 771 1996 capite
795 1958 848 1988 52.

172 2004 220 2034 Ex
242 2004 385 2035 mollium
408 2015 534 2047 genere,
550 2005 632 2036 sicut
648 2007 801 2048 Polypus,
817 2013 849 2038 et

171 2054 297 2096 Saepia:
324 2055 484 2097 proprium
509 2055 617 2092 habet,
637 2056 718 2087 inter
743 2057 849 2088 mollia

173 2111 208 2135 ut
232 2104 328 2141 volet,
354 2111 385 2136 et
411 2105 546 2136 volitans
574 2105 714 2137 Conchae
742 2106 848 2137 adhae-

173 2166 254 2192 rens,
285 2161 317 2186 et
346 2155 391 2186 ita
418 2156 543 2192 affixus,
574 2161 629 2187 aut
658 2166 752 2187 arena
783 2167 850 2188 sese

172 2205 355 2249 suburrans,
393 2205 590 2248 tempestatis
622 2205 748 2247 signum
782 2213 848 2237 est:

173 2254 300 2286 vivendi
334 2254 472 2297 spatium
503 2262 567 2286 tam
603 2254 726 2297 Saepiae,
756 2266 851 2297 quam

174 2304 325 2346 Lolligini
345 2305 441 2336 breve
464 2311 523 2336 est.
570 2306 719 2346 Namque
741 2305 852 2347 paucis

172 2355 343 2398 excerptiS‚
375 2355 531 2386 bimatum
570 2366 633 2386 non
671 2355 850 2397 complent:

173 2416 345 2447 numquam
367 2405 413 2436 illi
430 2405 519 2436 deest
540 2406 632 2448 copia
655 2405 846 2444 atramenti3

170 2456 235 2486 suis
274 2454 528 2497 promuscidibus
565 2455 668 2497 pisces
699 2459 846 2485 venatur.

173 2505 458 2545 Clor.—Dur⁴ique
473 2505 557 2535 Sues.
583 2505 713 2544 Dii-ique
729 2504 846 2546 passim

169 2555 249 2586 citat
286 2555 458 2586 Gesnerus.
517 2554 848 2594 VLIT.—Si›t1wsaque

174 2605 281 2635 Cessff
311 2604 479 2640 Praeclare,
503 2609 537 2635 ut
559 2604 675 2640 omnia,
700 2603 758 2634 hoc
779 2605 848 2635 vul-

172 2666 230 2686 nus
253 2653 376 2686 sanavit
392 2654 631 2696 Pantagathus3
656 2653 733 2695 legit
753 2653 848 2690 enirn,

174 2705 292 2736 cestra.
343 2705 401 2735 Est
438 2710 544 2736 autem
579 2704 705 2740 Cestra,
743 2703 850 2746 piscis,

174 2766 246 2797 quae
276 2755 309 2786 in
340 2753 445 2797 capite
474 2754 572 2786 habet
599 2754 678 2786 duos
708 2754 848 2791 aculeos,

922 807 1038 849 quibus
1051 807 1223 849 Thynnum
1240 808 1290 838 vel
1307 808 1445 838 maxime
1461 808 1601 845 infestat,

923 867 960 887 ac
981 857 1190 899 persequitur.
1236 857 1340 888 Aldus
1356 858 1434 888 Aldi
1452 859 1494 889 N.
1510 869 1600 901 repo-

922 907 1029 943 nebat,
1048 908 1180 944 Thessa;
1205 918 1268 949 quo
1291 907 1330 938 de
1355 908 1442 950 pisce
1464 908 1600 945 Plinius,

920 956 978 988 lib.
995 957 1095 988 xxxii.
1112 968 1182 999 cap.
1202 958 1251 988 ll.
1275 958 1371 989 Cior.
1411 958 1510 995 Caris,
1525 959 1596 990 libri

920 1006 1039 1048 scripti,
1057 1013 1088 1038 et
1105 1007 1265 1039 Pithoeus.

968 1058 1040 1088 132.
1080 1058 1183 1099 Tuque
1212 1060 1391 1100 peregrinis,
1421 1059 1598 1097 Acipenser,

919 1107 1025 1137 nobilis
1039 1109 1130 1138 undis
1145 1107 1159 1148 ]
1188 1107 1238 1138 De
1255 1107 1448 1150 Acipensere
1462 1107 1598 1144 Plinius,

919 1155 977 1186 lib.
1005 1156 1048 1188 ix.
1074 1167 1147 1199 cap.
1172 1157 1246 1188 xvii.
1272 1162 1304 1188 et
1335 1157 1422 1188 alibi.
1468 1157 1596 1194 Italice‚

919 1207 1068 1244 Scor-ione,
1097 1207 1233 1243 Gallice,
1266 1207 1447 1249 Esturgeon.
1494 1208 1599 1239 Sensit

919 1267 1042 1287 mecum
1073 1256 1264 1288 clarissimus
1293 1258 1460 1288 Muretus:
1487 1262 1519 1288 et
1545 1256 1598 1288 alii

919 1306 976 1336 viri
1000 1306 1217 1342 eruditissimi,
1233 1306 1314 1337 inter
1334 1317 1412 1348 quos
1436 1306 1598 1337 Rondele-

920 1354 994 1391 tius,
1013 1367 1086 1397 cap.
1105 1357 1162 1387 ult.
1179 1356 1233 1387 lib.
1250 1356 1317 1386 xiv.
1334 1356 1366 1386 id
1385 1355 1498 1387 litteris
1522 1367 1597 1387 con-

918 1405 1093 1446 signarunt.
1140 1405 1184 1435 At
1205 1406 1295 1436 aliter
1317 1405 1527 1445 Giscaferius,
1543 1405 1597 1447 qui

919 1454 987 1486 haec
1016 1461 1106 1486 notat
1132 1455 1164 1486 in
1194 1455 1254 1486 hac
1280 1455 1421 1486 secunda
1448 1455 1600 1487 editione.

919 1506 970 1536 De
986 1505 1193 1548 Acipenscre,
1210 1505 1324 1547 inquit,
1341 1506 1428 1537 varia
1448 1511 1496 1537 est
1519 1505 1601 1537 inter

917 1556 1085 1597 scriptores
1113 1554 1281 1591 sententia,
1310 1555 1457 1596 quisnam
1487 1555 1538 1592 sit,
1569 1561 1602 1586 et

919 1615 981 1646 quo
998 1604 1083 1646 apud
1101 1615 1155 1635 nos
1168 1610 1298 1636 vocetur
1313 1603 1451 1635 nomine.
1489 1604 1600 1636 Jovius

919 1655 1066 1685 eumdem
1100 1665 1169 1686 esse
1198 1655 1267 1686 vult
1297 1665 1370 1685 cum
1399 1655 1533 1697 Ellope;
1574 1656 1601 1686 le

920 1704 1062 1741 Lefzarsst
1087 1704 1182 1746 idque
1196 1705 1328 1746 probare
1345 1704 1509 1735 contendit
1522 1715 1599 1735 non-

919 1755 1014 1786 nullis
1053 1754 1257 1796 argumentis.
1305 1754 1515 1785 Rondeletius
1551 1753 1599 1784 di-

920 1816 1025 1836 versos
1056 1816 1123 1836 csse
1155 1806 1235 1836 inter
1265 1815 1297 1836 se
1327 1803 1508 1842 existimat3
1543 1805 1598 1835 El-

919 1855 1077 1898 lopenque
1137 1855 1307 1897 squamosi,
1369 1854 1599 1896 Acipenserem

917 1905 1092 1937 mustellini
1135 1905 1259 1946 generis
1284 1917 1292 1944 3
1339 1915 1476 1946 eumque
1518 1915 1599 1941 esse,

918 1956 973 1998 qui
1003 1956 1086 1998 apud
1115 1967 1171 1987 nos
1196 1955 1301 1987 Sturio
1326 1959 1473 1986 vocatur:
1512 1954 1598 1996 quod

919 2006 1047 2048 quidem
1068 2017 1127 2037 non
1149 2006 1259 2048 paucis
1279 2005 1451 2036 rationibus
1471 2011 1502 2036 et
1523 2015 1598 2036 auc-

919 2062 1020 2087 torum
1042 2055 1229 2087 testimoniis
1252 2055 1429 2086 confirmat.
1477 2054 1599 2086 Paulus

919 2111 1024 2137 tamen
1039 2106 1150 2137 Jovius
1171 2105 1309 2136 Silurum
1329 2105 1509 2136 Sturionem
1532 2115 1600 2136 esse

921 2161 1061 2186 nostrum
1077 2155 1256 2186 arbitratur.
1296 2154 1334 2186 In
1350 2154 1410 2185 hac
1428 2160 1491 2184 tam
1508 2153 1598 2185 anci-

921 2204 979 2246 piti
1009 2215 1116 2247 pugna
1145 2203 1333 2246 perdifficile
1370 2208 1418 2234 est
1447 2214 1537 2234 nosse
1567 2204 1599 2235 in

923 2260 1024 2285 utram
1048 2254 1147 2295 magis
1168 2259 1289 2296 partem
1312 2253 1442 2284 inclinet
1457 2253 1600 2285 victoria.

922 2306 992 2335 Hoc
1016 2310 1122 2335 tamen
1149 2303 1467 2335 animadvertendum
1492 2303 1600 2335 existi-

921 2365 986 2390 mo,
1016 2353 1131 2384 mirum
1161 2353 1261 2384 videri
1295 2352 1524 2395 Acipenserem
1558 2353 1599 2384 ab

922 2404 1040 2436 Ovidio
1069 2403 1267 2446 peregrinum
1292 2403 1410 2439 vocari,
1440 2403 1465 2433 si
1495 2408 1600 2434 noster

917 2454 1021 2485 Sturio
1041 2455 1092 2490 sit,
1110 2464 1208 2495 quum
1229 2464 1290 2483 non
1305 2453 1416 2494 procul
1439 2463 1457 2483 a
1479 2452 1597 2483 moeni-

917 2505 974 2534 bus
1003 2504 1098 2535 Urbis
1123 2504 1156 2534 in
1182 2502 1299 2538 Tiberi,
1326 2512 1399 2533 vere
1426 2507 1457 2533 et
1486 2507 1597 2533 aestate

915 2554 1078 2584 Sturiones
1102 2551 1314 2584 laudatissimi
1338 2551 1518 2593 frequenter
1542 2562 1596 2582 ca-

916 2604 1054 2646 piantur.
1090 2607 1159 2634 Hoc
1177 2608 1282 2633 autem
1297 2607 1484 2642 argumento
1501 2600 1594 2632 facile

916 2653 1000 2684 credi
1025 2663 1116 2694 posse
1141 2652 1238 2683 alium
1263 2662 1332 2682 esse
1356 2651 1595 2693 Acipenserem,

917 2703 972 2745 qui
998 2714 1015 2734 e
1041 2703 1167 2734 remotis
1193 2701 1333 2732 maribus
1358 2701 1496 2732 Romam
1522 2699 1596 2732 vehi

918 2753 1030 2784 solitus
1045 2758 1139 2785 esset.
1163 2752 1258 2784 Clor.
