1830 3220
597 186 951 230 FASTORUM
985 186 1108 230 LIB.
1144 188 1200 230 V.

1520 192 1608 236 259

176 302 417 368 Dumque
442 303 573 368 petit
596 304 819 353 latebras
845 304 960 353 fetae
987 306 1294 369 catulosque
1320 307 1526 368 leaenae;

244 380 365 445 Ipse
389 380 484 428 fuit
511 381 718 446 Libycae
747 382 919 446 praeda
943 392 1154 431 cruenta
1178 384 1312 432 ferae.

175 457 345 507 Mater
372 458 544 523 Hyan,
573 467 624 507 et
651 459 802 525 Hyan
830 467 1023 507 moestae
1050 461 1237 510 flevere
1263 479 1475 520 sorores,

242 537 614 601 Cervicemque
640 539 758 603 polo
785 538 1142 603 suppositurus
1165 540 1328 588 Atlas.

1507 546 1600 591 180

174 615 354 663 Victus
380 622 599 679 uterque
625 632 809 680 parens
831 623 1002 663 tamen
1023 625 1100 664 est
1126 617 1316 682 pietate
1343 636 1565 668 sororum
1589 639 1599 669 ε

243 693 339 741 Illa
362 693 505 741 dedit
530 693 713 741 coelum
735 711 744 741 ε
787 693 992 741 nomina
1017 694 1138 742 fecit
1164 695 1325 759 Hyas.

174 771 360 828 Mater,
388 772 527 829 ades,
554 772 752 828 florum,
781 773 912 820 ludis
939 773 1248 821 celebranda
1266 775 1487 838 jocosis:

243 850 555 898 Distuleram
582 857 751 915 partes
777 866 952 898 mense
979 850 1143 914 priore
1169 858 1301 899 tuas.

172 928 364 993 Incipis
391 928 583 993 Aprili;
624 928 809 975 transis
835 928 884 975 in
911 935 1142 993 tempora
1168 929 1323 977 Maii:

1509 935 1601 980 185

238 1006 384 1054 Alter
409 1013 459 1055 te
484 1006 712 1070 fugiens3
755 1023 912 1070 quum
939 1008 1092 1065 venit,
1118 1009 1243 1056 alter
1268 1009 1440 1057 habet.

173 1085 343 1141 Quum
369 1093 458 1133 tua
483 1086 599 1143 sint,
628 1086 918 1149 cedantque
944 1086 1034 1133 tibi
1063 1087 1280 1134 confinia
1306 1104 1556 1146 mensum,

241 1163 494 1212 Convenit
519 1164 570 1211 in
597 1164 774 1212 laudes
801 1163 884 1211 ille
910 1164 987 1211 vel
1012 1164 1096 1212 ille
1122 1172 1254 1212 tuas.

173 1241 356 1289 Circus
383 1242 433 1289 in
459 1242 592 1290 hunc
619 1243 741 1298 exit,
770 1242 1094 1307 clamataque
1115 1244 1287 1307 palma
1311 1244 1552 1293 theatris:

241 1319 352 1368 Hoc
380 1336 586 1384 quoque
613 1337 730 1368 cum
758 1320 877 1368 circi
903 1337 1112 1369 munere
1139 1337 1343 1369 carmen
1371 1330 1469 1370 eat.
1506 1326 1600 1372 190

218 1487 290 1518 180.
307 1485 360 1517 Ad
373 1485 504 1516 taedium
516 1496 618 1528 usque
629 1485 744 1528 repetit
755 1485 848 1522 illud,

170 1536 336 1568 Atlantem
360 1536 477 1568 coelum
502 1541 665 1578 portasse;
689 1547 770 1567 vers.
795 1537 847 1567 83.

173 1587 247 1618 169.
297 1587 401 1619 Victus
427 1593 469 1617 est
495 1588 620 1626 pietate,
646 1585 752 1617 minus
778 1586 850 1628 pius

171 1643 230 1669 est.
277 1637 383 1680 Major
407 1637 512 1679 pietas
538 1647 679 1667 sororum
704 1636 790 1671 fecit.
816 1641 851 1667 ut

172 1687 254 1718 inter
271 1687 376 1719 sidera
394 1688 596 1718 referrentur.
642 1686 705 1717 Sed
727 1686 752 1717 si
771 1696 850 1717 nau-

170 1744 204 1769 ta
223 1738 357 1769 Graecus
379 1737 513 1780 Hyadas
535 1737 574 1768 ab
593 1736 694 1768 imbre
710 1736 848 1773 vocavit,

171 1793 208 1819 ut
239 1798 316 1819 vers.
353 1788 425 1818 166.
456 1793 542 1818 recte
569 1786 767 1818 admonitum
789 1793 848 1823 est,

172 1838 250 1880 quid
267 1849 347 1880 opus
365 1843 432 1869 erat
450 1837 536 1868 idem
558 1847 673 1868 nomen
694 1836 790 1868 etiam
810 1847 848 1868 ex

169 1889 290 1930 mythis
310 1889 474 1931 repetere?
521 1888 573 1919 Ita
596 1893 628 1919 et
651 1893 753 1930 poetae
777 1898 848 1919 sen-

172 1938 274 1970 tentia
287 1949 398 1970 secum
413 1944 548 1980 pugnat.

216 1989 401 2020 183-378.
427 1987 579 2025 Floralia,
603 1988 643 2019 de
667 1988 783 2031 quibus
808 1988 847 2020 ad

169 2039 214 2071 iv.
231 2039 308 2070 943.
324 2038 379 2070 ubi
395 2049 502 2070 eorum
519 2038 658 2069 initium.
705 2039 781 2070 Post
799 2039 846 2070 in-

168 2088 367 2121 vocationem
392 2089 460 2120 deae
487 2099 588 2131 usque
610 2088 651 2120 ad
678 2100 745 2120 ver.
775 2091 847 2121 192.

168 2140 237 2183 ejus
256 2139 343 2182 origo
363 2145 395 2171 et
414 2145 556 2181 potestas
575 2145 722 2170 narratur
741 2140 848 2171 195—

169 2190 257 2228 2743
293 2195 361 2220 tum
397 2189 504 2220 cultus
537 2200 638 2231 usque
670 2189 711 2220 ad
741 2190 847 2221 finem.

172 2240 290 2271 Matres
314 2250 422 2271 earum
450 2250 555 2271 rerum
585 2239 736 2270 dicuntur
767 2239 846 2276 deae,

170 2289 287 2332 quibus
310 2294 461 2332 praesunt.
513 2290 598 2321 Ludi
622 2289 669 2320 illi
693 2289 845 2332 impudici

169 2340 275 2371 verius
302 2350 399 2382 quam
416 2342 529 2380 jocosi,
555 2345 590 2371 ut
615 2339 654 2370 ad
681 2350 746 2370 ver.
771 2341 847 2371 331.

171 2390 361 2422 videbimus.
408 2391 520 2421 Parte.-
535 2390 611 2421 alibi
631 2389 769 2421 officium
788 2391 846 2421 ali-

169 2441 281 2484 cujus;
320 2440 397 2483 quia
426 2451 572 2483 persona,
604 2451 700 2483 qnam
736 2440 846 2472 histrio

170 2491 328 2533 agendam
345 2490 497 2533 suscepit,
515 2490 582 2533 ejus
595 2497 709 2531 partes.
749 2491 845 2522 Nunc

169 2542 266 2573 etiam
292 2552 331 2572 ea
353 2541 489 2583 intellig.
514 2551 585 2583 quae
605 2540 705 2571 Florae
725 2539 846 2572 deben-

169 2598 230 2628 tur,
248 2591 334 2634 quod
356 2591 458 2622 omnis
475 2591 564 2622 locus
583 2601 721 2633 sequens
736 2589 843 2622 docet.

170 2641 298 2683 Incipis,
323 2641 391 2673 ludi
415 2641 461 2673 tui
484 2640 653 2683 incipiunt.
708 2640 749 2672 In
772 2648 846 2672 tem-

167 2703 244 2733 pora
264 2692 356 2729 Maii,
375 2691 408 2722 in
432 2691 517 2722 diem
541 2691 691 2730 tertium;
715 2689 790 2722 hinc
813 2689 846 2721 in

171 2742 376 2774 Kalendariis
398 2741 439 2773 ad
455 2751 566 2773 omnes
585 2741 656 2772 illos
673 2740 742 2772 dies
762 2740 847 2772 Ludi

171 2797 332 2824 notantur.
387 2792 458 2823 Hoc
492 2790 698 2823 memorabile
729 2790 847 2823 Ovidio

919 1487 1021 1517 visum
1046 1492 1094 1518 est
1117 1492 1148 1517 et
1172 1486 1243 1519 lusu
1263 1487 1417 1529 dignum3
1442 1487 1549 1530 itaque
1571 1489 1599 1520 ei

919 1537 963 1567 rei
984 1536 1119 1567 inhaeret
1138 1547 1192 1579 per
1212 1546 1350 1579 quatuor
1367 1548 1489 1569 versus.
1536 1539 1599 1569 Fu-

916 1589 1014 1628 giens,
1041 1587 1113 1629 μὴν
1139 1587 1278 1629 φθίνων,
1305 1588 1346 1618 ad
1377 1588 1498 1619 exitum
1528 1600 1598 1620 ver-

919 1647 1009 1677 gens.
1063 1637 1206 1667 Mensam
1237 1648 1292 1680 pro
1318 1639 1467 1668 mensium
1501 1639 1598 1670 etiam

920 1686 1001 1717 infra
1018 1687 1096 1717 424.
1114 1693 1146 1717 et
1162 1688 1245 1718 Met.
1265 1687 1329 1718 viii.
1344 1688 1420 1718 500.
1469 1688 1599 1725 Cedant,

920 1746 1008 1767 sacra
1027 1736 1084 1767 tibi
1099 1736 1175 1767 sint.

966 1787 1038 1817 189.
1063 1787 1104 1817 Et
1120 1786 1187 1818 ludi
1201 1787 1370 1818 Circenses
1385 1792 1418 1818 et
1433 1787 1553 1819 scenici
1565 1788 1597 1819 in

918 1837 1002 1867 hunc
1019 1843 1142 1872 exeunt,
1160 1836 1287 1874 durant,
1302 1842 1338 1868 ut
1352 1837 1395 1869 iv,
1407 1838 1486 1868 947.
1529 1838 1598 1868 Cir-

917 1898 970 1917 cus
986 1887 1085 1917 Florae
1102 1886 1247 1928 proprius
1261 1886 1295 1917 in
1310 1886 1437 1928 regione
1456 1892 1548 1918 sexta
1563 1893 1598 1918 ut

918 1947 935 1967 e
951 1937 1049 1967 Sexto
1065 1936 1152 1966 Rufo
1169 1942 1316 1978 apparet.
1361 1936 1399 1966 In
1420 1936 1505 1967 ludis
1523 1936 1597 1968 arti-

918 1986 1031 2017 ficibus
1061 1985 1332 2029 praestantissimis
1359 1986 1463 2026 palma
1490 1986 1522 2017 id
1550 1992 1598 2018 est

917 2037 1049 2080 plausus
1079 2035 1219 2067 maximo
1249 2037 1380 2066 clamore
1410 2046 1428 2067 a
1458 2036 1597 2074 theatris,

917 2085 1160 2129 spectatoribus,
1192 2085 1352 2125 dabatur-3
1386 2085 1426 2117 de
1457 2085 1595 2119 clamore

916 2137 972 2169 illo
988 2137 1148 2168 Arnobius
1164 2135 1237 2167 adv.
1254 2135 1377 2167 Gentes
1393 2136 1438 2167 iv.
1456 2147 1487 2178 p.
1507 2138 1569 2168 152
1585 2149 1591 2167 :

918 2193 937 2205 “
960 2187 1165 2219 conclamant
1194 2191 1226 2216 et
1253 2185 1431 2228 adsurgunt
1457 2186 1594 2224 theatra,

918 2248 1025 2269 caveae
1054 2247 1164 2267 ornnes
1192 2241 1386 2278 concrepant
1415 2235 1594 2278 fragoribus

917 2294 1013 2330 atque
1030 2286 1179 2330 plausu.''
1227 2286 1349 2317 Munus
1369 2286 1465 2317 etiam
1486 2286 1527 2317 de
1544 2286 1595 2318 lu-

917 2338 966 2369 dis
981 2344 1012 2368 et
1028 2335 1234 2379 spectaculis·
1281 2337 1406 2367 Ernest.
1422 2335 1517 2367 Clav.
1535 2336 1591 2367 Ci-

916 2399 981 2419 cer.
1015 2387 1074 2418 hac
1104 2397 1194 2423 voce,
1225 2386 1373 2418 observat
1402 2396 1527 2429 semper
1552 2386 1592 2417 de

915 2437 1113 2482 gladiatoriis
1147 2436 1233 2476 dici3
1273 2436 1428 2468 Ovidium
1466 2442 1588 2474 autem,

915 2500 1014 2533 quum
1045 2488 1103 2519 hoc
1130 2487 1200 2519 loco
1228 2489 1305 2518 circi
1330 2498 1441 2518 munus
1463 2486 1592 2524 dixerit,

915 2541 1056 2572 locutum
1078 2548 1146 2569 esse
1169 2543 1205 2569 ut
1225 2543 1367 2580 poetam.
1415 2538 1536 2568 Verum
1558 2537 1592 2568 in

914 2590 1015 2622 Florae
1037 2588 1122 2620 circo
1144 2587 1241 2619 etiam
1264 2586 1418 2618 venatorii
1439 2586 1508 2617 ludi
1533 2586 1589 2618 da-

914 2642 1049 2678 bantur3
1072 2648 1138 2670 ver.
1154 2638 1230 2668 371.
1279 2637 1357 2668 Cum
1373 2637 1450 2668 circi
1465 2647 1591 2668 munere

914 2701 1036 2722 carmen
1046 2695 1094 2719 eat
1107 2686 1494 2730 Lenziusinterpretatur:
1521 2696 1589 2717 car-

915 2752 988 2772 men
1012 2749 1119 2770 meum
1150 2737 1207 2769 tibi
1235 2737 1397 2773 offeratur,
1423 2742 1589 2778 tamquam

916 2801 1045 2826 munus,
1062 2799 1128 2820 una
1142 2798 1214 2819 cum
1231 2786 1450 2819 Circensibus,
1488 2784 1590 2827 Equi—
