1830 3220
534 204 607 246 IN
643 203 860 246 OVIDII
895 204 1056 246 IBIN.
1421 207 1508 248 5323

91 319 184 360 liari
201 319 326 360 unius
348 319 431 359 loci
446 319 616 360 nomine
638 325 772 361 totam
789 320 1016 375 designare
1035 321 1314 375 provinciam.
1350 320 1511 375 Neque

91 401 193 428 vero
217 387 352 428 refert
372 388 487 441 quod
511 387 617 436 Ibis,
641 388 743 428 licet
757 388 1010 443 JEgyptiUS,
1030 389 1084 429 ad
1108 389 1347 444 Cinyphem
1371 389 1513 430 editus

90 454 300 510 fingatur:
332 460 475 509 poetae
505 455 719 510 siquidem
749 470 834 496 non
863 456 997 496 semel
1027 456 1253 511 regionum
1275 457 1516 498 nominibus

94 527 270 578 propter
292 523 492 564 viciniam
519 523 768 565 abutuntur.
822 523 893 565 Sic
917 525 1031 565 enim
1055 525 1338 574 Claudianus,
1360 532 1405 567 et
1424 526 1517 580 ipse

94 591 432 642 Alexandrinus,
456 592 531 646 qui
547 606 726 632 uxorem
749 591 792 632 in
815 592 955 646 patria
976 593 1177 642 duxerat,
1204 593 1352 648 Libyae
1374 594 1519 648 appel-

92 659 252 700 latione
280 675 381 701 usus
412 667 502 710 est3
536 660 741 715 idemque
767 660 1020 702 Pelusiacus
1051 668 1096 702 et
1126 661 1372 714 Canopicus
1402 677 1426 702 a
1454 662 1520 703 Si-

94 728 222 768 donio
244 728 383 769 dictus
405 734 486 776 est,
510 743 643 783 quum
666 735 810 769 tamen
833 728 1117 770 Alexandriae
1139 736 1263 771 natus
1287 736 1427 779 esset3
1459 731 1520 771 sic

95 795 315 837 Ausonius
335 797 525 837 scribens
548 797 590 836 in
613 796 950 852 Monosyllabis:

231 898 471 943 Threicium,
492 898 686 950 Libycum
705 899 820 943 freta,
842 899 1172 950 Cimmeriumque
1192 900 1292 938 ferat
1311 900 1390 938 bos.

99 1005 190 1046 Per
207 1005 413 1062 Libycum
446 1005 648 1060 intelligit
669 1005 929 1060 AEgyptum,
961 1012 1010 1046 ut
1038 1005 1235 1061 Scaliger
1261 1007 1521 1049 observavit.

103 1074 176 1115 Sic
200 1074 335 1115 Persa
355 1088 432 1128 pro
453 1074 586 1115 Medo
611 1079 655 1114 et
672 1080 839 1114 contra:
873 1074 932 1114 sic
955 1075 997 1114 in
1016 1074 1252 1116 Catalectis
1272 1075 1425 1118 Gallus
1446 1091 1524 1131 pro

102 1142 327 1190 Britanno,
351 1147 528 1197 propter
550 1143 774 1197 utriusque
805 1143 945 1197 gentis
969 1144 1249 1185 vicinitatem.
1312 1144 1397 1193 Ita,
1421 1160 1525 1200 quo-

101 1212 213 1252 niam
244 1211 548 1253 Hadriaticum
583 1226 699 1253 mare
735 1212 859 1253 Ionio
891 1213 1181 1267 conjungitur,
1211 1218 1309 1252 κατὰ
1341 1218 1529 1263 μετάδοσιν

104 1287 162 1319 τοῦ
191 1281 350 1330 ὀνόματος
381 1281 550 1322 Ionium
582 1280 838 1335 appellatur,
862 1287 907 1322 et
936 1281 1106 1322 Ionium
1130 1282 1316 1323 vicissim
1341 1283 1528 1324 Hadria-

109 1350 254 1398 ticum,
293 1355 341 1390 ut
374 1349 595 1404 Apollonii
630 1350 891 1391 Scholiastes
927 1351 981 1391 ad
1010 1349 1253 1405 Argonaut.
1289 1351 1359 1393 lib.
1394 1352 1450 1393 iv.
1484 1358 1529 1393 et

106 1418 363 1460 Eustachius
386 1420 440 1460 ad
466 1420 664 1474 Dionysii
687 1419 943 1473 Periegesin
967 1425 1129 1460 notant.
1176 1419 1360 1461 Ovidius
1383 1426 1530 1461 autem

105 1502 189 1542 quo
211 1492 556 1538 στοματομολυνσίαν
578 1487 693 1529 Ibidi
721 1503 797 1529 suo
820 1489 1116 1543 exprobraret,
1134 1488 1264 1543 juxta
1287 1488 1529 1544 Cinyphem

105 1562 255 1598 natum
293 1556 455 1611 fingere
497 1557 598 1597 mihi
636 1557 821 1604 videtur,
860 1557 933 1597 ubi
972 1557 1262 1611 procerissimi
1295 1564 1530 1599 nascuntur

108 1624 228 1672 hirci,
254 1625 328 1679 qui
363 1625 463 1665 inde
499 1624 702 1680 Cinyphii
732 1625 934 1665 dicuntur
973 1625 1094 1673 Silio,
1124 1625 1195 1666 lib.
1223 1625 1293 1674 iii;
1327 1626 1531 1675 Martiali,

108 1693 181 1734 lib.
213 1693 285 1734 vii.
320 1693 643 1748 Epigrammate
681 1693 721 1733 in
764 1693 946 1742 Linum;
990 1694 1094 1734 item
1128 1694 1327 1750 Virgilio,
1365 1693 1530 1750 Georg.

108 1762 181 1802 lib.
203 1762 261 1802 iii.
286 1776 417 1817 quum
441 1763 523 1803 ait:

298 1869 341 1906 N
343 1883 385 1907 ec
404 1870 532 1907 minus
550 1869 700 1907 interea
717 1869 866 1913 barbas,
889 1869 1101 1919 incanaque
1120 1876 1252 1907 menta

299 1933 484 1984 Cinyphii
503 1932 666 1970 tondent
686 1932 794 1969 hirei.

115 2046 204 2087 Sed
227 2046 318 2087 haec
341 2046 548 2087 hactenus
567 2061 664 2101 quae
688 2061 764 2100 pro
787 2045 1017 2099 compertis
1042 2059 1125 2085 non
1149 2045 1370 2093 tradimus,
1395 2044 1533 2086 donec

117 2129 245 2169 super
264 2115 312 2155 iis
334 2115 478 2156 habita
500 2116 584 2156 sint
608 2115 847 2156 doctiorum
871 2114 1057 2155 comitia.

457 2412 575 2440 FINIS
599 2412 828 2440 EXCURSUS
850 2413 897 2440 1N
922 2413 1066 2441 OVIDII
1085 2414 1201 2441 IBIN.
