<?xml version="1.0" encoding="UTF-8"?>
<!DOCTYPE html PUBLIC "-//W3C//DTD XHTML 1.0 Transitional//EN"
    "http://www.w3.org/TR/xhtml1/DTD/xhtml1-transitional.dtd">
<html xmlns="http://www.w3.org/1999/xhtml" xml:lang="en" lang="en">
 <head>
  <title>
</title>
<meta http-equiv="Content-Type" content="text/html;charset=utf-8" />
  <meta name='ocr-system' content='tesseract 3.04.00' />
  <meta name='ocr-capabilities' content='ocr_page ocr_carea ocr_par ocr_line ocrx_word'/>
</head>
<body>
  <div class='ocr_page' id='page_1' title='image "./povidiinasonisop05oviduoft_0441.png"; bbox 0 0 1830 3220; ppageno 0'>
   <div class='ocr_carea' id='block_1_1' title="bbox 443 420 1312 490">
    <p class='ocr_par' dir='ltr' id='par_1_1' title="bbox 443 420 1312 490">
     <span class='ocr_line' id='line_1_1' title="bbox 443 420 1312 490; baseline 0.002 -2"><span class='ocrx_word' id='word_1_1' title='bbox 443 420 1026 489; x_wconf 82' lang='lat' dir='ltr'><strong>PRAEFATIUN</strong></span> <span class='ocrx_word' id='word_1_2' title='bbox 1038 421 1312 490; x_wconf 87' lang='lat' dir='ltr'><strong>CULA.</strong></span> 
     </span>
    </p>
   </div>
   <div class='ocr_carea' id='block_1_2' title="bbox 277 633 1482 684">
    <p class='ocr_par' dir='ltr' id='par_1_2' title="bbox 277 633 1482 684">
     <span class='ocr_line' id='line_1_2' title="bbox 277 633 1482 684; baseline 0.002 -2"><span class='ocrx_word' id='word_1_3' title='bbox 277 633 372 682; x_wconf 90' lang='lat' dir='ltr'><strong>DE</strong></span> <span class='ocrx_word' id='word_1_4' title='bbox 411 633 761 683; x_wconf 87' lang='lat' dir='ltr'><strong>AUCTORE</strong></span> <span class='ocrx_word' id='word_1_5' title='bbox 804 634 1139 684; x_wconf 84' lang='lat' dir='ltr'>HUJUSCE</span> <span class='ocrx_word' id='word_1_6' title='bbox 1180 635 1482 684; x_wconf 86' lang='lat' dir='ltr'><strong>ELEGIAE.</strong></span> 
     </span>
    </p>
   </div>
   <div class='ocr_carea' id='block_1_3' title="bbox 165 835 1608 2433">
    <p class='ocr_par' dir='ltr' id='par_1_3' title="bbox 165 835 1608 2225">
     <span class='ocr_line' id='line_1_3' title="bbox 167 835 1597 909; baseline -0.001 -14"><span class='ocrx_word' id='word_1_7' title='bbox 167 835 465 896; x_wconf 86' lang='lat' dir='ltr'><strong>CARMEN</strong></span> <span class='ocrx_word' id='word_1_8' title='bbox 507 852 589 894; x_wconf 85' lang='lat' dir='ltr'><strong>hoc</strong></span> <span class='ocrx_word' id='word_1_9' title='bbox 625 853 752 909; x_wconf 79' lang='lat' dir='ltr'><strong>longe</strong></span> <span class='ocrx_word' id='word_1_10' title='bbox 780 852 1200 908; x_wconf 73' lang='lat' dir='ltr'><strong>proestantissimum,</strong></span> <span class='ocrx_word' id='word_1_11' title='bbox 1235 860 1284 893; x_wconf 92' lang='lat' dir='ltr'><strong>ut</strong></span> <span class='ocrx_word' id='word_1_12' title='bbox 1317 853 1469 894; x_wconf 90' lang='lat' dir='ltr'><strong>summi</strong></span> <span class='ocrx_word' id='word_1_13' title='bbox 1500 852 1597 894; x_wconf 86' lang='lat' dir='ltr'><strong>Viri</strong></span> 
     </span>
     <span class='ocr_line' id='line_1_4' title="bbox 165 921 1599 977; baseline 0 -14"><span class='ocrx_word' id='word_1_14' title='bbox 165 921 311 963; x_wconf 88' lang='lat' dir='ltr'><strong>verbis</strong></span> <span class='ocrx_word' id='word_1_15' title='bbox 343 928 457 972; x_wconf 87' lang='lat' dir='ltr'><strong>utar,</strong></span> <span class='ocrx_word' id='word_1_16' title='bbox 492 928 536 962; x_wconf 88' lang='lat' dir='ltr'><strong>et</strong></span> <span class='ocrx_word' id='word_1_17' title='bbox 569 921 745 977; x_wconf 79' lang='lat' dir='ltr'><strong>dignum</strong></span> <span class='ocrx_word' id='word_1_18' title='bbox 771 921 902 977; x_wconf 75' lang='lat' dir='ltr'><strong>genio</strong></span> <span class='ocrx_word' id='word_1_19' title='bbox 935 936 989 962; x_wconf 81' lang='lat' dir='ltr'><strong>ac</strong></span> <span class='ocrx_word' id='word_1_20' title='bbox 1022 922 1248 975; x_wconf 61' lang='lat' dir='ltr'><strong>majestate</strong></span> <span class='ocrx_word' id='word_1_21' title='bbox 1278 922 1425 963; x_wconf 73' lang='lat' dir='ltr'><strong>saeculi</strong></span> <span class='ocrx_word' id='word_1_22' title='bbox 1454 922 1599 963; x_wconf 64' lang='lat' dir='ltr'><strong>,Naso-</strong></span> 
     </span>
     <span class='ocr_line' id='line_1_5' title="bbox 167 989 1599 1047; baseline 0.001 -15"><span class='ocrx_word' id='word_1_23' title='bbox 167 991 301 1040; x_wconf 78' lang='lat' dir='ltr'><strong>niani,</strong></span> <span class='ocrx_word' id='word_1_24' title='bbox 340 991 423 1032; x_wconf 88' lang='lat' dir='ltr'><strong>etsi</strong></span> <span class='ocrx_word' id='word_1_25' title='bbox 471 1005 559 1031; x_wconf 91' lang='lat' dir='ltr'><strong>non</strong></span> <span class='ocrx_word' id='word_1_26' title='bbox 607 989 779 1032; x_wconf 90' lang='lat' dir='ltr'><strong>Pedoni</strong></span> <span class='ocrx_word' id='word_1_27' title='bbox 820 989 1117 1040; x_wconf 91' lang='lat' dir='ltr'><strong>Albinovano,</strong></span> <span class='ocrx_word' id='word_1_28' title='bbox 1159 998 1207 1032; x_wconf 91' lang='lat' dir='ltr'><strong>ut</strong></span> <span class='ocrx_word' id='word_1_29' title='bbox 1247 990 1342 1032; x_wconf 83' lang='lat' dir='ltr'><strong>Jos.</strong></span> <span class='ocrx_word' id='word_1_30' title='bbox 1386 991 1599 1047; x_wconf 83' lang='lat' dir='ltr'>Scaliger,</span> 
     </span>
     <span class='ocr_line' id='line_1_6' title="bbox 169 1059 1601 1115; baseline 0 -13"><span class='ocrx_word' id='word_1_31' title='bbox 169 1060 370 1110; x_wconf 85' lang='lat' dir='ltr'><strong>Vossius,</strong></span> <span class='ocrx_word' id='word_1_32' title='bbox 403 1059 580 1115; x_wconf 89' lang='lat' dir='ltr'><strong>aliique,</strong></span> <span class='ocrx_word' id='word_1_33' title='bbox 615 1060 897 1101; x_wconf 89' lang='lat' dir='ltr'><strong>tribuendum</strong></span> <span class='ocrx_word' id='word_1_34' title='bbox 933 1060 1151 1102; x_wconf 82' lang='lat' dir='ltr'><strong>existimet</strong></span> <span class='ocrx_word' id='word_1_35' title='bbox 1184 1059 1243 1101; x_wconf 93' lang='lat' dir='ltr'><strong>N.</strong></span> <span class='ocrx_word' id='word_1_36' title='bbox 1278 1059 1504 1112; x_wconf 86' lang='lat' dir='ltr'><strong>Heinsius,</strong></span> <span class='ocrx_word' id='word_1_37' title='bbox 1538 1061 1601 1102; x_wconf 90' lang='lat' dir='ltr'><strong>ni-</strong></span> 
     </span>
     <span class='ocr_line' id='line_1_7' title="bbox 168 1128 1599 1181; baseline 0.001 -11"><span class='ocrx_word' id='word_1_38' title='bbox 168 1128 402 1171; x_wconf 89' lang='lat' dir='ltr'><strong>hilominus</strong></span> <span class='ocrx_word' id='word_1_39' title='bbox 445 1128 608 1171; x_wconf 88' lang='lat' dir='ltr'><strong>Ovidio</strong></span> <span class='ocrx_word' id='word_1_40' title='bbox 653 1144 741 1171; x_wconf 88' lang='lat' dir='ltr'><strong>non</strong></span> <span class='ocrx_word' id='word_1_41' title='bbox 782 1129 895 1170; x_wconf 89' lang='lat' dir='ltr'><strong>ausit</strong></span> <span class='ocrx_word' id='word_1_42' title='bbox 938 1129 1201 1171; x_wconf 78' lang='lat' dir='ltr'><strong>adscribere.</strong></span> <span class='ocrx_word' id='word_1_43' title='bbox 1275 1128 1400 1171; x_wconf 90' lang='lat' dir='ltr'><strong>“Ille</strong></span> <span class='ocrx_word' id='word_1_44' title='bbox 1439 1137 1599 1181; x_wconf 88' lang='lat' dir='ltr'><strong>tamen,</strong></span> 
     </span>
     <span class='ocr_line' id='line_1_8' title="bbox 170 1198 1603 1257; baseline 0.001 -17"><span class='ocrx_word' id='word_1_45' title='bbox 170 1198 327 1240; x_wconf 89' lang='lat' dir='ltr'><strong>eodem</strong></span> <span class='ocrx_word' id='word_1_46' title='bbox 368 1205 563 1247; x_wconf 86' lang='lat' dir='ltr'><strong>auctore,</strong></span> <span class='ocrx_word' id='word_1_47' title='bbox 601 1199 675 1253; x_wconf 93' lang='lat' dir='ltr'><strong>qui</strong></span> <span class='ocrx_word' id='word_1_48' title='bbox 717 1198 882 1254; x_wconf 87' lang='lat' dir='ltr'><strong>primus</strong></span> <span class='ocrx_word' id='word_1_49' title='bbox 929 1200 1041 1240; x_wconf 87' lang='lat' dir='ltr'><strong>eruit</strong></span> <span class='ocrx_word' id='word_1_50' title='bbox 1082 1214 1105 1240; x_wconf 95' lang='lat' dir='ltr'><strong>e</strong></span> <span class='ocrx_word' id='word_1_51' title='bbox 1148 1199 1356 1249; x_wconf 89' lang='lat' dir='ltr'><strong>tenebris,</strong></span> <span class='ocrx_word' id='word_1_52' title='bbox 1393 1200 1603 1257; x_wconf 77' lang='lat' dir='ltr'><strong>insignem</strong></span> 
     </span>
     <span class='ocr_line' id='line_1_9' title="bbox 170 1266 1602 1323; baseline 0.002 -15"><span class='ocrx_word' id='word_1_53' title='bbox 170 1268 416 1309; x_wconf 73' lang='lat' dir='ltr'><strong>thesaurum</strong></span> <span class='ocrx_word' id='word_1_54' title='bbox 451 1267 602 1308; x_wconf 91' lang='lat' dir='ltr'><strong>usibus</strong></span> <span class='ocrx_word' id='word_1_55' title='bbox 639 1266 828 1321; x_wconf 86' lang='lat' dir='ltr'><strong>publicis</strong></span> <span class='ocrx_word' id='word_1_56' title='bbox 865 1274 931 1309; x_wconf 89' lang='lat' dir='ltr'><strong>est</strong></span> <span class='ocrx_word' id='word_1_57' title='bbox 968 1267 1150 1323; x_wconf 83' lang='lat' dir='ltr'><strong>largitus</strong></span> <span class='ocrx_word' id='word_1_58' title='bbox 1166 1267 1199 1308; x_wconf 88' lang='lat'><strong>!”</strong></span> <span class='ocrx_word' id='word_1_59' title='bbox 1261 1268 1445 1310; x_wconf 80' lang='lat' dir='ltr'><strong>Vossius</strong></span> <span class='ocrx_word' id='word_1_60' title='bbox 1481 1283 1602 1319; x_wconf 91' lang='lat' dir='ltr'><strong>vero,</strong></span> 
     </span>
     <span class='ocr_line' id='line_1_10' title="bbox 169 1336 1603 1393; baseline 0.001 -15"><span class='ocrx_word' id='word_1_61' title='bbox 169 1336 269 1379; x_wconf 85' lang='lat' dir='ltr'><strong>Art.</strong></span> <span class='ocrx_word' id='word_1_62' title='bbox 295 1336 539 1378; x_wconf 86' lang='lat' dir='ltr'><strong>Grammat.</strong></span> <span class='ocrx_word' id='word_1_63' title='bbox 567 1337 609 1378; x_wconf 87' lang='lat' dir='ltr'><strong>ii.</strong></span> <span class='ocrx_word' id='word_1_64' title='bbox 633 1338 704 1378; x_wconf 72' lang='lat'><strong>27.</strong></span> <span class='ocrx_word' id='word_1_65' title='bbox 730 1337 960 1393; x_wconf 85' lang='lat' dir='ltr'><strong>indignum</strong></span> <span class='ocrx_word' id='word_1_66' title='bbox 990 1338 1168 1392; x_wconf 88' lang='lat' dir='ltr'><strong>quidem</strong></span> <span class='ocrx_word' id='word_1_67' title='bbox 1197 1352 1285 1379; x_wconf 92' lang='lat' dir='ltr'><strong>non</strong></span> <span class='ocrx_word' id='word_1_68' title='bbox 1314 1352 1410 1379; x_wconf 89' lang='lat' dir='ltr'><strong>esse</strong></span> <span class='ocrx_word' id='word_1_69' title='bbox 1440 1337 1603 1380; x_wconf 87' lang='lat' dir='ltr'><strong>ovidio</strong></span> 
     </span>
     <span class='ocr_line' id='line_1_11' title="bbox 170 1405 1605 1462; baseline 0.001 -15"><span class='ocrx_word' id='word_1_70' title='bbox 170 1412 334 1455; x_wconf 87' lang='lat' dir='ltr'><strong>censet,</strong></span> <span class='ocrx_word' id='word_1_71' title='bbox 365 1405 418 1446; x_wconf 85' lang='lat' dir='ltr'><strong>ob</strong></span> <span class='ocrx_word' id='word_1_72' title='bbox 453 1405 639 1462; x_wconf 77' lang='lat' dir='ltr'><strong>egregia</strong></span> <span class='ocrx_word' id='word_1_73' title='bbox 675 1406 717 1446; x_wconf 79' lang='lat' dir='ltr'><strong>in</strong></span> <span class='ocrx_word' id='word_1_74' title='bbox 755 1405 829 1446; x_wconf 82' lang='lat' dir='ltr'><strong>illo</strong></span> <span class='ocrx_word' id='word_1_75' title='bbox 865 1406 1028 1462; x_wconf 76' lang='lat' dir='ltr'><strong>ingenii</strong></span> <span class='ocrx_word' id='word_1_76' title='bbox 1061 1406 1249 1454; x_wconf 53' lang='lat' dir='ltr'><strong>lamium·</strong></span> <span class='ocrx_word' id='word_1_77' title='bbox 1283 1407 1359 1448; x_wconf 90' lang='lat' dir='ltr'><strong>sed</strong></span> <span class='ocrx_word' id='word_1_78' title='bbox 1393 1407 1438 1447; x_wconf 91' lang='lat' dir='ltr'><strong>in</strong></span> <span class='ocrx_word' id='word_1_79' title='bbox 1469 1408 1605 1449; x_wconf 88' lang='lat' dir='ltr'><strong>verba</strong></span> 
     </span>
     <span class='ocr_line' id='line_1_12' title="bbox 170 1473 1605 1532; baseline 0.001 -17"><span class='ocrx_word' id='word_1_80' title='bbox 170 1475 317 1532; x_wconf 82' lang='lat' dir='ltr'><strong>magni</strong></span> <span class='ocrx_word' id='word_1_81' title='bbox 355 1473 568 1531; x_wconf 84' lang='lat' dir='ltr'><strong>Scaligeri</strong></span> <span class='ocrx_word' id='word_1_82' title='bbox 598 1475 749 1530; x_wconf 84' lang='lat' dir='ltr'><strong>jurare</strong></span> <span class='ocrx_word' id='word_1_83' title='bbox 787 1474 1013 1530; x_wconf 84' lang='lat' dir='ltr'><strong>promtior,</strong></span> <span class='ocrx_word' id='word_1_84' title='bbox 1050 1474 1213 1517; x_wconf 85' lang='lat' dir='ltr'><strong>ovidio</strong></span> <span class='ocrx_word' id='word_1_85' title='bbox 1254 1490 1342 1517; x_wconf 92' lang='lat' dir='ltr'><strong>non</strong></span> <span class='ocrx_word' id='word_1_86' title='bbox 1377 1476 1460 1517; x_wconf 90' lang='lat' dir='ltr'><strong>nisi</strong></span> <span class='ocrx_word' id='word_1_87' title='bbox 1476 1476 1605 1531; x_wconf 77' lang='lat' dir='ltr'><strong>falso</strong></span> 
     </span>
     <span class='ocr_line' id='line_1_13' title="bbox 170 1543 1604 1600; baseline 0.001 -15"><span class='ocrx_word' id='word_1_88' title='bbox 170 1544 304 1586; x_wconf 89' lang='lat' dir='ltr'><strong>tribui</strong></span> <span class='ocrx_word' id='word_1_89' title='bbox 344 1544 614 1600; x_wconf 86' lang='lat' dir='ltr'><strong>pronuntiat.</strong></span> <span class='ocrx_word' id='word_1_90' title='bbox 679 1543 786 1585; x_wconf 88' lang='lat' dir='ltr'><strong>Non</strong></span> <span class='ocrx_word' id='word_1_91' title='bbox 826 1543 1008 1586; x_wconf 87' lang='lat' dir='ltr'><strong>defuere</strong></span> <span class='ocrx_word' id='word_1_92' title='bbox 1045 1552 1205 1595; x_wconf 90' lang='lat' dir='ltr'><strong>tamen,</strong></span> <span class='ocrx_word' id='word_1_93' title='bbox 1240 1547 1316 1600; x_wconf 92' lang='lat' dir='ltr'><strong>qui</strong></span> <span class='ocrx_word' id='word_1_94' title='bbox 1353 1544 1525 1587; x_wconf 90' lang='lat' dir='ltr'><strong>Nasoni</strong></span> <span class='ocrx_word' id='word_1_95' title='bbox 1556 1544 1604 1587; x_wconf 92' lang='lat' dir='ltr'><strong>li-</strong></span> 
     </span>
     <span class='ocr_line' id='line_1_14' title="bbox 169 1613 1605 1668; baseline 0.001 -13"><span class='ocrx_word' id='word_1_96' title='bbox 169 1614 326 1656; x_wconf 89' lang='lat' dir='ltr'><strong>benter</strong></span> <span class='ocrx_word' id='word_1_97' title='bbox 357 1613 673 1663; x_wconf 78' lang='lat' dir='ltr'><strong>concederent3</strong></span> <span class='ocrx_word' id='word_1_98' title='bbox 707 1628 818 1668; x_wconf 87' lang='lat' dir='ltr'><strong>quos</strong></span> <span class='ocrx_word' id='word_1_99' title='bbox 848 1614 962 1655; x_wconf 91' lang='lat' dir='ltr'><strong>inter</strong></span> <span class='ocrx_word' id='word_1_100' title='bbox 987 1613 1243 1664; x_wconf 59' lang='lat' dir='ltr'><strong>Passerata,</strong></span> <span class='ocrx_word' id='word_1_101' title='bbox 1265 1614 1308 1655; x_wconf 92' lang='lat' dir='ltr'><strong>in</strong></span> <span class='ocrx_word' id='word_1_102' title='bbox 1339 1613 1605 1657; x_wconf 87' lang='lat' dir='ltr'><strong>Praefatione</strong></span> 
     </span>
     <span class='ocr_line' id='line_1_15' title="bbox 171 1683 1606 1740; baseline 0.002 -16"><span class='ocrx_word' id='word_1_103' title='bbox 171 1698 302 1738; x_wconf 89' lang='lat' dir='ltr'><strong>quam</strong></span> <span class='ocrx_word' id='word_1_104' title='bbox 326 1683 678 1738; x_wconf 68' lang='lat' dir='ltr'><strong>praemittendam</strong></span> <span class='ocrx_word' id='word_1_105' title='bbox 708 1691 936 1724; x_wconf 82' lang='lat' dir='ltr'><strong>curaverat</strong></span> <span class='ocrx_word' id='word_1_106' title='bbox 961 1684 1313 1739; x_wconf 85' lang='lat' dir='ltr'><strong>interpretationi</strong></span> <span class='ocrx_word' id='word_1_107' title='bbox 1337 1683 1469 1740; x_wconf 91' lang='lat' dir='ltr'><strong>hujus</strong></span> <span class='ocrx_word' id='word_1_108' title='bbox 1491 1684 1606 1727; x_wconf 88' lang='lat' dir='ltr'><strong>Poe-</strong></span> 
     </span>
     <span class='ocr_line' id='line_1_16' title="bbox 168 1751 1604 1808; baseline 0.001 -14"><span class='ocrx_word' id='word_1_109' title='bbox 168 1753 309 1803; x_wconf 88' lang='lat' dir='ltr'><strong>matis,</strong></span> <span class='ocrx_word' id='word_1_110' title='bbox 339 1767 436 1808; x_wconf 74' lang='lat' dir='ltr'><strong>qnae</strong></span> <span class='ocrx_word' id='word_1_111' title='bbox 471 1751 632 1793; x_wconf 76' lang='lat' dir='ltr'><strong>utinam</strong></span> <span class='ocrx_word' id='word_1_112' title='bbox 657 1751 933 1807; x_wconf 74' lang='lat' dir='ltr'><strong>prodiisset!</strong></span> <span class='ocrx_word' id='word_1_113' title='bbox 969 1751 1186 1794; x_wconf 75' lang='lat' dir='ltr'><strong>exclamat</strong></span> <span class='ocrx_word' id='word_1_114' title='bbox 1221 1767 1276 1794; x_wconf 85' lang='lat' dir='ltr'><strong>ex</strong></span> <span class='ocrx_word' id='word_1_115' title='bbox 1313 1752 1456 1795; x_wconf 89' lang='lat' dir='ltr'><strong>animo</strong></span> <span class='ocrx_word' id='word_1_116' title='bbox 1490 1753 1604 1795; x_wconf 89' lang='lat' dir='ltr'><strong>Bur-</strong></span> 
     </span>
     <span class='ocr_line' id='line_1_17' title="bbox 172 1819 1608 1876; baseline 0.001 -13"><span class='ocrx_word' id='word_1_117' title='bbox 172 1836 371 1863; x_wconf 87' lang='lat' dir='ltr'><strong>mannus.</strong></span> <span class='ocrx_word' id='word_1_118' title='bbox 436 1820 599 1876; x_wconf 89' lang='lat' dir='ltr'><strong>Neque</strong></span> <span class='ocrx_word' id='word_1_119' title='bbox 631 1819 897 1876; x_wconf 84' lang='lat' dir='ltr'><strong>negligenda</strong></span> <span class='ocrx_word' id='word_1_120' title='bbox 926 1836 1107 1876; x_wconf 88' lang='lat' dir='ltr'><strong>prorsus</strong></span> <span class='ocrx_word' id='word_1_121' title='bbox 1137 1820 1204 1862; x_wconf 89' lang='lat' dir='ltr'><strong>Cl.</strong></span> <span class='ocrx_word' id='word_1_122' title='bbox 1233 1820 1408 1862; x_wconf 87' lang='lat' dir='ltr'><strong>Barthii</strong></span> <span class='ocrx_word' id='word_1_123' title='bbox 1436 1829 1608 1865; x_wconf 85' lang='lat' dir='ltr'><strong>senten-</strong></span> 
     </span>
     <span class='ocr_line' id='line_1_18' title="bbox 173 1890 1606 1946; baseline 0.001 -14"><span class='ocrx_word' id='word_1_124' title='bbox 173 1891 249 1940; x_wconf 86' lang='lat' dir='ltr'><strong>tia,</strong></span> <span class='ocrx_word' id='word_1_125' title='bbox 280 1891 371 1946; x_wconf 92' lang='lat' dir='ltr'><strong>qui,</strong></span> <span class='ocrx_word' id='word_1_126' title='bbox 402 1890 574 1946; x_wconf 87' lang='lat' dir='ltr'><strong>quoties</strong></span> <span class='ocrx_word' id='word_1_127' title='bbox 607 1905 701 1932; x_wconf 87' lang='lat' dir='ltr'><strong>sese</strong></span> <span class='ocrx_word' id='word_1_128' title='bbox 734 1890 875 1940; x_wconf 89' lang='lat' dir='ltr'><strong>daret,</strong></span> <span class='ocrx_word' id='word_1_129' title='bbox 905 1891 1177 1932; x_wconf 87' lang='lat' dir='ltr'><strong>occasionem</strong></span> <span class='ocrx_word' id='word_1_130' title='bbox 1207 1905 1296 1931; x_wconf 92' lang='lat' dir='ltr'><strong>non</strong></span> <span class='ocrx_word' id='word_1_131' title='bbox 1326 1892 1606 1946; x_wconf 83' lang='lat' dir='ltr'><strong>praetermisit</strong></span> 
     </span>
     <span class='ocr_line' id='line_1_19' title="bbox 174 1958 1602 2016; baseline 0.001 -14"><span class='ocrx_word' id='word_1_132' title='bbox 174 1960 383 2002; x_wconf 88' lang='lat' dir='ltr'><strong>Ovidiani</strong></span> <span class='ocrx_word' id='word_1_133' title='bbox 399 1961 511 2016; x_wconf 90' lang='lat' dir='ltr'><strong>juris</strong></span> <span class='ocrx_word' id='word_1_134' title='bbox 535 1961 579 2001; x_wconf 92' lang='lat' dir='ltr'><strong>in</strong></span> <span class='ocrx_word' id='word_1_135' title='bbox 603 1958 943 2016; x_wconf 83' lang='lat' dir='ltr'><strong>pulcherrimam</strong></span> <span class='ocrx_word' id='word_1_136' title='bbox 968 1960 1082 2002; x_wconf 87' lang='lat' dir='ltr'><strong>hanc</strong></span> <span class='ocrx_word' id='word_1_137' title='bbox 1107 1959 1309 2016; x_wconf 86' lang='lat' dir='ltr'><strong>Elegiam</strong></span> <span class='ocrx_word' id='word_1_138' title='bbox 1338 1961 1562 2003; x_wconf 87' lang='lat' dir='ltr'><strong>asserendi</strong></span> <span class='ocrx_word' id='word_1_139' title='bbox 1574 1960 1602 2004; x_wconf 67' lang='lat' dir='ltr'><strong>b.</strong></span> 
     </span>
     <span class='ocr_line' id='line_1_20' title="bbox 172 2029 1605 2086; baseline 0.001 -14"><span class='ocrx_word' id='word_1_140' title='bbox 172 2029 451 2078; x_wconf 83' lang='lat' dir='ltr'><strong>Quibuscum</strong></span> <span class='ocrx_word' id='word_1_141' title='bbox 478 2030 652 2071; x_wconf 89' lang='lat' dir='ltr'><strong>omnino</strong></span> <span class='ocrx_word' id='word_1_142' title='bbox 683 2029 901 2071; x_wconf 86' lang='lat' dir='ltr'><strong>consentit</strong></span> <span class='ocrx_word' id='word_1_143' title='bbox 929 2030 991 2071; x_wconf 89' lang='lat' dir='ltr'><strong>vir</strong></span> <span class='ocrx_word' id='word_1_144' title='bbox 1021 2030 1276 2072; x_wconf 89' lang='lat' dir='ltr'><strong>recentioris</strong></span> <span class='ocrx_word' id='word_1_145' title='bbox 1305 2030 1500 2086; x_wconf 86' lang='lat' dir='ltr'><strong>quidem,</strong></span> <span class='ocrx_word' id='word_1_146' title='bbox 1526 2031 1605 2073; x_wconf 90' lang='lat' dir='ltr'><strong>sed</strong></span> 
     </span>
     <span class='ocr_line' id='line_1_21' title="bbox 175 2099 1606 2150; baseline 0.001 -10"><span class='ocrx_word' id='word_1_147' title='bbox 175 2114 263 2142; x_wconf 90' lang='lat' dir='ltr'><strong>non</strong></span> <span class='ocrx_word' id='word_1_148' title='bbox 287 2099 464 2141; x_wconf 88' lang='lat' dir='ltr'><strong>minoris</strong></span> <span class='ocrx_word' id='word_1_149' title='bbox 490 2099 591 2141; x_wconf 89' lang='lat' dir='ltr'><strong>ideo</strong></span> <span class='ocrx_word' id='word_1_150' title='bbox 617 2099 906 2149; x_wconf 83' lang='lat' dir='ltr'><strong>auctoritatis,</strong></span> <span class='ocrx_word' id='word_1_151' title='bbox 929 2099 1050 2140; x_wconf 82' lang='lat' dir='ltr'><strong>Dan.</strong></span> <span class='ocrx_word' id='word_1_152' title='bbox 1076 2100 1212 2150; x_wconf 79' lang='lat' dir='ltr'><strong>Beck,</strong></span> <span class='ocrx_word' id='word_1_153' title='bbox 1234 2099 1279 2141; x_wconf 94' lang='lat' dir='ltr'><strong>in</strong></span> <span class='ocrx_word' id='word_1_154' title='bbox 1303 2114 1382 2141; x_wconf 89' lang='lat' dir='ltr'><strong>sua</strong></span> <span class='ocrx_word' id='word_1_155' title='bbox 1406 2099 1606 2142; x_wconf 88' lang='lat' dir='ltr'><strong>carminis</strong></span> 
     </span>
     <span class='ocr_line' id='line_1_22' title="bbox 176 2169 1592 2225; baseline 0.001 -15"><span class='ocrx_word' id='word_1_156' title='bbox 176 2169 307 2224; x_wconf 87' lang='lat' dir='ltr'><strong>hujus</strong></span> <span class='ocrx_word' id='word_1_157' title='bbox 328 2169 572 2210; x_wconf 74' lang='lat' dir='ltr'><strong>suavissimi</strong></span> <span class='ocrx_word' id='word_1_158' title='bbox 593 2169 799 2220; x_wconf 87' lang='lat' dir='ltr'><strong>editione,</strong></span> <span class='ocrx_word' id='word_1_159' title='bbox 822 2184 921 2225; x_wconf 88' lang='lat' dir='ltr'><strong>quae</strong></span> <span class='ocrx_word' id='word_1_160' title='bbox 944 2169 1109 2225; x_wconf 87' lang='lat' dir='ltr'><strong>Lipsiae</strong></span> <span class='ocrx_word' id='word_1_161' title='bbox 1130 2170 1310 2225; x_wconf 88' lang='lat' dir='ltr'><strong>prodiit,</strong></span> <span class='ocrx_word' id='word_1_162' title='bbox 1338 2170 1389 2211; x_wconf 86' lang='lat'><strong>17</strong></span> <span class='ocrx_word' id='word_1_163' title='bbox 1393 2171 1462 2212; x_wconf 81' lang='lat'><strong>83.</strong></span> <span class='ocrx_word' id='word_1_164' title='bbox 1487 2171 1592 2212; x_wconf 87' lang='lat' dir='ltr'><strong>in-8.</strong></span> 
     </span>
    </p>

    <p class='ocr_par' dir='ltr' id='par_1_4' title="bbox 177 2237 1608 2433">
     <span class='ocr_line' id='line_1_23' title="bbox 235 2237 1608 2295; baseline 0.001 -16"><span class='ocrx_word' id='word_1_165' title='bbox 235 2237 386 2285; x_wconf 84' lang='lat' dir='ltr'><strong>Quum</strong></span> <span class='ocrx_word' id='word_1_166' title='bbox 422 2238 556 2294; x_wconf 86' lang='lat' dir='ltr'><strong>igitur</strong></span> <span class='ocrx_word' id='word_1_167' title='bbox 586 2237 638 2279; x_wconf 91' lang='lat' dir='ltr'><strong>lis</strong></span> <span class='ocrx_word' id='word_1_168' title='bbox 669 2245 816 2279; x_wconf 87' lang='lat' dir='ltr'><strong>tantos</strong></span> <span class='ocrx_word' id='word_1_169' title='bbox 852 2239 966 2280; x_wconf 89' lang='lat' dir='ltr'><strong>inter</strong></span> <span class='ocrx_word' id='word_1_170' title='bbox 996 2239 1112 2280; x_wconf 89' lang='lat' dir='ltr'><strong>viros</strong></span> <span class='ocrx_word' id='word_1_171' title='bbox 1148 2239 1274 2295; x_wconf 88' lang='lat' dir='ltr'><strong>quasi</strong></span> <span class='ocrx_word' id='word_1_172' title='bbox 1304 2239 1608 2295; x_wconf 87' lang='lat' dir='ltr'><strong>componenda</strong></span> 
     </span>
     <span class='ocr_line' id='line_1_24' title="bbox 178 2307 1607 2363; baseline 0.001 -15"><span class='ocrx_word' id='word_1_173' title='bbox 178 2307 304 2349; x_wconf 87' lang='lat' dir='ltr'><strong>nobis</strong></span> <span class='ocrx_word' id='word_1_174' title='bbox 334 2308 540 2363; x_wconf 88' lang='lat' dir='ltr'><strong>supersit,</strong></span> <span class='ocrx_word' id='word_1_175' title='bbox 573 2307 890 2363; x_wconf 85' lang='lat' dir='ltr'><strong>expendendas</strong></span> <span class='ocrx_word' id='word_1_176' title='bbox 921 2307 1012 2349; x_wconf 91' lang='lat' dir='ltr'><strong>sine</strong></span> <span class='ocrx_word' id='word_1_177' title='bbox 1042 2308 1188 2350; x_wconf 90' lang='lat' dir='ltr'><strong>studio</strong></span> <span class='ocrx_word' id='word_1_178' title='bbox 1219 2307 1410 2350; x_wconf 86' lang='lat' dir='ltr'><strong>rationes</strong></span> <span class='ocrx_word' id='word_1_179' title='bbox 1439 2308 1607 2351; x_wconf 90' lang='lat' dir='ltr'><strong>censui-</strong></span> 
     </span>
     <span class='ocr_line' id='line_1_25' title="bbox 177 2377 1448 2433; baseline 0.001 -15"><span class='ocrx_word' id='word_1_180' title='bbox 177 2392 288 2428; x_wconf 89' lang='lat' dir='ltr'><strong>mus,</strong></span> <span class='ocrx_word' id='word_1_181' title='bbox 311 2377 472 2433; x_wconf 88' lang='lat' dir='ltr'><strong>quibus</strong></span> <span class='ocrx_word' id='word_1_182' title='bbox 495 2393 617 2420; x_wconf 88' lang='lat' dir='ltr'><strong>suam</strong></span> <span class='ocrx_word' id='word_1_183' title='bbox 638 2378 822 2433; x_wconf 91' lang='lat' dir='ltr'><strong>quisque</strong></span> <span class='ocrx_word' id='word_1_184' title='bbox 845 2377 1096 2433; x_wconf 90' lang='lat' dir='ltr'><strong>opinionem</strong></span> <span class='ocrx_word' id='word_1_185' title='bbox 1116 2377 1230 2419; x_wconf 88' lang='lat' dir='ltr'><strong>tueri</strong></span> <span class='ocrx_word' id='word_1_186' title='bbox 1250 2384 1448 2419; x_wconf 85' lang='lat' dir='ltr'><strong>conatur.</strong></span> 
     </span>
    </p>
   </div>
   <div class='ocr_carea' id='block_1_4' title="bbox 179 2537 1610 2802">
    <p class='ocr_par' dir='ltr' id='par_1_5' title="bbox 179 2537 1610 2746">
     <span class='ocr_line' id='line_1_26' title="bbox 223 2537 1610 2581; baseline 0.001 -13"><span class='ocrx_word' id='word_1_187' title='bbox 223 2541 237 2557; x_wconf 58' lang='grc' dir='ltr'><strong>ὃ</strong></span> <span class='ocrx_word' id='word_1_188' title='bbox 261 2537 341 2569; x_wconf 80' lang='lat' dir='ltr'><strong>Jean</strong></span> <span class='ocrx_word' id='word_1_189' title='bbox 356 2538 510 2576; x_wconf 77' lang='lat' dir='ltr'><strong>Passer-at,</strong></span> <span class='ocrx_word' id='word_1_190' title='bbox 527 2538 581 2581; x_wconf 86' lang='lat' dir='ltr'><strong>qui</strong></span> <span class='ocrx_word' id='word_1_191' title='bbox 599 2538 754 2581; x_wconf 83' lang='lat' dir='ltr'><strong>Augustae</strong></span> <span class='ocrx_word' id='word_1_192' title='bbox 770 2537 1021 2570; x_wconf 80' lang='lat' dir='ltr'><strong>Tricassinomm</strong></span> <span class='ocrx_word' id='word_1_193' title='bbox 1035 2544 1141 2575; x_wconf 76' lang='lat' dir='ltr'><strong>natus,</strong></span> <span class='ocrx_word' id='word_1_194' title='bbox 1156 2551 1189 2570; x_wconf 77' lang='lat' dir='ltr'><strong>A.</strong></span> <span class='ocrx_word' id='word_1_195' title='bbox 1203 2550 1235 2570; x_wconf 87' lang='lat' dir='ltr'><strong>D.</strong></span> <span class='ocrx_word' id='word_1_196' title='bbox 1249 2539 1345 2570; x_wconf 84' lang='lat'>1534.</span> <span class='ocrx_word' id='word_1_197' title='bbox 1358 2538 1610 2570; x_wconf 85' lang='lat' dir='ltr'><strong>Commentarios</strong></span> 
     </span>
     <span class='ocr_line' id='line_1_27' title="bbox 179 2581 1610 2636; baseline 0.001 -13"><span class='ocrx_word' id='word_1_198' title='bbox 179 2592 262 2623; x_wconf 86' lang='lat' dir='ltr'><strong>inter</strong></span> <span class='ocrx_word' id='word_1_199' title='bbox 277 2598 394 2624; x_wconf 74' lang='lat' dir='ltr'><strong>caetera</strong></span> <span class='ocrx_word' id='word_1_200' title='bbox 409 2591 511 2624; x_wconf 87' lang='lat' dir='ltr'><strong>edidit</strong></span> <span class='ocrx_word' id='word_1_201' title='bbox 525 2592 559 2624; x_wconf 87' lang='lat' dir='ltr'><strong>in</strong></span> <span class='ocrx_word' id='word_1_202' title='bbox 572 2592 692 2624; x_wconf 86' lang='lat' dir='ltr'><strong>Catull.</strong></span> <span class='ocrx_word' id='word_1_203' title='bbox 706 2592 828 2624; x_wconf 87' lang='lat' dir='ltr'><strong>Tibull.</strong></span> <span class='ocrx_word' id='word_1_204' title='bbox 845 2598 877 2624; x_wconf 86' lang='lat' dir='ltr'><strong>et</strong></span> <span class='ocrx_word' id='word_1_205' title='bbox 890 2593 1035 2636; x_wconf 86' lang='lat' dir='ltr'><strong>Propert.</strong></span> <span class='ocrx_word' id='word_1_206' title='bbox 1050 2603 1185 2636; x_wconf 88' lang='lat' dir='ltr'><strong>quorum</strong></span> <span class='ocrx_word' id='word_1_207' title='bbox 1199 2594 1289 2625; x_wconf 89' lang='lat' dir='ltr'><strong>salva</strong></span> <span class='ocrx_word' id='word_1_208' title='bbox 1304 2581 1409 2625; x_wconf 80' lang='lat' dir='ltr'><strong>adh‘uc</strong></span> <span class='ocrx_word' id='word_1_209' title='bbox 1427 2592 1610 2631; x_wconf 74' lang='lat' dir='ltr'><strong>auctoritas,</strong></span> 
     </span>
     <span class='ocr_line' id='line_1_28' title="bbox 180 2646 1610 2692; baseline 0.002 -15"><span class='ocrx_word' id='word_1_210' title='bbox 180 2657 245 2678; x_wconf 90' lang='lat' dir='ltr'><strong>non</strong></span> <span class='ocrx_word' id='word_1_211' title='bbox 260 2646 328 2678; x_wconf 82' lang='lat' dir='ltr'><strong>sine</strong></span> <span class='ocrx_word' id='word_1_212' title='bbox 338 2646 435 2678; x_wconf 88' lang='lat' dir='ltr'><strong>laude</strong></span> <span class='ocrx_word' id='word_1_213' title='bbox 450 2658 593 2690; x_wconf 89' lang='lat' dir='ltr'><strong>unquam</strong></span> <span class='ocrx_word' id='word_1_214' title='bbox 606 2648 646 2679; x_wconf 85' lang='lat' dir='ltr'><strong>ab</strong></span> <span class='ocrx_word' id='word_1_215' title='bbox 660 2647 699 2679; x_wconf 91' lang='lat' dir='ltr'><strong>iis</strong></span> <span class='ocrx_word' id='word_1_216' title='bbox 711 2653 987 2685; x_wconf 79' lang='lat' dir='ltr'><strong>commemoratur,</strong></span> <span class='ocrx_word' id='word_1_217' title='bbox 1000 2648 1055 2692; x_wconf 84' lang='lat' dir='ltr'><strong>qui</strong></span> <span class='ocrx_word' id='word_1_218' title='bbox 1068 2658 1160 2680; x_wconf 85' lang='lat' dir='ltr'><strong>curas</strong></span> <span class='ocrx_word' id='word_1_219' title='bbox 1172 2647 1359 2692; x_wconf 85' lang='lat' dir='ltr'><strong>posteriores</strong></span> <span class='ocrx_word' id='word_1_220' title='bbox 1370 2647 1403 2679; x_wconf 91' lang='lat' dir='ltr'><strong>in</strong></span> <span class='ocrx_word' id='word_1_221' title='bbox 1412 2647 1610 2680; x_wconf 78' lang='lat' dir='ltr'><strong>illustrandis</strong></span> 
     </span>
     <span class='ocr_line' id='line_1_29' title="bbox 182 2700 908 2746; baseline 0.003 -15"><span class='ocrx_word' id='word_1_222' title='bbox 182 2700 305 2742; x_wconf 85' lang='lat' dir='ltr'><strong>Elegiae</strong></span> <span class='ocrx_word' id='word_1_223' title='bbox 321 2700 445 2734; x_wconf 73' lang='lat' dir='ltr'><strong>Latinze</strong></span> <span class='ocrx_word' id='word_1_224' title='bbox 459 2702 657 2746; x_wconf 86' lang='lat' dir='ltr'><strong>principibus</strong></span> <span class='ocrx_word' id='word_1_225' title='bbox 672 2702 908 2746; x_wconf 81' lang='lat' dir='ltr'><strong>impenderunt.</strong></span> 
     </span>
    </p>

    <p class='ocr_par' dir='ltr' id='par_1_6' title="bbox 227 2753 1330 2802">
     <span class='ocr_line' id='line_1_30' title="bbox 227 2753 1330 2802; baseline 0 -16"><span class='ocrx_word' id='word_1_226' title='bbox 227 2753 241 2774; x_wconf 76' lang='lat'><strong>&#39;³</strong></span> <span class='ocrx_word' id='word_1_227' title='bbox 266 2756 303 2786; x_wconf 90' lang='lat' dir='ltr'><strong>In</strong></span> <span class='ocrx_word' id='word_1_228' title='bbox 321 2757 516 2789; x_wconf 73' lang='lat' dir='ltr'><strong>Adversariis</strong></span> <span class='ocrx_word' id='word_1_229' title='bbox 530 2757 659 2802; x_wconf 84' lang='lat' dir='ltr'><strong>passim,</strong></span> <span class='ocrx_word' id='word_1_230' title='bbox 677 2762 711 2789; x_wconf 87' lang='lat' dir='ltr'><strong>et</strong></span> <span class='ocrx_word' id='word_1_231' title='bbox 726 2757 768 2788; x_wconf 92' lang='lat' dir='ltr'><strong>ad</strong></span> <span class='ocrx_word' id='word_1_232' title='bbox 783 2758 865 2789; x_wconf 86' lang='lat' dir='ltr'><strong>Stat.</strong></span> <span class='ocrx_word' id='word_1_233' title='bbox 879 2757 982 2789; x_wconf 82' lang='lat' dir='ltr'><strong>Theb.</strong></span> <span class='ocrx_word' id='word_1_234' title='bbox 997 2756 1031 2789; x_wconf 89' lang='lat' dir='ltr'><strong>ii.</strong></span> <span class='ocrx_word' id='word_1_235' title='bbox 1050 2758 1133 2796; x_wconf 83' lang='lat'><strong>134;</strong></span> <span class='ocrx_word' id='word_1_236' title='bbox 1156 2756 1237 2788; x_wconf 81' lang='lat' dir='ltr'><strong>ibid.</strong></span> <span class='ocrx_word' id='word_1_237' title='bbox 1255 2756 1330 2788; x_wconf 84' lang='lat'><strong>345.</strong></span> 
     </span>
    </p>
   </div>
  </div>
 </body>
</html>
