1830 3220
798 177 942 218 IBlS.
1493 177 1580 219 493

163 291 282 349 Aut,
306 299 362 340 ut
385 292 608 341 olivifera
634 294 890 358 quondam
921 293 1140 357 Sicyone
1165 293 1356 357 fugato,

231 370 310 417 Sit
333 369 489 434 frigus
516 372 690 419 mortis
716 387 870 419 causa
893 370 1155 434 famesque
1180 379 1310 419 tuae:

158 446 281 504 Aut,
309 454 365 494 ut
390 447 665 506 Atarnites,
694 449 891 497 insutus
918 450 1051 513 pelle
1071 449 1277 512 juvenci

228 523 466 588 Turpiter
491 526 554 573 ad
580 526 840 573 dominum
866 526 1037 590 praeda
1060 526 1218 574 ferare
1243 534 1416 574 tuum:

162 599 327 664 Inque
353 609 438 650 tuo
463 603 684 651 thalamo
709 604 806 651 ritu
826 605 1058 667 jugulere
1084 604 1300 661 Pheraei,

230 677 330 732 Qui
357 680 505 727 datus
531 688 611 728 est
635 681 736 728 leto
761 681 994 744 conjugis
1020 698 1142 730 ense
1169 699 1301 729 suae:

164 753 408 819 Quosque
433 766 582 821 putas
607 758 752 814 fidos,
781 766 837 805 ut
862 758 1136 806 Larissaeus
1163 759 1369 816 Alebas,

229 832 451 882 Vulnere
477 851 578 882 non
603 835 731 882 fidos
758 836 1019 899 experiare
1045 845 1158 885 tuo:

165 908 340 973 thue
369 911 545 969 Milon,
568 913 662 960 sub
689 929 790 976 quo
816 915 1039 962 cruciata
1063 923 1141 962 est
1167 915 1289 963 Pisa
1313 923 1543 979 tyranno,

230 987 387 1035 Vivus
414 989 463 1036 in
489 991 716 1038 occultas
744 992 1074 1056 praecipiteris
1100 1009 1288 1056 aquas:

163 1063 395 1130 Quaeque
420 1067 470 1114 in
497 1067 826 1116 Adimantum
849 1069 1076 1117 Phliasia
1099 1086 1256 1133 regna
1279 1077 1539 1118 tenentem

226 1142 306 1190 Ab
335 1143 460 1192 Jove
484 1153 744 1202 venerunt,
772 1154 821 1194 te
848 1163 1054 1211 quoque
1081 1149 1183 1196 tela
1209 1155 1414 1212 petant:
1479 1150 1578 1195 330

1480 372 1580 417 320

1482 763 1579 808 325

163 1307 255 1340 Ocho
282 1309 381 1352 aliqui
406 1311 527 1342 dictum
544 1312 668 1348 volunt,
693 1313 747 1355 qui
771 1313 837 1343 Da-

162 1367 235 1388 reus
254 1364 303 1389 est
323 1359 446 1399 dictus3
471 1361 562 1402 cujus
584 1361 746 1392 historiam
764 1361 838 1393 Val.

161 1407 253 1439 Max.
278 1408 334 1440 lib.
353 1409 398 1441 ix.
418 1421 489 1452 cap.
509 1412 539 1440 2.
560 1411 599 1442 de
626 1411 838 1450 crudelitate3

163 1456 226 1488 vol.
241 1456 274 1489 ii.
290 1469 364 1500 pag.
383 1460 454 1490 151.
471 1466 568 1491 nostr.
586 1460 663 1491 edit.

208 1507 285 1538 319.
296 1509 373 1544 Aut,
383 1515 419 1540 ut
432 1509 604 1552 olivifera]
618 1509 757 1541 Neocles
770 1510 839 1551 (vel

164 1556 332 1598 Nicocles)
358 1559 514 1596 Thuscus‚
539 1571 578 1591 ex
605 1559 739 1601 Sicyone
768 1560 838 1601 pul-

163 1615 226 1642 sus,
251 1607 397 1639 omnibus
421 1608 493 1640 vitae
520 1607 676 1650 praesidiis
707 1608 840 1640 destitu—

164 1661 225 1693 tus,
242 1657 324 1688 fame
338 1664 370 1688 et
383 1658 495 1700 frigore
511 1665 643 1689 mortem
659 1657 751 1688 obiit.

209 1707 285 1738 321.
306 1707 492 1748 Atarnites]
516 1708 558 1738 Et
580 1708 619 1739 de
640 1706 772 1738 Hermia
792 1707 839 1738 in-

164 1756 286 1798 tellige,
301 1756 432 1788 Atarnae
456 1768 539 1799 rege,
558 1757 623 1789 sive
645 1763 792 1798 tyranno,
807 1762 842 1788 ut

164 1814 250 1839 recte
264 1807 403 1839 Turneb.
420 1808 475 1838 lib.
492 1808 536 1839 ix.
554 1807 690 1838 Advers.
705 1807 841 1849 eap.26.

164 1857 268 1888 Addit
288 1868 305 1888 e
328 1857 482 1896 Diodoro,
500 1857 558 1889 lib.
574 1858 642 1888 xvi.
663 1857 840 1893 Turnebus,

165 1907 342 1944 Hermiam,
359 1908 436 1949 quia
459 1919 479 1939 a
499 1908 667 1939 Persarum
691 1917 764 1948 rege
784 1907 840 1938 de-

165 1957 296 1993 fecerat,
336 1958 587 1989 circumventum
625 1958 664 1989 ab
702 1958 841 1988 Hectore

166 2007 248 2039 duce
275 2007 358 2049 regis
382 2008 564 2044 Persarum,
589 2013 620 2038 et
646 2006 679 2038 in
702 2012 841 2050 potesta-

167 2062 232 2089 tem
254 2057 430 2088 redactum.
469 2057 511 2088 At
528 2057 612 2099 quod
629 2056 765 2088 Ovidius
787 2057 842 2094 ait,

165 2110 304 2139 insutum
325 2109 404 2148 pelle
417 2109 562 2148 juvenci,
589 2107 622 2138 id
646 2106 685 2138 de
711 2106 843 2138 Hermia

168 2158 223 2200 qui
249 2157 401 2189 scriberet
422 2157 527 2189 adhuc
550 2168 610 2188 non
628 2157 706 2188 vidi.
754 2158 842 2189 VAL-

168 2207 286 2247 Arma,

214 2258 289 2287 323.
299 2256 397 2298 Inque
412 2263 463 2287 tuo
476 2255 639 2296 thalamo]
653 2256 691 2286 In
703 2254 842 2286 secundo

169 2307 356 2339 Officiorum
372 2307 465 2338 docet
481 2307 606 2342 Cicero,
623 2305 842 2337 Alexandrum

168 2357 335 2388 Pheraeum
362 2368 490 2388 uxorem
513 2357 646 2387 Theben
670 2355 843 2387 admodum

169 2406 318 2438 dilexisse
333 2419 340 2436 :
366 2412 472 2438 tamen
493 2417 531 2437 ex
549 2405 651 2448 epulis
667 2405 707 2436 ad
723 2415 794 2436 eam
811 2405 844 2435 in

169 2456 353 2487 cubiculum
378 2466 476 2498 quum
497 2466 530 2486 se
554 2455 747 2491 conferebat,
771 2455 843 2485 bar-

169 2506 281 2537 barum
316 2505 460 2537 districto
486 2505 595 2547 gladio
620 2505 757 2547 jubebat
788 2514 843 2534 an-

171 2555 265 2587 teire:
284 2556 389 2597 deque
405 2555 609 2597 stipatoribus
625 2555 689 2586 suis
704 2553 844 2597 praemit-

172 2607 272 2643 tebat,
288 2606 343 2648 qui
366 2605 535 2637 muliebres
556 2605 681 2636 arculas
704 2615 844 2647 perscru—

172 2662 323 2688 tarentur.
357 2656 431 2687 Non
446 2662 552 2687 tamen
567 2667 639 2687 eum
653 2654 765 2686 fefellit
776 2654 842 2696 opi-

174 2706 243 2738 nio:
268 2716 343 2737 nam
359 2706 398 2736 ab
418 2717 513 2738 uxore
536 2712 662 2747 propter
678 2705 846 2748 pellicatus

174 2755 385 2799 suspicionem
399 2761 446 2787 est
461 2755 660 2786 interfectus.

954 1315 1029 1345 325.
1062 1315 1200 1356 Quosque
1236 1314 1455 1355 putusfldos]
1486 1313 1582 1345 Thio-

909 1362 1068 1395 damantis
1095 1364 1178 1395 filius
1200 1363 1260 1394 fuit
1283 1363 1416 1399 Alebas,
1444 1363 1499 1405 qui
1522 1364 1582 1394 La-

908 1413 993 1443 rissae
1017 1413 1049 1443 in
1068 1412 1232 1444 Thessalia
1248 1412 1444 1443 dominatum
1461 1412 1583 1444 habuit.

908 1462 1079 1499 Satellites‚
1104 1462 1222 1493 civium
1245 1461 1367 1498 timore,
1394 1462 1515 1493 Alebas
1542 1462 1582 1493 ad

909 1511 1087 1542 custodiam
1118 1511 1269 1548 habebat,
1296 1522 1375 1553 quos
1409 1511 1489 1542 fidos
1523 1511 1583 1543 sibi

909 1560 1121 1592 existimabat.
1159 1560 1203 1591 At
1230 1561 1270 1591 ab
1297 1560 1373 1603 ipsis
1401 1566 1511 1602 postea
1536 1566 1584 1592 est

909 1610 1113 1649 interfectu53
1147 1610 1220 1641 vide
1249 1610 1423 1647 Alcimum,
1454 1610 1510 1641 lib.
1541 1610 1586 1642 vi.

909 1660 1038 1701 Parerg.
1053 1670 1124 1702 cap.
1140 1660 1195 1689 21.

953 1711 1031 1740 827.
1051 1709 1150 1750 thue
1167 1708 1300 1749 Milon.]
1320 1708 1459 1740 Milones
1477 1709 1583 1751 plures

909 1759 1005 1791 fuisse
1034 1764 1179 1790 constat:
1209 1769 1343 1800 quorum
1372 1758 1503 1800 quidam
1529 1759 1582 1789 Pi-

909 1819 977 1839 sam
989 1808 1098 1840 Elidos
1114 1807 1226 1844 tenuit,
1243 1807 1296 1849 qui
1313 1807 1447 1839 Pisanos
1461 1809 1584 1839 crucia-

910 1859 996 1890 tibus
1011 1858 1192 1890 adficiebat.
1215 1857 1359 1888 Tandem
1376 1856 1408 1888 in
1419 1857 1583 1900 Alpheum

909 1908 1042 1939 fluvium
1062 1908 1171 1939 Pisam
1196 1908 1404 1949 profluentem
1423 1907 1585 1939 demersus

911 1968 930 1989 a
948 1957 1072 1989 Pisanis
1089 1963 1147 1994 est,
1162 1957 1188 1987 si
1200 1956 1411 1987 vetustissimo
1426 1957 1586 1989 credimus

910 2007 1083 2050 interpreti.
1138 2007 1218 2038 Sunt
1248 2012 1355 2038 autem
1383 2006 1466 2039 Pisae
1490 2008 1585 2050 juxta

911 2058 1074 2100 Alpheum
1102 2057 1182 2094 sitae,
1200 2057 1255 2089 uhi
1279 2056 1346 2088 ludi
1366 2057 1508 2100 Olympii
1533 2068 1586 2089 ce—

911 2108 1126 2139 lebrabantur.
1174 2108 1264 2139 Forte
1281 2107 1407 2148 legend.
1423 2106 1494 2138 hic:
1526 2107 1584 2138 Ut-

911 2170 968 2199 que
990 2159 1042 2189 ille
1059 2159 1113 2189 sub
1139 2168 1206 2199 qun,
1226 2163 1258 2189 et
1278 2157 1521 2198 intelligendum
1545 2158 1586 2189 de

912 2207 1120 2239 Pantaleone.
1153 2207 1293 2238 Pausan.
1311 2217 1383 2249 pag.
1399 2207 1585 2238 240—242.

911 2257 1032 2288 SANCT-

956 2309 1031 2340 329.
1049 2308 1181 2348 Quaeque
1198 2309 1232 2338 in
1247 2307 1476 2348 Adimantum]
1504 2306 1584 2339 Adi-

912 2363 1050 2394 mantus,
1081 2357 1238 2398 Phyletiae
1276 2367 1342 2392 rex,
1372 2356 1475 2387 Ponto
1512 2367 1586 2389 con-

908 2407 1041 2450 junetae,
1055 2407 1121 2438 sive
1131 2410 1181 2447 (ut
1196 2406 1250 2438 alii
1262 2405 1388 2446 volunt)
1399 2407 1585 2445 Thessaliae,

913 2458 1055 2489 Deorum
1078 2463 1286 2499 contemptor,
1310 2456 1381 2487 Diis
1407 2457 1584 2489 sacrificare

915 2507 1066 2549 neglexit,
1083 2517 1115 2537 se
1135 2506 1212 2549 ipsis
1226 2507 1373 2548 majorem
1390 2506 1584 2548 praedicans;

914 2567 1011 2599 quare
1037 2567 1056 2588 a
1079 2558 1160 2588 Jove
1188 2556 1318 2587 fulmine
1349 2555 1431 2586 ictus
1455 2556 1586 2587 interiit.

914 2606 1101 2642 Pausanias,
1142 2606 1175 2637 in
1217 2605 1440 2642 Corinthiacis,
1480 2606 1584 2637 multa

913 2655 995 2686 scitu
1024 2655 1211 2697 dignissima
1239 2654 1278 2686 de
1302 2653 1450 2686 Phliasiis
1479 2655 1586 2697 prodi-

914 2704 971 2735 dit.
