1830 3220
568 176 921 219 FASTORUM
954 178 1077 220 LIB.
1102 178 1168 221 ΙΙ.
1523 182 1581 222 85

159 294 319 342 ORTA
349 293 458 341 dies
484 292 662 342 fuerit:
703 301 758 342 tu
784 294 961 343 desine
986 295 1194 343 credere
1218 296 1382 344 ventis
1404 316 1415 355 ;

227 372 460 421 Perdidit
486 372 620 420 illius
647 374 890 437 temporis
917 389 1038 421 aura
1062 373 1233 422 fidem.

158 450 389 499 Flamina
415 467 515 498 non
537 458 802 499 constant:
844 457 897 499 et
917 468 1009 499 sex
1029 459 1252 500 reserata
1273 452 1454 502 diebus
1479 457 1578 504 455

229 529 462 577 Carceris
489 529 639 576 AEolii
659 530 818 592 janua
842 529 961 576 laxa
986 537 1147 594 patet.

158 605 281 653 JAM
309 606 432 654 levis
458 606 669 669 obliqua
694 606 916 653 subsidit
941 605 1196 670 Aquarius
1222 625 1380 668 urna3

231 683 505 732 Proximus
531 683 768 731 aetherios
796 685 995 749 excipe,
1025 685 1208 743 Piscis,
1238 704 1416 751 equos.

159 762 232 810 Te
249 770 546 817 memorant,
560 762 869 826 fratremque
886 770 1047 820 tuum,
1063 781 1177 812 nam
1189 767 1370 829 juncta
1386 767 1582 816 micatis

230 840 403 904 Signa,
431 840 558 888 duos
584 847 727 903 tergo
754 841 1060 890 sustinuisse
1089 843 1246 892 Deos.

1487 849 1586 894 460

160 918 458 967 Terribilem
485 919 742 983 quondam
767 918 967 982 fugiens
994 920 1245 986 Typhona
1271 922 1454 981 Dione,

229 997 373 1045 Tunc
401 1014 560 1062 quum
586 1014 677 1062 pro
703 999 830 1046 coelo
851 997 1053 1063 Jupiter
1079 1016 1217 1048 arma
1242 1001 1372 1058 tulit,

161 1075 316 1125 Venit
340 1077 404 1125 ad
432 1076 748 1142 Euphratem
774 1079 1018 1126 comitata
1045 1079 1302 1144 Cupidine
1329 1097 1499 1145 parvo,

231 1154 395 1220 Inque
423 1155 714 1204 Palaestinae
740 1158 967 1221 margine
994 1159 1127 1206 sedit
1152 1175 1316 1223 aquae.

163 1233 392 1298 Populus
420 1241 472 1282 et
497 1252 672 1283 cannae
699 1235 921 1300 riparum
948 1253 1147 1285 summa
1171 1239 1433 1296 tenebant,
1488 1242 1587 1289 465

236 1312 500 1378 Spemque
521 1314 712 1362 dabant
733 1315 931 1374 salices,
952 1316 1044 1363 hos
1065 1332 1272 1380 quoque
1293 1333 1444 1381 posse
1463 1319 1584 1381 tegi.

208 1477 284 1508 453.
313 1478 478 1509 Ventorum
492 1479 700 1509 inconstantia
713 1478 787 1510 inde
804 1480 843 1510 ab

163 1526 274 1558 eodem
291 1527 355 1563 die,
377 1538 440 1569 quo
457 1528 660 1570 Lupercalia.
707 1528 843 1566 Plinius,

166 1578 209 1609 H.
225 1578 268 1609 N.
284 1577 373 1609 xviii.
390 1579 451 1609 65:
478 1578 544 1610 xiv.
564 1579 637 1611 Kal.
655 1579 769 1611 Martii
787 1583 843 1611 tri-

165 1629 262 1659 duum
274 1629 369 1665 varie,
381 1627 449 1659 scil.
459 1628 548 1660 varia
559 1633 742 1671 tempestas.
758 1630 846 1661 Libri

166 1683 229 1709 tres
248 1683 369 1709 veteres
379 1680 629 1720 prodiditfidem,
643 1680 729 1721 quod
746 1680 846 1711 Hein-

166 1728 212 1759 sio
228 1739 292 1759 non
308 1728 413 1759 minus
428 1729 557 1770 elegans
573 1729 751 1761 videbatur.
778 1731 846 1772 Ego

167 1777 300 1820 praefero
324 1778 470 1809 alterum.
518 1779 653 1810 Prodere
670 1780 768 1820 fidem
789 1786 847 1817 est,

168 1838 231 1858 non
246 1838 371 1859 servare
388 1827 483 1858 fidem
500 1827 623 1860 datam.
660 1829 724 1866 Qui
740 1829 773 1860 id
789 1840 848 1860 sae-

167 1877 239 1920 pius
255 1877 347 1913 facit,
361 1878 388 1908 is
400 1879 620 1919 perditfldem,
637 1889 700 1910 non
712 1879 848 1921 amplius

168 1928 197 1959 ei
224 1930 383 1966 creditar,·
409 1939 481 1970 quae
508 1928 594 1960 notio
621 1928 655 1960 h.
680 1929 702 1960 1.
729 1929 848 1971 optime

167 1979 330 2010 convenit.
381 1978 495 2010 Carcer
514 1980 645 2016 AEolius,
671 1985 796 2010 antrum
816 1979 849 2010 in

168 2039 232 2071 quo
253 2029 352 2065 venti,
381 2029 479 2059 AEolo
505 2029 696 2071 imperante,
721 2028 848 2067 inclusi,

169 2085 202 2110 et
225 2079 258 2110 in
280 2079 378 2121 quod,
398 2085 563 2121 tamquam
584 2079 617 2111 in
641 2090 811 2116 carcerem,
830 2090 849 2111 a

167 2129 248 2161 Jove
264 2128 407 2161 damnati
423 2134 507 2161 sunt.
547 2128 695 2166 Ovidius,
714 2130 849 2160 Metam.

169 2179 213 2211 iv.
227 2180 308 2211 662:
328 2184 349 2197 “
362 2180 532 2211 Clauserat
544 2179 745 2222 Hippotades
755 2184 848 2211 aeter-

169 2241 209 2261 no
221 2240 347 2261 carcere
362 2229 507 2267 ventos,”
521 2229 577 2260 ubi
593 2228 666 2260 vide
682 2234 747 2260 not.

214 2280 401 2311 457—474.
426 2281 558 2321 Aquarii
582 2290 702 2311 occasus
723 2285 752 2310 et
775 2280 852 2311 Solis

170 2331 323 2373 ‘ingressus
352 2333 386 2361 in
425 2331 565 2362 Piscium
593 2332 727 2372 signum,
763 2332 852 2370 cujus

171 2383 252 2423 signi
290 2383 374 2423 origo
411 2387 576 2412 narratur.
635 2380 737 2416 Levis,
778 2380 853 2422 quia

174 2431 326 2473 aquarius
337 2431 478 2473 juvenis,
491 2430 514 2461 i.
529 2431 604 2462 652.
629 2430 752 2461 Urnam
765 2435 853 2461 tenet

172 2481 334 2522 obliquam,
354 2486 388 2512 ut
404 2491 488 2522 aqua
503 2478 579 2511 inde
594 2480 722 2511 effluere
740 2479 851 2522 possit.

174 2530 284 2561 Pisces
307 2530 370 2561 duo
384 2532 574 2572 junguntur
602 2529 683 2560 nodo
707 2528 773 2566 illo,
798 2530 853 2572 qui

174 2578 360 2622 σύνδεσμος
385 2582 453 2611 τῶν
485 2579 612 2622 ἰχθύων
635 2585 777 2617 vocatur,
808 2585 851 2616 et,

175 2630 251 2673 quia
266 2630 363 2661 totius
380 2629 512 2672 sphaerae
530 2640 599 2661 esse
615 2628 794 2666 videbatur,
812 2630 852 2661 ab

176 2680 275 2712 Arato
299 2679 482 2723 σύνδεσμος
506 2678 723 2722 ὑπουράνιος,
744 2690 762 2710 a
783 2679 854 2712 Cic.

177 2732 273 2762 ⁴nodus
294 2732 430 2762 catast-is.
482 2729 606 2772 Hygin.
625 2730 662 2761 P.
678 2729 722 2761 A.
738 2728 785 2760 iii.
801 2730 855 2761 29.

915 1478 965 1510 De
993 1478 1173 1510 nominibus
1202 1489 1309 1510 eorum
1341 1478 1414 1511 vide
1443 1479 1488 1511 iii.
1516 1481 1592 1513 402.

915 1529 1070 1560 Fabulam
1092 1539 1159 1570 seq.
1177 1528 1297 1571 Hygin.
1314 1530 1351 1560 P.
1370 1529 1411 1559 A.
1429 1529 1464 1560 ii.
1483 1531 1536 1561 30.
1553 1541 1591 1561 ex

915 1579 1094 1620 Diogeneta
1126 1579 1292 1620 Erythraeo
1322 1579 1466 1610 similiter
1489 1579 1595 1611 refert.

915 1629 1021 1660 Aliter
1038 1633 1144 1659 narrat
1155 1628 1262 1659 Schol.
1276 1628 1460 1660 Germanic.
1473 1640 1504 1671 p.
1521 1630 1594 1660 112.

960 1679 1036 1709 461.
1062 1679 1114 1709 De
1134 1678 1275 1719 Typhone
1292 1678 1362 1709 scil.
1403 1678 1531 1719 Typhzro
1546 1679 1594 1721 gi-

915 1734 1011 1769 gante
1038 1727 1102 1759 vid.
1126 1729 1267 1758 Metam.
1292 1727 1337 1758 iii.
1363 1728 1448 1766 303;
1474 1740 1505 1759 v.
1530 1729 1591 1759 321

916 1788 986 1820 sqq.
1012 1777 1067 1809 ubi
1092 1777 1225 1808 emissus
1251 1778 1315 1808 ima
1340 1778 1380 1808 de
1405 1778 1480 1809 sede
1505 1783 1595 1810 terrae

917 1834 1052 1859 cunctos
1082 1828 1170 1859 Deos
1201 1828 1234 1857 in
1272 1827 1379 1869 sugam
1415 1827 1521 1865 vertit,
1553 1834 1597 1865 et,

918 1888 1016 1918 quum
1037 1876 1070 1907 in
1090 1878 1270 1919 AEgyptum
1294 1886 1393 1918 usque
1416 1886 1468 1908 eos
1489 1887 1596 1919 perse-

918 1932 1011 1958 cutus
1034 1933 1130 1963 esset,
1151 1926 1268 1963 effecit,
1288 1931 1324 1956 ut
1341 1925 1502 1957 variarum
1527 1927 1595 1958 ani-

917 1976 1073 2007 mantium
1111 1976 1229 2018 figuras
1272 1980 1446 2012 sumerent,
1486 1977 1599 2008 Venus

917 2026 1005 2068 pisce
1038 2026 1165 2058 lateret.
1214 2026 1277 2056 Pro
1309 2026 1394 2056 coelo.
1442 2025 1599 2067 Gigantes

917 2075 1002 2107 enim
1013 2075 1210 2108 affectabant
1221 2075 1354 2106 coeleste
1370 2085 1514 2116 regnum.
1533 2076 1600 2106 Eu-

916 2127 1039 2166 phrates
1060 2131 1193 2157 vocatur
1219 2125 1388 2156 Palaestina
1406 2137 1497 2166 aqua,
1520 2125 1598 2168 quia

919 2175 1044 2219 Syriam
1062 2175 1169 2212 alluit,
1188 2175 1279 2218 cujus
1295 2185 1367 2217 pars
1383 2174 1460 2205 olim
1478 2175 1598 2207 Palaes-

920 2227 998 2258 tina.
1043 2227 1168 2268 Hygin.
1194 2226 1228 2257 d.
1261 2226 1285 2256 1.
1317 2225 1388 2256 “in
1407 2225 1530 2267 Syriam
1558 2226 1598 2258 ad

920 2277 1039 2308 flumen
1078 2276 1277 2318 Euphratem
1314 2275 1435 2307 venit.''
1482 2275 1599 2308 Ovidio

922 2327 1059 2357 Metam.
1073 2325 1116 2357 iv.
1132 2326 1185 2357 46.
1204 2325 1365 2356 Pulaestim'
1381 2330 1456 2356 sunt
1471 2325 1553 2368 Syri.

966 2377 1041 2407 466.
1067 2376 1131 2406 Hos
1145 2375 1289 2416 quoque]
1321 2376 1402 2406 Haec
1417 2376 1514 2406 verba
1528 2376 1600 2418 plu-

922 2438 972 2458 res
992 2427 1072 2458 Intt.
1094 2425 1319 2465 offenderunt5
1345 2430 1377 2457 et
1399 2435 1511 2468 parum
1531 2426 1601 2469 pla-

923 2482 1007 2508 cent.
1053 2475 1165 2508 Heins.
1181 2476 1265 2518 conj.
1279 2477 1325 2506 his
1339 2487 1454 2517 quoque
1473 2476 1524 2507 vel
1541 2477 1600 2513 hic,

923 2528 1000 2568 quia
1023 2526 1056 2557 in
1085 2536 1149 2556 uno
1176 2525 1285 2557 Vatic.
1314 2526 1377 2562 hoc,
1408 2525 1440 2556 in
1467 2530 1602 2567 quatuor

923 2577 993 2608 aliis
1007 2587 1049 2608 se.
1096 2576 1208 2607 Burm.
1230 2574 1320 2606 malit
1341 2576 1386 2606 his
1401 2575 1452 2606 vel
1476 2579 1517 2607 sic
1536 2575 1558 2606 i.
1573 2586 1601 2606 e.

922 2627 1084 2658 Venerem
1111 2625 1193 2657 inter
1215 2624 1342 2662 salices,
1362 2624 1440 2656 licet
1464 2623 1601 2655 humiles

923 2681 1041 2713 essent,
1071 2680 1102 2707 et
1131 2686 1257 2706 summa
1294 2679 1420 2706 tantum
1458 2679 1602 2705 tenerent

924 2727 1075 2770 riparum,
1099 2730 1206 2757 tamen
1237 2736 1327 2768 posse
1353 2725 1463 2756 latere.
1509 2723 1600 2756 Idem
