1830 3220
592 166 941 208 FASTORUM
978 166 1100 207 LIB.
1128 166 1183 207 V.

1517 166 1603 207 257

178 281 271 330 Est
298 285 456 332 moles
483 283 679 341 nativa3
722 284 832 331 loco
856 299 934 331 res
962 284 1166 331 nomina
1190 283 1338 331 fecit:

243 361 524 426 Appellant
549 377 730 409 saxum
753 380 763 419 ;
794 377 910 425 pars
935 361 1070 409 bona
1090 361 1277 409 montis
1299 377 1360 408 ea
1384 367 1480 408 est.
1506 363 1599 407 150

175 439 309 488 Huic
339 440 533 488 Remus
559 439 812 488 institerat
837 438 1039 497 frustra,
1069 456 1171 503 quo
1201 447 1429 504 tempore
1458 438 1598 487 fratri

241 517 416 566 Prima
442 518 689 566 Palatinae
716 518 862 581 signa
887 518 1102 565 dedistis
1129 534 1262 566 aveS.

173 595 390 661 Templa
415 596 596 644 Patres
622 596 742 652 illic,
767 596 941 644 oculos
968 612 1124 644 exosa
1148 596 1332 651 viriles,

244 674 449 722 Leniter
475 674 656 722 adclivi
684 674 995 722 constituere
1015 676 1156 738 jugo.

175 752 395 801 Dedicat
414 753 523 800 haec
539 752 724 800 veteris
743 752 1047 799 Clausorum
1069 752 1287 799 nominis
1303 751 1480 808 haereS,
1506 754 1597 799 155

241 831 483 896 Virgineo
509 832 703 879 nullum
729 847 939 896 corpore
967 847 1119 895 passa
1145 831 1321 877 virum.

174 909 312 958 Livia
338 911 590 969 restituit3
634 927 696 958 ne
722 927 822 958 non
848 910 1044 958 imitata
1069 909 1305 957 maritum

242 988 410 1046 Esset,
440 996 491 1038 et
515 1005 579 1037 ex
606 989 743 1036 omni
770 995 914 1053 parte
940 996 1117 1036 secuta
1141 987 1320 1035 virum.

174 1067 440 1115 POSTERA
470 1084 627 1131 quum
653 1083 849 1116 roseam
876 1067 1037 1131 pulsis
1064 1065 1375 1131 Hyperionis
1403 1065 1551 1112 astris

242 1145 304 1193 In
330 1146 592 1194 matutinis
618 1146 857 1210 lampada
883 1145 1015 1193 tollit
1041 1144 1187 1209 equis
1210 1164 1220 1199 3

172 1313 305 1345 alteram
331 1314 399 1346 deae
428 1315 530 1346 aedem
560 1315 593 1346 in
616 1315 744 1357 regione
772 1315 851 1346 duo-

170 1363 308 1394 decima.
356 1364 466 1396 Oculos
503 1376 588 1396 erosa
626 1366 741 1402 viriles,
776 1365 852 1407 quia

171 1412 246 1444 viris
274 1424 421 1446 accessus
446 1426 508 1446 non
534 1415 696 1454 dabatur,
723 1415 850 1446 Plutar-

170 1463 250 1495 chus
266 1464 352 1495 dieto
367 1464 579 1507 1000”Ανόρα
595 1464 627 1497 δὲ
651 1466 851 1508 προσελθεῖν

169 1514 208 1545 οὐ
225 1513 324 1557 θέμις,
341 1514 406 1546 οὐδ’
423 1515 479 1547 ἐπὶ
497 1518 556 1555 τῆς
579 1515 685 1553 οἰκίας
701 1515 852 1558 γενέσθαι

170 1568 239 1597 τῶν
275 1565 370 1608 ἱερῶν
408 1565 667 1609 ὀργιαζομένων·
720 1566 848 1603 Noster,

170 1614 244 1646 Art.
262 1616 409 1647 Amator.
432 1616 478 1648 iii.
496 1617 559 1648 637
574 1629 580 1647 ι
605 1621 629 1634 “
643 1627 742 1659 quum
762 1616 852 1658 fuget

170 1676 190 1696 a
205 1666 331 1708 templis
347 1667 455 1697 oculos
476 1667 569 1698 Bona
587 1666 663 1698 diva
680 1666 851 1697 virorum.'’

171 1709 376 1758 Quicumque
399 1716 446 1746 vir
469 1716 526 1746 illa
549 1726 640 1746 sacra
661 1715 711 1746 vel
732 1715 850 1758 impru-

170 1765 249 1797 dens
278 1766 488 1808 adspexisset,
522 1776 593 1797 eum
623 1765 724 1797 oculis
749 1765 852 1797 orbari

172 1816 367 1855 credebant;
390 1816 551 1849 Tibullus.
570 1817 600 1848 Ι.
620 1816 662 1848 vi.
679 1817 733 1847 24.
767 1816 852 1847 Cau-

170 1877 238 1897 sam
250 1867 318 1909 ejus
332 1866 375 1898 rei
390 1866 530 1898 reddidit
542 1867 656 1903 Varro,
671 1866 742 1897 leco
757 1865 852 1897 modo

171 1917 279 1950 allato.
326 1918 377 1949 De
409 1918 593 1949 Clausorum
622 1924 729 1959 gente,
755 1922 787 1949 et
812 1917 851 1948 de

171 1969 314 2001 Claudia
330 1968 465 2007 Quinta,
482 1968 605 2010 virgine
627 1974 748 2003 sancta,
765 1967 852 1998 illius

170 2019 308 2061 nominis
347 2018 477 2055 herede,
508 2018 581 2049 vide
614 2018 654 2049 ad
694 2017 737 2049 iv.
766 2018 852 2055 305;

170 2079 368 2111 quamquam
384 2078 469 2099 nune
486 2073 518 2099 et
534 2067 597 2099 alia
613 2068 700 2109 virgo
716 2067 852 2109 intelligi

170 2123 277 2160 potest
298 2118 448 2150 Claudia.
494 2119 592 2149 Livia:
629 2123 734 2149 autem
773 2129 853 2160 opus

171 2168 270 2200 etiam
285 2168 309 2200 i.
326 2169 401 2200 649.
417 2169 580 2200 laudatur.

218 2220 403 2251 159—182.
428 2220 489 2250 Die
503 2221 645 2255 secundo,
658 2225 714 2249 aut
727 2218 770 2250 vi.
787 2219 851 2249 No-

172 2281 285 2302 narum
303 2271 443 2313 Argestes
465 2276 572 2302 ventus
586 2271 699 2312 surgit,
715 2277 743 2300 et
761 2269 851 2310 Hya-

170 2321 221 2351 des
235 2322 394 2354 orirentur.

218 2370 405 2412 Hyperionis
435 2376 468 2402 et
492 2370 582 2402 Thiae
607 2369 674 2401 filia
704 2369 852 2408 Aurora,

172 2421 201 2452 ei
219 2422 334 2462 lampas
351 2420 510 2459 tribuitur,
522 2421 588 2453 sive
606 2421 659 2451 fax
672 2425 705 2451 et
720 2419 850 2461 quidem

169 2483 252 2502 rosea
261 2483 272 2509 ,·
306 2482 379 2502 eum
405 2471 489 2502 enim
515 2472 651 2502 colorem
675 2469 781 2501 omnia
804 2480 852 2500 re-

172 2522 288 2558 ferunt,
311 2532 382 2564 quae
409 2521 542 2553 Aurorae
566 2526 650 2552 sunt.
701 2520 793 2551 Tollit
820 2522 853 2551 in

170 2574 266 2613 equis,
282 2578 374 2603 vecta
390 2571 491 2614 equis,
509 2582 622 2614 nempe
643 2570 744 2612 bigisg
774 2571 850 2601 AEn.

170 2622 225 2654 vii.
251 2623 304 2653 26.
333 2622 496 2653 “Aurora
524 2621 558 2653 in
584 2621 682 2652 roseis
707 2620 852 2663 fulgebat

170 2672 260 2704 lutea
285 2672 413 2714 bigis;’'
452 2672 611 2709 Tibullus,
647 2671 674 2702 Ι.
706 2671 749 2702 iii.
784 2672 848 2703 93:

171 2727 191 2740 ‘⁴
206 2721 388 2753 Luciferum
432 2721 530 2753 roseis
568 2720 707 2753 candida
747 2727 850 2764 portat

170 2772 298 2814 equis.'‘
346 2774 499 2815 Argeste3‚
531 2778 644 2805 ventus
668 2772 708 2803 ab
733 2782 850 2803 occasu

221 2823 324 2854 VOL.
348 2824 392 2855 V.

1503 1146 1596 1191 160

922 1313 1093 1351 solstitiali,
1118 1313 1178 1344 hoc
1201 1319 1260 1350 est,
1285 1312 1546 1355 septemtrionali,
1569 1318 1601 1344 et

911 1365 1044 1407 ji-igida
1073 1369 1162 1407 parte
1198 1363 1387 1399 occidentis,
1422 1363 1513 1399 flans,
1544 1363 1600 1405 qui

922 1415 1006 1446 idem
1028 1422 1060 1446 et
1084 1415 1208 1453 Corus3
1234 1413 1369 1450 Plinius,
1394 1413 1428 1444 ii.
1455 1414 1520 1452 47;
1543 1414 1599 1445 sed

921 1466 1043 1497 Seneca
1074 1465 1153 1496 Nat.
1185 1466 1250 1503 Qu.
1277 1476 1308 1495 v.
1341 1464 1391 1494 16.
1429 1462 1597 1495 discrimen

922 1515 1018 1547 facit:
1045 1520 1066 1533 “
1080 1515 1110 1546 A
1129 1514 1289 1546 solstitiali
1312 1514 1478 1545 occidente
1498 1515 1583 1546 Coru

920 1566 1019 1603 venit,
1049 1566 1104 1608 qui
1142 1565 1228 1608 apud
1258 1565 1413 1607 quosdam
1450 1565 1602 1607 Argestes

920 1616 1051 1648 dicitur.
1083 1616 1168 1648 Mihi
1185 1627 1248 1647 non
1264 1615 1407 1654 videtur;
1435 1615 1509 1657 quia
1526 1615 1598 1647 Cori

921 1667 1061 1698 violenta
1083 1666 1132 1697 vis
1155 1672 1213 1703 est,
1239 1672 1270 1698 et
1295 1665 1328 1696 in
1352 1676 1449 1696 unam
1477 1671 1599 1708 partem

920 1728 1043 1760 rapax3
1066 1718 1220 1759 Argestes
1248 1716 1312 1748 fere
1341 1716 1447 1747 mollis
1477 1722 1536 1753 est,
1568 1723 1601 1747 et

922 1773 987 1799 tam
1009 1767 1160 1799 euntibus
1181 1765 1370 1802 communis,
1396 1777 1491 1807 quam
1510 1766 1601 1797 rede-

921 1817 1086 1849 untibus.’'
1127 1817 1166 1847 In
1182 1822 1324 1847 nostrum
1342 1816 1507 1857 Argestern
1524 1826 1600 1847 con-

921 1867 1020 1904 venit,
1038 1867 1123 1909 quod
1139 1867 1193 1898 1110
1215 1866 1255 1897 (10
1274 1866 1356 1897 Coro
1374 1864 1472 1904 dicit3
1496 1865 1552 1897 sed
1568 1872 1600 1897 et

922 1917 1009 1948 Plin.
1035 1916 1126 1948 xviii.
1153 1918 1216 1948 77:
1243 1921 1264 1933 ‘⁶
1279 1915 1380 1947 Corus
1403 1916 1459 1946 flat
1481 1916 1521 1946 ab
1546 1927 1600 1947 oc-

922 1977 998 1998 casu
1026 1967 1186 1999 solstitiali
1216 1972 1247 1997 et
1275 1965 1469 1997 occidentali
1499 1966 1599 1998 latere

921 2016 1166 2060 septemtrionis,
1196 2027 1215 2048 a
1253 2015 1377 2048 Graecis
1406 2016 1511 2047 dictus
1539 2016 1600 2047 Ar-

921 2073 1039 2109 gestes,
1058 2079 1097 2099 ex
1115 2067 1328 2109 frigidissimis
1343 2072 1374 2098 et
1391 2066 1492 2109 ipse.'’
1523 2068 1601 2098 Mis-

921 2119 998 2149 cebit
1019 2118 1136 2149 dicitur
1160 2118 1200 2149 de
1222 2116 1512 2148 vehementioribus
1533 2129 1600 2149 rno-

920 2169 1005 2199 tibus
1020 2174 1085 2199 tam
1106 2174 1283 2204 ventorum,
1301 2178 1399 2209 quam
1421 2166 1600 2199 civitatum.

919 2218 983 2250 Sed
1002 2220 1158 2255 mulcebit,
1176 2218 1262 2260 quod
1283 2218 1390 2249 caeteri
1412 2228 1522 2249 omnes
1542 2218 1598 2249 ha-

919 2270 1007 2305 bent,
1028 2268 1165 2311 Zephyri
1187 2267 1291 2311 potius
1313 2267 1479 2299 lenitatem
1495 2268 1599 2300 decet.

920 2320 1077 2350 Burman.
1107 2318 1205 2349 etiam
1233 2317 1313 2349 vidit
1339 2331 1357 2349 a
1390 2319 1530 2349 Calabris
1554 2319 1598 2350 le·
1637 2339 1639 2342 -

920 2369 1060 2410 gendum
1083 2379 1162 2405 esse,
1185 2379 1259 2406 non,
1283 2382 1301 2399 a
1326 2369 1461 2409 Capreis,
1484 2378 1596 2411 quam—

921 2430 1016 2462 quam
1039 2419 1084 2450 sic
1110 2419 1239 2462 plurimi
1264 2419 1362 2449 MSS.
1388 2418 1464 2461 quia
1485 2429 1596 2461 paueae

920 2480 1017 2501 naves
1055 2481 1074 2501 a
1109 2469 1241 2512 Capreis
1282 2470 1458 2506 solvebant,
1498 2469 1597 2511 pluri-

919 2531 979 2551 mae
1011 2528 1122 2551 contra
1152 2531 1170 2551 e
1200 2520 1405 2551 Brundusino
1442 2520 1596 2552 Calabro-

920 2581 988 2601 rum
1019 2570 1115 2609 sinu3
1154 2569 1210 2601 sed
1246 2581 1344 2612 quum
1379 2569 1465 2601 idem
1495 2574 1597 2612 putat,

923 2621 1072 2652 Calabras
1095 2631 1189 2662 aquas
1213 2620 1317 2652 dictas
1345 2631 1414 2651 esse
1443 2631 1499 2662 pro
1525 2618 1595 2661 qui-

920 2672 1130 2714 buscumque,
1147 2672 1279 2703 fallitur.
1326 2671 1477 2712 Argestes
1500 2669 1595 2707 enim,

920 2722 975 2764 qui
1001 2722 1086 2754 idern
1112 2729 1144 2754 et
1168 2723 1284 2765 Iapyx,
1310 2721 1467 2753 secundus
1498 2719 1558 2751 suit
1579 2731 1596 2752 0

920 2772 1125 2804 Brundusino
1153 2778 1246 2815 portu
1271 2771 1430 2804 Graeciam
1460 2769 1597 2813 petenti-

1053 2823 1078 2852 L
1093 2822 1103 2851 l
