1809 3220
224 157 311 199 372
764 153 1113 196 EXCURSUS

226 288 367 329 posse,
393 272 673 315 vehementer
696 273 867 313 omnino
890 271 1054 319 dubito,
1074 276 1120 311 et
1141 284 1272 325 quum
1295 270 1377 311 alia
1398 269 1645 325 explicatio,

229 358 314 398 qua
337 342 530 384 citeriori
555 343 599 383 in
623 341 721 382 colle
743 342 996 397 jungantur,
1018 347 1176 395 praesto
1207 340 1285 388 sit3
1318 340 1466 381 dubito
1497 354 1550 381 an
1577 338 1649 380 illa

228 426 417 466 unquam
436 411 604 452 admitti
627 411 774 465 possit.
820 410 1042 451 Praeterea
1065 410 1249 451 Ovidius
1272 409 1371 450 nihil
1394 409 1479 450 tale
1501 408 1646 457 habet,

228 487 272 522 et
296 481 435 536 potuit
460 481 550 522 haec
575 480 768 521 Fortuna
795 480 910 520 nude
935 479 1129 520 Fortuna
1152 478 1334 520 Publica
1356 478 1513 520 vocari.
1575 477 1653 519 Ad

231 551 356 591 Fast.
381 565 418 591 v,
443 550 541 591 739.

389 653 431 690 N
433 667 475 692 ec
494 661 534 691 te
553 661 792 705 praeteream,
813 651 946 704 populi
970 652 1144 690 Fortuna
1163 650 1333 703 potentis

495 716 669 762 Publica,
691 718 751 756 cui
772 718 962 769 templum
984 717 1069 756 luce
1089 724 1275 768 sequente
1296 716 1444 761 datum,

228 825 301 866 ubi
337 825 618 873 Kalendaria-‚
659 830 749 865 tum
784 825 970 866 Fortem.
1002 825 1163 881 public.
1195 825 1298 866 PR.
1334 825 1378 866 in
1410 824 1525 873 colle,
1560 829 1650 869 tum

228 895 414 936 Fortun.
442 895 573 950 prim.
609 895 654 934 in
688 894 787 935 colle
821 894 985 950 legunt,
1011 894 1252 935 luculenter
1288 908 1343 935 ex
1385 894 1519 934 altero
1557 893 1650 935 loco

229 964 404 1018 quidem
439 969 617 1018 apparet
651 963 758 1004 hanc
798 969 939 1004 notam
972 963 1070 1004 PR.
1105 963 1332 1018 legendam
1371 977 1466 1004 esse
1493 963 1649 1020 primi-

223 1033 388 1090 qeni(e;
422 1033 498 1074 sed
523 1033 732 1074 Ovidium
756 1033 869 1073 idem
895 1033 1145 1087 designasse
1170 1032 1247 1073 hac
1271 1032 1651 1074 circumlocutione

221 1103 377 1160 populi
401 1104 608 1159 potentis,
639 1095 735 1144 cum
762 1103 976 1157 Fogginio
1012 1103 1113 1143 mihi
1145 1102 1406 1156 persuadere
1438 1116 1520 1143 non
1555 1116 1650 1156 pos-

229 1189 337 1221 sum,
363 1179 408 1214 et
437 1173 616 1214 credere
647 1173 757 1213 malo
788 1172 994 1213 Ovidium
1026 1172 1199 1213 easdem
1232 1178 1355 1212 notas
1379 1171 1476 1213 PR.
1507 1171 1550 1212 in
1579 1171 1650 1212 ka-

228 1242 421 1283 lendario
443 1257 518 1283 suo
547 1248 743 1296 repertas
767 1241 923 1297 legisse
948 1242 1111 1298 Popula·
1132 1242 1331 1289 Romani,
1355 1248 1400 1283 et
1429 1242 1490 1282 ita
1510 1241 1652 1282 versui

227 1312 482 1353 intexuisse.

286 1381 431 1421 Taceo
462 1387 622 1421 caetera
651 1381 756 1429 loca,
789 1380 860 1420 ubi
887 1379 1064 1421 Verrius
1087 1380 1218 1421 Ovid.
1249 1379 1435 1434 supplet,
1461 1393 1502 1420 v.
1528 1394 1565 1420 c.
1597 1379 1650 1420 ad

232 1451 273 1491 d.
296 1450 354 1491 23
377 1456 421 1491 et
441 1450 498 1491 24
522 1450 651 1491 Mart.
677 1451 729 1490 ad
755 1451 779 1491 l
802 1457 847 1491 et
867 1450 924 1491 :23
946 1449 1087 1505 April.
1111 1457 1156 1491 et
1183 1450 1286 1491 alios
1317 1450 1425 1499 dies,
1447 1463 1580 1504 quum
1608 1453 1653 1489 et

229 1519 340 1560 infra
362 1520 561 1574 quaedam
583 1521 625 1559 in
650 1519 886 1560 subsidium
910 1520 1105 1560 vocanda
1126 1519 1223 1560 sint.

288 1588 429 1637 Alius,
451 1603 579 1643 quem
603 1589 806 1644 Fogginii
835 1589 943 1629 liber
976 1589 1175 1630 laudatus
1208 1595 1396 1644 praestat,
1427 1602 1528 1629 usus
1557 1602 1652 1629 cer—

230 1658 345 1699 nitur
381 1659 423 1700 in
462 1658 670 1700 fastorum
704 1666 916 1707 veterum,
949 1664 997 1699 ut
1031 1673 1243 1713 nusquam
1278 1664 1406 1699 antea
1438 1658 1651 1706 exstabat,

230 1728 486 1769 collectione
511 1728 639 1783 plena
669 1735 713 1770 et
742 1729 925 1784 integra,
950 1744 1079 1784 quam
1109 1744 1206 1770 cum
1235 1728 1518 1770 illustratione
1548 1727 1652 1769 ube-

229 1800 356 1847 riore,
376 1799 683 1840 commentario
707 1800 748 1840 in
772 1799 975 1840 Verrium
998 1799 1155 1840 adsuit.
1209 1799 1322 1850 Quae
1345 1797 1502 1839 tabulae
1521 1811 1652 1852 quum

229 1868 466 1909 arctissimo
490 1868 659 1909 vinculo
691 1883 787 1909 cum
821 1868 969 1910 Ovidii
999 1868 1200 1917 carmine,
1225 1868 1340 1922 quod
1371 1868 1413 1907 in
1445 1867 1496 1907 iis
1524 1867 1653 1908 inter-

229 1938 450 1992 pretandis
490 1944 697 1986 versatur,
737 1938 997 1987 cohaereant,
1037 1953 1089 1979 eo
1125 1938 1261 1993 magis
1299 1937 1533 1978 dolendum
1572 1942 1652 1984 est,

228 2007 473 2062 fragmenta
495 2023 644 2049 eorum
673 2023 774 2049 casu
806 2009 991 2063 quodam
1015 2008 1199 2062 ingrato,
1223 2008 1265 2047 in
1296 2006 1507 2061 prioribus
1538 2019 1657 2046 men-

230 2076 361 2124 sibus,
393 2091 500 2131 quos
534 2076 664 2118 Ovid.
697 2077 916 2125 describit,
946 2092 1035 2131 prae
1072 2077 1165 2117 aliis
1196 2090 1346 2117 manca
1379 2089 1488 2122 esse,
1519 2089 1653 2129 quum

231 2146 451 2187 uberiores
490 2161 638 2187 eorum
681 2147 980 2188 adnotationes
1021 2147 1065 2186 in
1105 2146 1322 2187 mensibus
1363 2145 1568 2200 Augusto
1610 2150 1655 2185 et

232 2215 491 2270 Septembre
525 2222 715 2264 exstent,
740 2230 764 2256 e
796 2216 952 2270 quibus
984 2215 1207 2270 quasdam,
1230 2215 1475 2269 speciminis
1507 2228 1652 2263 causa,

232 2299 289 2325 ex
319 2284 522 2340 Augusto
558 2300 705 2327 mense
742 2286 951 2340 descripsi
984 2291 1029 2326 et
1058 2286 1099 2326 in
1132 2285 1216 2325 fine
1248 2284 1441 2339 adjunxi.
1506 2283 1652 2336 Quum

232 2360 374 2395 tamen
406 2370 490 2396 non
520 2369 615 2396 raro
651 2362 694 2397 et
724 2357 766 2397 in
800 2356 1009 2411 prioribus
1042 2355 1256 2396 laudanda
1288 2359 1386 2394 sunt
1418 2353 1509 2394 haec
1539 2353 1652 2408 frag-

232 2429 379 2464 menta
408 2432 456 2464 ut
485 2431 532 2464 ut
561 2439 713 2479 pauca,
738 2425 958 2480 praecipua
988 2439 1136 2466 eorum
1169 2424 1246 2464 hoc
1276 2423 1369 2464 loco
1402 2422 1656 2478 attingenda

233 2493 399 2548 putavi.

289 2561 348 2602 1⁰.
383 2561 573 2604 Kalend.
604 2562 911 2616 Maffoeiorum‚
946 2563 1006 2604 ita
1042 2562 1217 2610 dictum,
1257 2561 1372 2616 quod
1407 2561 1449 2601 in
1488 2559 1652 2601 aedibus

232 2631 523 2673 Elaffaeiorum
559 2631 741 2686 primum
777 2638 927 2686 patere
968 2633 1127 2686 coepit;
1164 2638 1210 2671 ut
1243 2630 1507 2685 perhibetur,
1543 2643 1653 2670 anno

231 2699 360 2741 1524.
384 2701 436 2741 ad
456 2715 652 2755 campum
678 2701 818 2742 Florae
839 2708 1072 2755 repertum.
1138 2700 1236 2741 Prae
1260 2700 1352 2741 aliis
1375 2700 1514 2741 minus
1535 2712 1650 2738 man*
