1809 3220
235 168 323 210 442

240 285 496 335 Eventura
521 300 726 350 precor:
771 284 912 332 Deus
939 300 1186 333 excusare
1212 283 1377 348 priora

573 167 663 208 AD
697 166 934 208 LIVIAM
966 165 1326 208 AUGUSTAM

1560 285 1658 330 415

310 364 445 412 Dum
471 364 621 419 volet,
650 379 679 411 a
706 362 876 411 Druso
902 371 1073 412 cetera
1097 363 1214 410 laeta
1238 363 1395 410 dabit.

238 443 313 491 Tu
336 451 506 491 tamen
533 459 657 490 ausa
682 450 829 507 potes
855 448 1000 489 tanto
1026 441 1290 505 indulgere
1317 441 1492 497 dolori,

308 520 531 585 Longius
557 529 612 569 ut
636 522 784 575 nolis,
813 521 911 568 heu
939 520 1071 568 male
1097 520 1255 576 fortis,
1285 519 1367 567 ali.

236 600 340 648 Vix
369 601 522 649 etiam
547 599 715 648 fueras
743 616 931 665 paucas
958 599 1126 647 vitalis
1153 598 1203 646 in
1229 599 1394 655 horas,

308 679 511 727 Obtulit
542 679 708 727 invitae
736 695 895 743 quum
920 678 1010 726 tibi
1039 677 1214 725 Caesar
1238 693 1417 742 opem:

1559 679 1660 724 420

237 757 580 823 Admovitque
603 774 798 823 preceS‚
827 765 878 806 et
899 758 982 821 jus
1009 756 1286 804 immiscuit
1310 756 1438 815 illis;

306 837 567 901 Aridaque
594 836 774 885 adfusa
799 842 1006 900 guttura
1029 835 1182 883 tinxit
1207 851 1368 899 aqua3

240 915 350 964 Nec
377 915 539 964 minor
565 923 643 963 est
667 923 786 963 nato
813 913 1071 963 servandae
1097 930 1217 962 cura
1243 913 1496 978 parentis:

307 993 404 1042 Hic
431 994 642 1042 adhibet
667 994 897 1049 blandas,
926 1009 1018 1041 nec
1047 992 1154 1040 sine
1176 994 1306 1057 jure,
1335 1008 1530 1057 preces.

239 1073 488 1138 Conjugis
515 1082 567 1121 et
592 1073 695 1121 nati
719 1074 954 1121 meritum
979 1072 1208 1137 pervenit
1233 1072 1297 1120 ad
1319 1088 1521 1120 omnes:
1557 1074 1657 1120 425

308 1152 556 1216 Conjugis
583 1161 634 1200 et
659 1152 782 1209 nati,
812 1151 967 1208 Livia,
996 1167 1173 1216 sospes
1199 1167 1295 1215 ope
1323 1167 1394 1199 es.

239 1231 511 1297 Supprime
535 1233 640 1296 jam
667 1231 930 1279 lacrimas:
973 1246 1072 1278 non
1100 1238 1179 1278 est
1206 1229 1502 1278 revocabilis
1529 1228 1656 1285 istis,

305 1310 472 1366 Quem
499 1311 657 1359 semel
684 1310 957 1359 umbrifera
982 1310 1150 1358 navita
1175 1309 1324 1358 lintre
1350 1309 1484 1357 tulit.

236 1388 462 1438 Hectora
488 1397 563 1437 tot
587 1389 782 1446 fratres,
811 1396 887 1437 tot
912 1388 1163 1437 deflevere
1191 1404 1415 1436 sorores:

304 1468 370 1516 Et
391 1476 550 1534 pater,
579 1476 629 1516 et
653 1470 860 1533 conjux,
890 1468 1264 1533 Astyanaxque
1289 1484 1430 1533 puer,

1555 1469 1656 1514 430

238 1546 307 1595 Et
327 1548 556 1611 longaeva
575 1564 787 1612 parens:
818 1555 988 1596 tamen
1014 1547 1097 1595 ille
1124 1547 1381 1595 redemtus
1407 1546 1470 1595 ad
1496 1545 1657 1610 ignes,

304 1625 564 1690 Nullaque
591 1643 681 1692 per
710 1626 916 1692 Stygias
943 1627 1123 1674 umbra
1147 1626 1341 1674 renavit
1366 1641 1546 1691 aquas.

237 1705 465 1770 Contigit
490 1706 586 1754 hoc
613 1706 766 1754 etiam
786 1706 988 1755 Thetidi
1012 1723 1021 1754 :
1063 1706 1334 1771 populator
1360 1704 1588 1753 Achilles

308 1784 466 1833 Iliaca
492 1785 740 1833 ambustis
766 1785 967 1833 ossibus
994 1801 1112 1833 arva
1136 1784 1346 1850 premit:

235 1888 320 1920 iisse.
343 1888 426 1922 Vide
447 1889 579 1921 Sueton.
601 1888 676 1920 Tib.
699 1899 792 1932 capp.
813 1890 855 1921 50
879 1895 911 1921 et

240 1941 296 1971 51.

279 1991 354 2022 415.
381 1990 466 2021 Deus
484 2002 626 2022 excusare
645 1992 750 2031 priora
771 1992 842 2021 dnm
866 2003 911 2021 rn-

236 2042 290 2078 let,
305 2041 385 2082 etc.]
415 2041 485 2072 Nec
503 2052 584 2072 vana
598 2051 728 2083 precor3
744 2041 799 2072 Dii
817 2041 913 2078 enim,

235 2097 270 2122 ut
301 2090 422 2121 illatam
451 2091 547 2122 Drusi
573 2097 671 2122 morte
697 2090 914 2123 calamitatem

234 2139 436 2177 imminuant,
456 2141 533 2171 nihil
551 2151 613 2172 non
630 2140 703 2172 felix
724 2151 761 2172 ac
784 2152 911 2184 prospe—

235 2201 303 2222 rum
330 2191 423 2222 matri
449 2191 599 2234 deinceps
625 2197 656 2222 et
688 2191 774 2223 fratri
799 2202 910 2223 conce-

235 2240 324 2273 dent.

279 2292 356 2322 417.
391 2290 437 2322 Τιι
469 2298 566 2322 tamen
598 2303 671 2322 ausa
706 2299 800 2332 potes,
828 2293 910 2334 etc.]

235 2340 357 2371 Liviam
382 2341 537 2384 increpat,
556 2352 626 2383 quae
656 2342 700 2373 ita
726 2343 824 2373 dolori
849 2343 911 2385 pri-

235 2401 320 2422 murn
338 2390 462 2422 videtur
477 2391 657 2428 indulsisse,
675 2399 708 2424 ut
725 2395 844 2434 longius
868 2395 912 2425 ali

235 2440 390 2479 noluei·it;
424 2441 539 2483 vixque
568 2445 706 2482 precanti
736 2451 768 2474 et
786 2445 915 2483 jubenti

235 2491 331 2521 etiarn
362 2490 520 2533 Augusto,
550 2493 600 2522 cui
633 2505 690 2523 nvn
722 2495 821 2524 minor
848 2501 915 2524 erat

234 2552 329 2582 quam
357 2540 420 2571 filio
445 2541 618 2582 (Tiberim)
644 2552 721 2573 cura
747 2543 909 2575 servandae

232 2591 383 2633 parentis,
398 2591 493 2622 vitam
508 2602 595 2622 suam
606 2593 805 2624 concesserit.
832 2594 909 2624 lloec

234 2640 355 2672 Poeta:
389 2642 510 2673 Seneca
547 2652 630 2678 vcro,
670 2642 832 2675 consolat.
870 2643 910 2674 ad

234 2691 339 2722 Marc.
369 2691 420 2722 iv:
448 2697 469 2709 ·‘
488 2692 561 2727 Illa,
593 2692 707 2735 inquit¹
739 2693 769 2723 in
811 2694 910 2735 primo

233 2740 368 2778 fervore.
401 2753 498 2783 quum
531 2743 669 2774 maxime
698 2743 910 2785 impatientes,

232 2789 414 2833 ferocesque
439 2798 512 2823 sunt
535 2792 680 2829 miserim,
698 2804 730 2825 sc
746 2794 911 2826 consolan-

980 1888 1054 1920 dam
1089 1889 1172 1921 Areo
1212 1888 1399 1932 philosopho
1436 1887 1592 1931 praebuit;
1629 1894 1662 1921 et

981 1939 1117 1971 multum
1141 1950 1211 1971 eam
1236 1950 1303 1970 rem
1325 1939 1479 1982 profuisse
1503 1937 1564 1970 sibi
1586 1949 1661 1971 con-

981 1990 1065 2021 sessa
1080 1996 1147 2021 est:
1174 1990 1245 2033 plus
1259 2000 1352 2032 quam
1370 1990 1522 2032 populum
1539 1989 1662 2021 Roma-

982 2051 1069 2077 num,
1100 2051 1195 2082 quern
1227 2040 1356 2072 nolebat
1385 2040 1505 2072 tristem
1536 2039 1664 2072 tristitia

983 2101 1041 2122 sua
1079 2091 1202 2123 facere:
1237 2090 1309 2133 plus
1338 2101 1435 2133 quam
1466 2090 1661 2133 Augustum,

983 2140 1051 2183 qui,
1067 2141 1224 2173 subducto
1240 2141 1338 2173 altero
1357 2140 1563 2177 adminiculo,
1583 2141 1659 2173 titu-

981 2192 1098 2231 babat3
1124 2202 1181 2223 nec
1207 2192 1297 2223 luctu
1313 2202 1438 2223 suorum
1454 2190 1660 2223 inclinandus

981 2243 1084 2279 erat‚''
1113 2249 1177 2274 etc.
1236 2243 1333 2274 Certe
1364 2253 1424 2273 non
1452 2242 1659 2285 malefortis,

981 2303 1053 2334 quae
1071 2293 1166 2324 talem
1181 2303 1214 2324 se
1230 2292 1342 2324 mulier
1357 2293 1548 2335 praestiterit.

1025 2343 1101 2374 427.
1130 2343 1200 2374 Non
1217 2349 1258 2374 est
1274 2344 1450 2374 revocabilis
1466 2345 1530 2374 istis
1545 2343 1659 2386 (lut-m·-

981 2392 1053 2432 mis)
1070 2404 1155 2434 quem
1170 2394 1268 2429 semel,
1285 2392 1364 2434 etc.]
1392 2393 1506 2424 Horat.
1529 2392 1570 2424 ad
1587 2393 1659 2425 Vir-

983 2441 1038 2484 gil.
1062 2442 1101 2474 de
1126 2442 1315 2481 Quinctilio,
1336 2443 1357 2473 i.
1381 2442 1519 2474 0d.24:
1545 2447 1564 2461 ‘⁴
1582 2443 1657 2475 Non

984 2504 1073 2525 vauae
1097 2494 1205 2525 redeat
1229 2493 1358 2535 sanguis
1385 2492 1529 2535 imagini,
1550 2494 1658 2531 Quam

983 2543 1071 2586 virga
1086 2544 1181 2575 semel
1200 2543 1325 2575 horrida
1338 2543 1410 2574 Non
1421 2543 1502 2575 lenis
1512 2544 1659 2586 precibus

980 2594 1047 2625 sata
1062 2594 1236 2630 recludere,
1254 2594 1353 2637 Nigro
1367 2593 1557 2637 compulerit
1570 2595 1658 2626 Mer-

980 2645 1086 2676 curius
1099 2644 1222 2686 gregi.''

1025 2696 1101 2726 429.
1121 2695 1255 2726 Hectora
1273 2701 1314 2725 tot
1329 2694 1463 2737 fratres,
1479 2694 1559 2736 etc.]
1579 2694 1658 2726 Poe-

981 2745 1042 2777 tice
1069 2745 1281 2776 luxuriantem
1309 2745 1382 2787 quis
1408 2756 1468 2778 non
1500 2744 1552 2776 hic
1579 2744 1658 2776 Ovi-

980 2795 1068 2827 dium
1085 2797 1258 2838 agnoscat?
