1809 3220
231 153 317 197 480

635 152 685 193 P.
712 151 925 194 OVIDII
960 154 1244 198 NASONIS

229 271 472 334 Quasque
497 284 592 332 ego
617 268 860 316 transiero
886 284 1079 332 poenas,
1107 271 1326 334 patiatur
1349 279 1402 319 et
1426 271 1566 320 illas:

294 347 503 396 Plenius
529 345 729 409 ingenio
755 345 820 393 sit
844 345 997 393 miser
1021 346 1105 395 ille
1131 362 1259 395 meo.

228 426 371 475 Neve
396 423 565 472 minus
589 423 791 472 valeant
814 424 990 472 fictum
1014 426 1338 474 exsecrantia
1361 442 1546 475 nomen

293 503 441 560 Vota,
467 502 634 551 minus
659 518 867 566 magnos
893 509 1306 551 commoveantve
1334 503 1500 563 Deos3

228 582 381 630 Illum
406 597 498 646 ego
523 581 762 638 devoveo,
790 597 945 645 quem
971 597 1115 629 mens
1136 581 1387 646 intelligit,
1417 581 1558 641 Ibin;
1580 580 1644 631 95

297 661 399 717 Qui
425 677 479 709 se
501 659 598 708 scit
616 659 762 708 factis
787 660 878 707 has
905 659 1150 708 meruisse
1175 676 1371 724 preces.

229 738 388 787 Nulla
402 754 542 786 mora
560 744 638 786 est
655 737 706 784 in
727 753 809 784 me
827 753 836 785 :
866 753 1105 802 peragam
1125 744 1235 786 rata
1251 745 1367 787 vota
1385 739 1642 788 sacerdos:

295 816 541 881 Quisquis
566 815 688 864 ades
714 814 885 872 sacris,
913 830 998 863 ore
1024 814 1212 872 favete,
1239 816 1383 864 meis,

228 894 473 959 Quisquis
499 893 620 942 ades
647 892 822 950 sacris,
849 892 1086 955 lugubria
1110 892 1263 941 dicite
1288 894 1456 951 verba,

295 972 363 1021 Et
385 972 511 1020 fletu
535 971 751 1020 madidis
779 970 894 1018 Ibin
921 970 1057 1018 adite
1083 971 1256 1034 genis:

1553 975 1646 1020 100

229 1051 603 1114 Ominibusque
628 1049 790 1106 malis,
815 1048 1139 1113 pedibusque
1161 1050 1408 1098 occurrite
1433 1050 1588 1108 laevis,

294 1128 363 1177 Et
386 1129 539 1192 nigrae
563 1134 732 1176 vestes
757 1143 970 1191 corpora
993 1134 1162 1175 vestra
1185 1134 1376 1191 tegant.

226 1207 304 1256 Tu
331 1222 556 1271 quoque,
583 1205 708 1270 quid
732 1205 937 1253 dubitas
962 1205 1143 1254 ferales
1169 1223 1369 1255 sumere
1389 1207 1572 1256 vittas?

293 1285 324 1334 J
329 1302 410 1334 am
436 1291 551 1342 stat,
579 1291 635 1332 ut
658 1284 768 1348 ipse
792 1284 950 1341 vides,
978 1283 1169 1333 funeris
1195 1301 1282 1333 ara
1305 1285 1396 1333 tui.

226 1364 425 1429 Pompa
448 1368 625 1428 parata
648 1361 738 1409 tibi
765 1369 870 1410 est:
910 1361 1037 1409 votis
1062 1378 1202 1410 mora
1226 1363 1457 1411 tristibus
1482 1362 1642 1411 absit:

295 1442 378 1490 Da
396 1441 629 1506 jugulum
653 1439 844 1496 cultriS,
868 1439 1032 1487 hostia
1056 1439 1178 1496 dira,
1205 1442 1350 1489 meis.

1554 1444 1647 1489 106

227 1520 384 1569 Terra
408 1518 499 1567 tibi
520 1517 707 1580 fruges,
737 1516 899 1564 amnis
925 1515 1017 1564 tibi
1042 1517 1264 1581 deneget
1288 1518 1480 1577 undas3

297 1597 534 1659 Deneget
559 1594 777 1643 adflatus
802 1599 983 1641 ventus
1009 1600 1060 1641 et
1083 1610 1206 1642 aura
1229 1611 1364 1643 suos.

229 1676 341 1725 Nec
366 1675 458 1724 tibi
487 1674 575 1722 Sol
599 1674 783 1730 clarus,
811 1687 906 1720 nec
934 1671 999 1720 sit
1022 1671 1114 1721 tibi
1139 1673 1311 1722 lucida
1335 1672 1562 1732 Phoebe;

298 1753 594 1802 Destituant
617 1752 789 1800 oculos
815 1750 982 1798 sidera
1006 1751 1144 1799 clara
1168 1759 1298 1799 tuos.

228 1906 260 1934 et
274 1899 451 1943 Pasiphaes
466 1898 575 1930 filiam.
611 1898 730 1930 Sensus
745 1903 793 1930 est
804 1910 813 1937 5
837 1903 901 1929 tam

227 1956 296 1983 rata
315 1961 352 1982 ac
374 1955 461 1981 certa
483 1959 556 1980 mea
575 1947 638 1980 sint
656 1953 730 1979 vota
748 1953 780 1979 et
794 1948 901 1982 verba,

229 2011 325 2044 quam
350 1999 480 2035 Thesei,
502 1998 617 2040 quibus
639 1997 815 2040 Hippolyto
838 1996 903 2028 filio

229 2051 298 2083 dira
326 2049 435 2088 vovit3
467 2048 541 2081 vide
569 2048 703 2090 Argum.
731 2047 832 2090 Epist.
862 2048 902 2078 iv.

229 2099 474 2133 Heroid.Ovid.
519 2099 662 2130 Dessm„

271 2152 328 2182 91.
348 2149 484 2190 Poenas]
504 2150 588 2181 Octo
605 2158 773 2191 poenarum
789 2156 904 2188 genera

229 2201 263 2232 in
291 2199 416 2242 legibus
445 2199 558 2231 Cicero
589 2197 702 2231 tradit:
739 2197 903 2233 damnum,

227 2249 447 2293 ignominiam,
466 2248 663 2285 servitutem,
679 2246 819 2283 vincula,
835 2256 903 2277 ver-

228 2300 317 2336 bera,
343 2299 507 2335 talionem,
529 2297 676 2329 exsilium
702 2303 733 2329 et
759 2301 903 2328 mortem.

229 2349 312 2380 zm.

274 2399 329 2430 92.
357 2397 484 2428 Plenius
514 2398 635 2438 ingenio
664 2398 702 2426 sit
734 2397 822 2426 miser
852 2397 904 2426 ille

232 2447 322 2489 mem]
372 2446 493 2478 Eodem
512 2456 606 2477 sensu
624 2445 716 2488 capio
733 2445 816 2477 hunc
832 2456 901 2477 ver-

231 2509 300 2530 sum
317 2496 438 2529 Valerii
457 2495 590 2528 Catonis
611 2497 644 2526 in
667 2496 771 2526 Diris.-
795 2500 817 2513 ‘¹
834 2505 904 2526 nos-

231 2548 286 2580 tris
301 2552 451 2590 superent
466 2545 534 2577 haec
550 2545 692 2576 carmina
706 2544 818 2576 votis.'‘

274 2599 329 2630 93.
355 2596 438 2627 Neve
457 2597 557 2626 minus
575 2594 731 2635 noceant]
777 2595 816 2625 In
837 2604 905 2625 car-

231 2649 317 2680 mine
341 2657 404 2689 quo
428 2645 544 2687 aliquis
567 2644 755 2680 devovebat,
777 2654 905 2676 necesse

233 2701 301 2729 erat
316 2695 474 2738 proprium
487 2703 601 2725 nomen
611 2693 787 2736 exprimere
800 2705 808 2731 ;
829 2694 905 2725 alio-

236 2747 313 2788 quin
339 2755 449 2788 preces
477 2749 567 2776 erant
595 2744 717 2774 inanes.
763 2744 834 2774 Hac
865 2743 905 2774 de

1553 1754 1647 1800 110

972 1907 1069 1928 causa
1088 1898 1226 1929 Romani
1249 1908 1363 1929 nomen
1386 1897 1472 1930 urbis
1496 1897 1647 1929 Latinum

971 1953 1094 1979 exstare
1116 1947 1296 1983 noluerunt,
1315 1957 1356 1979 ne
1379 1947 1419 1978 ab
1443 1946 1532 1978 hoste
1551 1945 1647 1979 devo-

972 1997 1037 2028 veri
1052 2004 1178 2039 posset3
1201 1997 1275 2029 vide
1295 1997 1378 2029 Plin.
1396 1997 1452 2028 lib.
1467 1996 1513 2028 iii.
1529 2006 1600 2039 cap.
1616 1999 1647 2028 5.

972 2052 1005 2077 et
1023 2047 1078 2078 lib.
1095 2047 1204 2078 xxviii.
1218 2057 1288 2089 cap.
1306 2048 1347 2085 23
1373 2047 1518 2078 Macrob.
1533 2045 1589 2077 lib.
1603 2045 1647 2077 iii.

972 2106 1043 2139 cap.
1058 2097 1090 2127 9.

1015 2147 1071 2178 98.
1105 2146 1165 2177 Ore
1181 2145 1319 2187 saneta]
1353 2146 1537 2188 Εὐφεμεῖτε,
1563 2146 1646 2178 bona

973 2197 1069 2227 verba
1093 2195 1203 2228 dicite.
1254 2196 1372 2228 Juven.
1420 2195 1553 2238 Linguis
1577 2197 1646 2227 ani-

974 2249 1085 2287 misque
1095 2245 1225 2288 favete,·
1251 2245 1281 2276 V
1284 2244 1368 2287 irgil.
1393 2256 1423 2275 v.
1445 2244 1575 2277 AEneid.
1593 2246 1646 2277 71.

976 2296 1037 2326 Ore
1054 2295 1164 2337 favete
1193 2306 1301 2326 omnes.
1356 2293 1422 2326 Alii
1451 2305 1507 2337 pro
1535 2296 1646 2333 εἰᾶτε,-

974 2345 1045 2377 vide
1069 2345 1190 2377 Laevin.
1235 2346 1379 2376 Torrent.
1405 2345 1437 2375 in
1460 2343 1572 2376 Horat.
1595 2344 1644 2377 iii.

974 2395 1037 2426 Od.
1053 2395 1073 2427 i.
1090 2405 1154 2427 ver.
1173 2396 1203 2426 2.

1020 2445 1094 2475 102.
1122 2445 1161 2475 Εε
1186 2447 1283 2487 nigrae
1304 2443 1424 2485 vestes]
1450 2444 1535 2476 Nam
1555 2454 1646 2476 sacra

972 2493 1139 2525 infernalia
1155 2495 1388 2536 peragebantur
1405 2493 1525 2526 indutis
1542 2503 1646 2526 sacer·

973 2543 1099 2575 dotibus
1121 2550 1208 2576 veste
1239 2544 1340 2586 nigra,
1369 2554 1433 2587 qua
1461 2544 1645 2576 umbrarum

973 2593 1212 2626 similitudinem
1229 2595 1509 2637 repraesentabant.

1020 2644 1092 2675 103.
1118 2643 1240 2675 Fer-ales
1254 2644 1374 2686 vittas]
1400 2642 1572 2680 CaemleaS,
1588 2654 1644 2675 seu

973 2698 1075 2730 atras;
1098 2693 1239 2724 Turneb.
1265 2693 1322 2725 lib.
1342 2693 1406 2724 xiv.
1432 2703 1463 2723 c.
1490 2693 1522 2724 4.
1559 2693 1643 2724 Dns-

973 2752 1041 2774 ser„
