1830 3220
794 179 937 222 IBIS.
1488 186 1574 227 511

159 295 491 360 Sollicitoque
518 296 680 352 bibas,
708 297 866 361 Anyti
892 296 1216 345 doctissimus
1242 298 1362 346 olim

226 373 603 438 Imperturbato
630 374 767 438 quod
794 373 923 421 bibit
948 390 1032 421 ore
1058 391 1191 423 reus.

159 450 270 500 Nec
292 451 400 508 tibi,
429 453 470 499 si
498 452 622 516 quid
649 468 804 508 amas,
832 451 1029 499 felicius
1057 451 1304 502 Haemone
1330 457 1495 516 cedat,

228 529 403 593 thue
430 546 522 578 sua
547 529 833 587 Macareus,
863 529 935 577 sic
963 530 1156 594 potiare
1182 539 1286 580 tua.

159 607 255 656 Vel
279 609 468 664 videas,
497 609 635 672 quod
658 610 780 672 jam,
805 624 962 671 quum
989 608 1205 657 flammae
1232 619 1416 660 cuncta
1436 620 1575 662 tene-

229 685 517 735 Hectoreus
543 687 706 752 patria
729 687 854 734 vidit
879 687 942 734 ab
970 703 1084 735 arce
1111 704 1251 751 puer.
1307 692 1457 753 [rent,
1481 695 1579 740 565

163 764 423 828 Sanguine
449 767 634 830 probra
657 767 785 822 luaS,
813 772 868 812 ut
894 782 984 813 avo
1012 766 1238 829 genitore
1264 777 1481 827 creatus,

231 843 334 890 Per
356 843 552 891 facinus
579 860 717 891 soror
743 850 820 891 est
845 843 925 890 cui
952 860 1044 891 sua
1068 844 1204 892 facta
1229 862 1430 910 parens.

165 921 384 969 Ossibus
410 922 566 985 inque
591 922 691 969 tuis
717 921 803 969 teli
831 937 990 983 genus
1017 922 1208 970 haereat
1232 924 1373 982 illud,

231 999 468 1048 Traditur
494 999 643 1048 Icarii
671 1017 773 1064 quo
799 1000 1048 1048 cecidisse
1069 1017 1238 1064 gener.

1485 1009 1583 1054 570

166 1077 342 1142 thue
367 1078 559 1142 loquax
583 1079 633 1126 in
659 1095 794 1142 equo
820 1085 899 1126 est
923 1078 1077 1127 elisus
1103 1086 1276 1143 guttur
1302 1098 1501 1140 acerno,

233 1156 319 1205 Sic
344 1157 436 1205 tibi
460 1157 725 1205 claudatur
750 1156 936 1221 pollice
962 1157 1099 1205 vocis
1126 1158 1237 1206 iter.

163 1234 267 1283 Aut
292 1242 348 1284 ut
374 1235 710 1284 Anaxarchus
736 1235 839 1300 pila
866 1235 1108 1284 minuaris
1136 1236 1186 1284 in
1214 1238 1332 1295 alta,

234 1313 447 1379 Ictaque
473 1331 563 1379 pro
591 1313 750 1363 solitis
775 1313 1005 1376 frugibus
1031 1330 1148 1363 ossa
1173 1324 1371 1364 sonent.

208 1528 284 1561 561.
309 1530 407 1570 Anyti
434 1528 621 1559 doctissimus
649 1526 748 1567 olim]
774 1525 841 1556 Ve-

164 1584 247 1611 teres
269 1578 414 1622 plerique
437 1579 545 1615 veluti,
562 1588 603 1608 an
626 1577 753 1608 Meliti?
777 1581 840 1606 tam

164 1629 249 1661 enim
265 1628 373 1660 Meliti
384 1638 479 1671 quam
493 1626 594 1669 Anyti
606 1637 677 1658 reus
687 1627 844 1657 Socrates.

164 1680 286 1710 Hssms.
332 1678 467 1710 Melitus
485 1676 694 1720 penultimam
715 1676 843 1718 longam

166 1729 274 1761 habet.

211 1779 287 1811 563.
312 1777 488 1818 Haemone.]
522 1777 670 1813 Haemon,
698 1775 845 1807 Creontis

165 1829 389 1860 Thebanorum
412 1828 494 1870 regis
518 1827 615 1863 filius,
636 1826 843 1868 Antigonem,

168 1878 278 1922 OEdipi
294 1884 327 1910 et
340 1879 479 1910 Jocastae
498 1877 608 1914 filiam,
625 1876 685 1907 sibi
706 1876 842 1918 despon-

166 1940 246 1966 sam,
262 1934 328 1959 tam
344 1928 512 1971 impotenti
526 1938 631 1958 amore
645 1926 792 1969 deperiit,
809 1932 844 1957 ut

168 1979 209 2011 ad
226 1984 356 2011 mortuae
373 1978 530 2009 tumulum
548 1988 616 2009 sese
631 1977 832 2008 interfecerit.

215 2031 291 2062 564.
320 2030 419 2070 thue
435 2040 490 2060 sua
509 2028 700 2068 Macareum]
722 2027 845 2069 Insigni

169 2080 327 2112 dedecore
362 2085 454 2110 notus
487 2085 535 2110 est
567 2079 606 2110 ob
642 2077 847 2109 concubitum

169 2131 317 2162 Canaces
347 2130 476 2161 sororis:
509 2129 643 2160 eandem
672 2127 846 2171 turpitudi-

116 2192 131 2200 ⁸
167 2191 240 2213 nem
257 2180 344 2212 Ibidi
360 2180 563 2223 imprecatur.
588 2180 682 2211 Dom.

215 2231 291 2263 567.
301 2231 461 2273 Sanguine
471 2232 582 2271 probra
594 2230 688 2271 luas]
702 2228 848 2271 Myrrha,

171 2280 298 2323 Cinyrae
314 2281 391 2318 filia,
407 2280 560 2312 innuitur.

216 2331 291 2363 569.
310 2331 432 2362 Ossibus
445 2332 537 2372 inque
555 2332 616 2361 tuis
628 2353 636 2361 .
648 2351 656 2360 .
669 2352 676 2360 .
689 2329 786 2359 Icarii
795 2339 848 2370 ge-

170 2380 255 2422 neva]
282 2380 449 2412 Interemit
469 2380 618 2422 Ulyssem
642 2385 767 2421 patrem
786 2378 848 2409 Te-

170 2430 319 2473 legonus.

215 2480 292 2512 571.
322 2479 423 2521 thue
450 2479 585 2521 loquax]
619 2479 716 2509 Hunc
743 2479 849 2509 locum

171 2530 314 2573 explicat
323 2530 476 2561 Politian.
486 2529 520 2560 in
531 2528 761 2564 Miscellaneis,
775 2539 848 2571 cap.

173 2581 226 2613 75.
273 2579 470 2622 Intelligitur
495 2584 602 2611 autem
621 2578 782 2616 Anticlus‚
798 2579 852 2621 qui

176 2641 248 2662 cum
266 2630 390 2662 caeteris
406 2629 531 2662 Graeeis
546 2641 629 2672 equo
645 2629 788 2661 Durateo
805 2629 853 2660 in-

175 2680 294 2718 clusus,
318 2680 493 2712 adrvocem
519 2680 654 2711 Helenae
679 2679 856 2711 simulantis

176 2741 352 2763 sermonem
380 2736 412 2762 et
437 2731 534 2762 verba
559 2730 664 2762 uxoris
687 2729 783 2767 illius,
808 2740 855 2761 re-

166 2780 335 2823 spondere
365 2780 478 2813 voluit.
526 2780 589 2812 Sed
617 2781 657 2811 ab
680 2780 796 2822 Ulysse
820 2791 858 2812 eo

910 1535 1012 1567 usque
1031 1525 1118 1557 illius
1135 1525 1246 1557 fauces
1267 1536 1466 1569 compressae,
1486 1528 1586 1562 donec

911 1585 984 1606 cum
1015 1586 1093 1606 voce
1124 1586 1188 1607 una
1215 1582 1247 1607 et
1278 1576 1375 1608 vitain
1406 1579 1588 1613 amitteretz

912 1631 1039 1656 auctore
1055 1625 1283 1668 Tryphiodoro.

957 1675 1033 1707 573.
1058 1676 1122 1706 Aut
1143 1682 1179 1707 ut
1201 1677 1434 1718 Anaxarchus]
1457 1677 1497 1709 In
1512 1678 1591 1711 Vita

914 1723 1111 1762 Anaxarchi,
1137 1724 1284 1757 Laertius
1310 1727 1417 1764 tradit,
1442 1727 1591 1760 Anaxar-

915 1775 1010 1807 chum
1027 1776 1112 1808 hunc
1123 1776 1312 1807 Abderitam
1327 1776 1436 1815 fuisse,
1449 1784 1481 1810 et
1491 1779 1592 1811 Alex-

914 1826 1049 1857 andrum
1079 1831 1235 1858 secutum.
1291 1827 1450 1859 Habuisse
1484 1834 1592 1860 autem

914 1875 1078 1908 inimicum
1108 1876 1367 1915 Nicocreontem‚
1401 1879 1592 1921 Cypriorum

915 1932 1097 1969 tyrannum.
1145 1927 1284 1958 Proinde
1303 1939 1402 1970 quum
1420 1928 1593 1971 aliquando

914 1989 985 2009 cum
1016 1977 1202 2009 Alexandro
1241 1985 1396 2015 coenaret,
1425 1979 1515 2021 isque
1553 1980 1594 2011 de

914 2027 1051 2059 convivii
1074 2028 1230 2069 adparatu
1248 2027 1476 2060 Anaxarchum
1497 2029 1594 2061 inter-

915 2083 1049 2119 rogaret,
1063 2077 1272 2120 respondisse,
1284 2078 1390 2109 omnia
1400 2078 1486 2111 laute
1498 2085 1594 2122 atque

917 2128 1047 2158 adfatim
1085 2127 1238 2170 adparata
1276 2139 1355 2164 esse,
1383 2135 1596 2172 praeterquam

919 2177 1003 2219 quod
1035 2183 1132 2220 caput
1159 2182 1293 2220 satrapae
1326 2178 1594 2218 (Nicocreontem

918 2227 1072 2269 innuens)
1102 2239 1164 2260 non
1195 2229 1306 2260 eodem
1331 2228 1474 2260 adlatum
1499 2236 1595 2262 esset.

918 2279 1012 2309 Hanc
1042 2289 1153 2309 vocem
1191 2284 1303 2320 postea
1335 2278 1593 2316 Nicocreontem,

918 2334 1041 2359 mortuo
1062 2327 1261 2365 Alexandro,
1280 2328 1398 2365 ultum,
1417 2333 1513 2370 atque
1530 2328 1596 2360 An-

920 2378 1093 2409 axarchum
1116 2382 1305 2421 tempestate
1331 2378 1471 2420 quadam
1490 2378 1597 2421 Cypro

919 2429 1089 2471 adpulsum
1119 2428 1407 2472 comprehendisse,
1433 2429 1596 2460 mortario-

919 2490 981 2521 que
991 2479 1057 2510 sive
1066 2479 1130 2522 pila
1139 2479 1251 2520 (uthic
1261 2479 1394 2520 dicitur)
1403 2479 1597 2521 impositum,

919 2529 1047 2572 pistillis
1069 2529 1176 2561 ferreis
1197 2529 1349 2561 contundi
1364 2529 1515 2571 jussisse:
1542 2540 1597 2561 ex-

923 2585 1010 2611 secta
1027 2579 1124 2611 etiam
1141 2580 1263 2621 lingua,
1284 2590 1323 2610 ne
1345 2578 1507 2616 conviciis,
1525 2579 1596 2621 qui-

923 2631 984 2662 bus
1013 2629 1110 2661 etiam
1135 2630 1218 2661 inter
1243 2628 1398 2672 supplicia
1429 2635 1599 2672 tyrannum

924 2680 1114 2718 incessebat,
1153 2680 1272 2711 diutius
1309 2680 1460 2712 molestus
1497 2686 1600 2721 esset;

926 2731 998 2763 vide
1023 2737 1055 2762 et
1078 2731 1189 2763 Valer.
1213 2731 1304 2762 Max.
1329 2730 1385 2761 lib.
1408 2729 1452 2762 iii.
1475 2740 1546 2772 cap.
1569 2731 1600 2762 3.

927 2782 1060 2813 lllrcvl..
