1830 3220
611 165 965 208 FASTORUM
998 168 1121 210 LIB.
1145 167 1212 211 ΙΙ.
1566 175 1624 217 97

197 281 295 329 Cui
322 289 466 346 pater
491 288 570 329 est
594 283 758 340 vivax,
788 284 876 347 qui
903 285 1078 332 matris
1105 285 1296 349 digerit
1321 303 1498 346 annOS,
1522 293 1619 339 625

261 358 388 414 Quae
414 360 598 424 premit
623 361 838 409 invisam
865 378 1041 410 socrus
1068 363 1245 428 iniqua
1267 382 1466 415 nurum.

191 436 475 485 Tantalidae
501 438 679 486 fratres
707 439 892 497 absint,
922 448 972 488 et
999 440 1196 489 Iasonis
1223 460 1367 500 uxor,

260 515 329 564 Et
354 533 469 580 quae
497 517 726 565 ruricolis
754 519 950 567 semina
975 528 1113 568 tosta
1138 521 1312 570 dedit:

190 593 257 642 Et
281 611 437 652 soror,
463 603 515 644 et
540 596 756 654 Procne,
787 597 1086 662 Tereusque
1111 599 1312 647 duabus
1341 601 1577 666 iniquus;

259 672 325 720 Et
350 673 664 738 quicumque
692 692 809 724 suas
836 694 927 741 per
954 678 1120 725 scelus
1149 686 1303 742 auget
1329 695 1471 744 opes,
1517 684 1616 729 630

189 750 282 798 Dis
308 752 507 815 generis
534 753 652 802 date
679 761 792 802 tura
818 756 993 803 bonis:
1039 756 1327 805 Concordia
1351 757 1508 806 fertur

257 828 352 877 Illo
378 831 635 895 praecipue
662 832 798 880 mitis
825 834 1005 882 adesse
1032 835 1133 882 die.

187 905 256 954 Et
280 908 436 956 libate
461 909 621 974 dapes
646 928 655 958 :
698 918 754 958 ut
779 912 907 975 grati
933 913 1118 977 pignus
1145 914 1351 962 honoris

256 985 464 1035 Nutriat
488 988 737 1037 incinctos
765 991 921 1038 missa
946 992 1137 1056 patella
1165 991 1336 1040 Lares.

184 1064 405 1130 Jamque
432 1067 519 1115 ubi
545 1068 782 1117 suadebit
807 1070 1035 1134 placidos
1063 1087 1164 1118 nox
1185 1072 1364 1120 ultima
1383 1088 1604 1130 somnos,

255 1144 421 1193 Parca
445 1153 727 1210 precaturae
754 1148 941 1197 sumite
967 1149 1084 1197 vina
1104 1166 1303 1207 manus,

229 1319 305 1351 627.
335 1320 438 1352 Docte
477 1320 661 1363 catalogum
695 1322 863 1365 impiorum

185 1375 404 1411 cognatorum,
435 1381 514 1413 quos
543 1372 718 1415 antiquitas
755 1373 864 1410 habet,

183 1419 286 1452 struit.
336 1420 507 1452 Tantalidae
526 1423 665 1463 fratres,
688 1422 806 1454 Atreus
832 1429 865 1455 et

183 1470 353 1512 Thyestes,
377 1471 504 1514 Pelopis
527 1471 596 1509 filii,
612 1472 740 1504 Tantali
764 1484 861 1515 nepo-

183 1525 241 1551 tes.
279 1521 330 1551 De
354 1521 482 1553 Medeae
506 1522 538 1552 in
559 1522 675 1554 liberos
697 1522 862 1566 impietate

183 1570 256 1601 vide
286 1572 423 1603 Metam.
454 1572 507 1603 vii.
539 1573 613 1604 396.
645 1572 755 1614 ibique
793 1579 861 1604 not.

183 1621 251 1657 Ino,
261 1621 466 1653 Athamantis
481 1634 570 1659 uxor,
581 1623 694 1654 odioin
708 1623 860 1654 Phrixum

180 1679 211 1702 et
230 1672 359 1708 Hellen,
377 1673 566 1704 Athamanti
590 1684 629 1704 ex
655 1673 786 1705 Nebula
805 1684 861 1704 na-

181 1728 240 1759 tos,
257 1722 407 1764 impulsa,
423 1722 567 1754 ruricolis
583 1723 690 1765 fruges
714 1729 814 1755 tostas
829 1723 861 1754 in

179 1779 354 1803 sementem
377 1772 478 1808 dedit,
501 1783 539 1803 ne
566 1778 740 1814 surgerent,
759 1779 790 1804 et
814 1778 859 1810 ut,

181 1833 281 1863 quum
312 1823 444 1864 penuria
474 1822 600 1864 frugum
627 1829 719 1860 esset,
746 1823 861 1856 civitas

182 1877 248 1903 tota
263 1871 423 1911 interiret;
451 1873 571 1915 Hygin.
588 1874 654 1904 fab.
671 1875 706 1905 2.
751 1874 861 1905 Latius

181 1921 242 1953 hoc
264 1922 345 1953 infra
361 1921 409 1954 iii.
427 1923 488 1953 851
507 1933 578 1964 sqq.
595 1928 751 1955 narratur.
792 1924 859 1954 Im·-

181 1983 268 2013 quus,
285 1971 409 2004 duriore
425 1983 531 2009 sensu,
548 1973 697 2004 crudelis.
736 1973 788 2004 De
804 1973 861 2005 illa

180 2021 372 2054 crudelitate
388 2022 460 2054 vide
474 2022 557 2053 Met.
574 2023 616 2054 vi.
630 2024 816 2055 412—676.

226 2074 302 2104 631.
316 2073 359 2104 Di
372 2075 451 2110 honi,
463 2072 585 2115 ἀγαθοὶ
602 2072 769 2116 δαίμονες,
781 2073 859 2105 dicti

181 2129 255 2155 sunt
279 2122 375 2155 Genii
403 2130 435 2155 et
459 2123 588 2155 omnino
612 2123 667 2154 Dii
689 2123 860 2155 familiares

181 2180 237 2205 aut
252 2173 429 2205 domestici.
466 2174 562 2205 Nunc
580 2173 641 2216 ipsi
657 2174 754 2205 Lares
768 2173 859 2205 intel.

182 2225 298 2266 quibus
321 2235 377 2267 pro
397 2224 501 2255 salute
516 2224 641 2266 generis
656 2223 859 2266 supplicaba-

182 2280 243 2306 tur.
277 2273 435 2305 Nonnulli
448 2275 527 2311 boni,
539 2279 573 2305 ut
591 2273 632 2305 ad
644 2273 860 2305 sacrificantes

182 2325 350 2356 referatur.
401 2325 472 2355 Hoc
510 2324 691 2355 Mitscherl.
728 2324 860 2366 recepit.

181 2375 316 2406 Veteres
331 2374 428 2406 etiam
443 2374 476 2405 in
492 2373 645 2405 conviviis
662 2379 746 2411 ante,
762 2384 859 2417 quam

181 2424 243 2467 ipsi
258 2423 435 2466 inciperent
446 2424 553 2455 cibum
565 2424 790 2466 potionemque
806 2434 858 2455 ca-

180 2485 268 2517 pere,
299 2482 423 2516 partem
456 2485 558 2506 coenae
589 2474 661 2505 Diis
691 2485 859 2506 consecra-

180 2525 272 2555 bant.
319 2524 390 2555 Hoc
422 2529 469 2555 est
504 2525 610 2561 libare,
637 2524 723 2566 quod
753 2524 859 2556 Graeci

180 2573 327 2616 pluribus
342 2572 447 2604 verbis
461 2573 683 2616 exprimebant
697 2585 707 2613 3
729 2584 803 2605 nam
818 2574 858 2606 de

178 2623 357 2666 liquoribus
367 2623 565 2655 adhibebant
575 2623 731 2656 σπένδειν
747 2629 779 2655 et
793 2624 857 2656 λεί-

180 2674 266 2715 βειν,
282 2674 323 2705 de
348 2673 427 2705 cibis
449 2673 675 2717 ἀπάρχεσθαι.
715 2674 788 2706 Cibi
809 2686 857 2707 re-

182 2724 382 2766 ponebantur
397 2725 428 2755 in
446 2726 574 2765 patella,
588 2725 682 2757 lance
698 2724 771 2757 Diis
787 2737 857 2768 pro-

181 2773 261 2816 pria.
293 2774 363 2806 Cic.
385 2774 456 2808 Fin.
478 2775 511 2807 ii.
528 2776 566 2807 7:
592 2775 675 2807 “ita
699 2786 762 2807 non
785 2776 858 2808 reli-

227 2824 329 2855 VOL.
346 2825 387 2856 V.

1513 1155 1611 1200 636

934 1323 1026 1365 giosi,
1058 1329 1093 1355 ut
1117 1323 1213 1356 edant
1239 1325 1279 1356 de
1307 1325 1462 1367 patella.⁷'

933 1374 976 1405 iv.
1005 1384 1071 1405 ver.
1099 1375 1153 1405 22.
1185 1375 1341 1417 patellam
1376 1382 1462 1407 vocat
1489 1376 1613 1418 insigne

934 1424 1098 1466 penatium
1130 1424 1403 1467 hospitaliumque
1433 1426 1613 1457 Deorum.'’

933 1473 1027 1504 Illam
1053 1484 1154 1505 coenae
1177 1480 1300 1517 partem
1318 1483 1412 1507 vocat
1428 1477 1530 1514 dapes,
1549 1487 1612 1519 quo

934 1524 1073 1561 nomine,
1097 1525 1191 1556 Festo
1219 1532 1358 1561 auctore,
1384 1526 1509 1568 proprie
1539 1526 1613 1557 reli-

933 1573 1029 1615 giosae
1043 1574 1145 1617 epulze
1163 1574 1394 1616 significantur.
1420 1575 1527 1607 Etiam
1540 1576 1612 1608 Liv.

933 1635 1008 1655 xxx.
1025 1625 1066 1655 43
1082 1636 1088 1653 ι
1107 1629 1127 1641 “
1140 1624 1228 1656 Inter
1243 1625 1362 1667 pocula
1377 1631 1474 1667 atque
1488 1626 1611 1668 epulas,

933 1674 986 1705 ubi
1012 1674 1112 1705 libare
1129 1675 1201 1706 Diis
1225 1675 1336 1718 dapes,
1358 1676 1413 1707 ubi
1438 1677 1519 1708 bene
1540 1687 1611 1719 pre-

931 1723 996 1754 cari
1024 1734 1092 1755 mos
1119 1724 1244 1755 esset.’'
1291 1725 1405 1768 Dapes
1433 1725 1466 1757 in
1491 1726 1612 1768 patella

929 1773 1038 1815 positae
1064 1775 1266 1805 mittebantur
1290 1775 1331 1806 ad
1356 1774 1474 1812 socum,
1491 1782 1527 1806 ut
1551 1788 1611 1807 nu-

932 1825 1045 1854 trirent
1071 1824 1160 1865 (vide
1182 1835 1278 1866 supra
1300 1835 1365 1855 ver.
1385 1825 1478 1866 566.)
1502 1825 1610 1862 Lares,

930 1874 984 1915 qui
1008 1873 1064 1910 ibi,
1082 1879 1117 1904 ut
1139 1874 1238 1905 etiam
1258 1885 1296 1905 ex
1319 1875 1533 1906 monumentis
1555 1886 1611 1918 ap-

930 1929 1032 1966 paret,
1060 1925 1188 1956 stabant
1218 1927 1360 1962 incincti,
1388 1924 1420 1955 id
1449 1931 1508 1962 est,
1538 1936 1611 1957 suc-

930 1973 1039 2006 cincti.
1078 1974 1166 2005 Infra
1190 1985 1222 2005 v.
1249 1975 1326 2005 217.
1351 1976 1440 2014 pictis
1469 1976 1611 2007 incinctae

930 2026 1061 2056 vestibus
1078 2024 1180 2056 Horoe.
1212 2025 1361 2062 Honores,
1379 2025 1482 2067 τιμαὶ,
1498 2025 1611 2057 dicun—

929 2081 980 2106 tur
995 2074 1091 2106 etiam
1109 2074 1279 2106 libationes
1291 2081 1323 2106 et
1338 2085 1461 2117 preces.
1477 2075 1610 2108 AEneid.

929 2124 950 2156 i.
968 2125 1044 2156 736.
1064 2124 1234 2156 “laticum
1250 2124 1364 2156 libavit
1381 2125 1566 2156 honorem.'’

974 2175 1049 2206 635.
1064 2174 1130 2206 Nox
1145 2176 1268 2211 ultima,
1280 2173 1395 2206 ultima
1410 2174 1511 2206 noctis
1524 2186 1610 2217 pars,

930 2224 1089 2266 attingens
1111 2224 1247 2267 primam
1271 2224 1389 2256 lucem.
1436 2225 1483 2256 Eo
1505 2236 1608 2267 usque

929 2286 1014 2317 saepe
1052 2275 1321 2315 protrahebantur
1351 2274 1510 2311 convivia,
1543 2280 1609 2306 tam

930 2324 1096 2361 solemnia,
1125 2335 1221 2367 quam
1251 2323 1442 2364 familiaria3
1465 2324 1610 2367 inprimis

929 2374 997 2406 haec
1015 2374 1164 2412 Caristia,
1181 2375 1332 2416 gentibus
1354 2379 1420 2405 tam
1444 2374 1608 2411 salutaria,

928 2424 973 2456 sic
1008 2424 1137 2456 extendi
1167 2425 1237 2456 vult
1272 2424 1420 2456 Ovidius.
1477 2424 1609 2456 Satiatis

927 2475 1052 2507 edendo
1073 2474 1227 2512 convivis,
1242 2477 1348 2506 vinum
1374 2475 1607 2517 apponebatur.

926 2526 1009 2556 Tum
1040 2526 1146 2557 libatio
1180 2525 1266 2556 facta
1302 2524 1487 2562 domestica,
1512 2536 1608 2565 parco

927 2575 1001 2607 vino
1021 2576 1054 2607 in
1076 2586 1221 2607 mensam
1239 2581 1294 2606 aut
1315 2579 1430 2606 terram
1446 2574 1559 2612 effuso,
1574 2581 1607 2606 et

929 2626 1092 2668 appellato
1121 2625 1289 2657 numinum
1325 2624 1463 2662 nomine,
1489 2623 1607 2655 additis

927 2675 1085 2718 precibus,
1113 2675 1206 2712 votis,
1231 2674 1328 2706 etiam
1358 2673 1497 2717 hymnis.
1534 2673 1604 2704 Au-

927 2732 1020 2768 gusto
1036 2725 1207 2757 libationes
1223 2730 1254 2757 et
1270 2724 1407 2768 publicae
1424 2730 1456 2755 et
1470 2722 1604 2765 privatae

928 2776 1064 2809 decretae
1078 2782 1167 2808 sunt.
1199 2775 1275 2813 Dio,
1290 2775 1349 2807 LI.
1360 2774 1426 2806 xix.
1441 2784 1514 2816 pag.
1531 2773 1606 2806 457.

1509 1326 1610 1364 Idem,
1671 1330 1673 1332 ’
