1830 3220
555 160 904 204 FASTORUM
938 160 1060 203 LIB.
1087 161 1180 204 ΙΙΙ.

1491 164 1576 207 141

151 276 310 324 Arma
333 284 536 325 movent
561 294 813 342 pugnam:
854 295 1027 343 pugna
1051 285 1130 327 est
1154 278 1320 326 aliena
1343 279 1535 328 maritis
1557 299 1568 339 ;

222 355 443 403 Condita
468 371 627 419 quum
652 355 852 412 fuerint,
880 357 1046 421 aptius
1073 373 1222 405 omen
1247 356 1356 405 erit.

1473 361 1573 406 396

154 432 250 480 His
277 433 431 481 etiam
456 435 645 498 conjux
671 433 856 498 apicati
883 435 1054 482 cincta
1081 434 1243 482 Dialis

224 510 446 559 Lucibus
473 512 704 576 impexas
731 513 887 561 debet
912 513 1100 560 habere
1127 528 1315 560 comas.

153 588 375 636 TERTIA
403 606 504 637 nox
529 605 726 638 emersa
751 606 869 637 suos
896 590 982 637 ubi
1011 590 1223 637 moverit
1247 591 1420 653 ignes3

224 666 476 715 Conditus
503 684 530 715 θ
556 668 769 732 geminis
797 667 1035 715 Piscibus
1063 668 1190 716 alter
1214 668 1324 716 erit.

1477 670 1577 716 400

155 744 289 793 Nam
315 746 415 794 duo
441 753 586 795 sunt:
624 746 808 794 austris
836 746 916 793 hic
945 752 1038 802 est,
1069 746 1392 809 aquilonibus
1418 745 1502 794 ille

221 823 522 872 Proximus:
565 841 594 872 a
616 830 765 872 vento
791 840 975 872 nomen
1001 830 1218 887 uterque
1242 830 1402 872 tenet.

153 901 328 957 QUUM
357 902 549 950 croceis
575 919 741 950 rorare
767 901 910 966 genis
937 901 1176 949 Tithonia
1206 903 1397 966 conjux

223 979 469 1045 Coeperit,
497 987 549 1029 et
573 981 765 1044 quintae
791 987 1024 1044 tempora
1047 980 1176 1027 lucis
1203 988 1346 1044 aget:

156 1057 273 1106 Sive
301 1066 380 1106 est
403 1058 775 1124 Arctophylax,
804 1057 909 1106 sive
935 1065 1014 1106 est
1039 1058 1182 1122 piger
1207 1059 1292 1106 ille
1321 1058 1528 1116 BooteS,

222 1136 505 1200 Mergetur,
531 1137 670 1185 visus
697 1135 1010 1199 effugietque
1036 1143 1168 1184 tuos.

1479 1140 1580 1185 406

152 1213 223 1262 At
246 1231 347 1262 non
374 1214 582 1278 effugiet
606 1214 952 1262 Vindemitor:
993 1214 1090 1261 hoc
1117 1230 1323 1278 quoque
1349 1231 1557 1263 causam

225 1292 377 1341 Unde
401 1293 569 1341 trahat
594 1292 752 1349 sidus,
774 1308 929 1356 parva
953 1293 1137 1340 docere
1162 1308 1303 1340 mora
1327 1299 1421 1340 est.

153 1370 408 1436 Ampelon
434 1371 709 1428 intonsum,
734 1369 932 1435 Satyris
961 1369 1309 1434 Nymphaque
1334 1376 1562 1418 creatum

226 1449 405 1498 Fertur
430 1450 481 1496 in
509 1448 732 1497 Ismariis
761 1447 999 1496 Bacchus
1026 1463 1226 1495 amasse
1245 1446 1399 1510 jugis.

1480 1451 1580 1495 410

159 1526 390 1575 Tradidit
414 1528 532 1575 huic
558 1527 712 1575 vitem
737 1527 1047 1590 pendentem
1072 1525 1335 1573 frondibus
1361 1525 1499 1582 ulmi,

225 1605 351 1661 Quae
378 1623 513 1654 nunc
539 1607 603 1655 de
629 1605 774 1670 pueri
800 1605 1003 1653 nomine
1029 1620 1214 1652 nomen
1239 1603 1411 1651 habet.

202 1753 389 1785 399—402.
426 1754 523 1785 Piscis
552 1754 683 1784 alterius
712 1764 833 1785 occasus

157 1805 344 1841 vespertinus
358 1802 410 1834 die
422 1803 466 1836 iii.
480 1804 577 1834 Mart.
589 1802 654 1834 sive
668 1814 697 1833 v.
712 1804 833 1834 Nonas.

157 1854 276 1885 Sideris
300 1854 406 1897 hujus,
421 1864 573 1896 magnum
597 1853 673 1884 coeli
696 1854 833 1895 spatium

158 1903 357 1946 occupantis,
385 1903 538 1945 originem
568 1903 678 1939 habes,
708 1902 741 1933 ii.
771 1903 833 1934 458

157 1965 229 1996 sqq.
275 1954 367 1985 Alter
404 1953 506 1985 Piscis
544 1953 660 1984 Notius
694 1958 834 1989 vocatur,

159 2004 239 2035 alter
268 2005 410 2043 Boreus,
444 2002 602 2045 HyginuS,
628 2002 715 2034 Astr.
744 2002 834 2034 Poet.

158 2054 225 2085 III.
241 2053 330 2084 xxix.
347 2055 402 2085 40.

203 2104 390 2136 403—414.
414 2104 647 2145 Arctophylacis
671 2110 699 2134 et
724 2102 836 2134 Vinde-

159 2155 276 2185 mitorz's
303 2160 388 2185 ortus
413 2153 465 2185 die
495 2154 606 2196 quinto
630 2151 752 2184 Martii.
797 2153 837 2182 In

160 2205 392 2245 Arctophylace,
410 2204 464 2246 qui
481 2204 566 2235 idem
583 2209 615 2234 et
632 2204 738 2234 Bootes
758 2202 837 2234 dici-

160 2260 211 2286 tur
235 2255 326 2296 (vide
349 2255 389 2286 ad
408 2255 486 2286 Met.
501 2254 535 2286 ii.
554 2252 643 2293 176.)
661 2253 769 2294 lapsus
788 2257 838 2283 est

163 2304 321 2335 Ovidius:
347 2304 465 2336 occidit
483 2303 569 2335 enim
585 2302 674 2334 Maio
690 2307 838 2339 exeunte,

163 2366 194 2386 v.
211 2356 275 2386 733
289 2366 298 2393 ;
321 2353 377 2386 sed
393 2354 444 2385 die
459 2365 491 2385 v.
505 2353 616 2384 Martii
635 2362 762 2394 vespere
779 2351 839 2382 ori-

161 2410 222 2436 tur.
269 2405 453 2435 Secundum
483 2405 630 2435 Euctem.
660 2401 841 2443 ἀρκτοῦρος

163 2453 328 2485 ἐπιτέλλει
356 2454 412 2484 καὶ
438 2452 683 2495 προτρυγητής.
728 2450 780 2481 Sic
809 2456 841 2481 et

164 2504 370 2540 Ptolemaeus,
394 2502 572 2545 ἀρκτοῦρος
596 2500 748 2542 ἑσπέριος
771 2500 841 2531 ἐπι-

164 2553 283 2586 τέλλει.
332 2555 424 2594 Aget,
452 2552 595 2590 adferet3
633 2551 768 2582 Metam.
792 2548 839 2580 iii.

169 2605 241 2635 150.
260 2608 281 2621 “
298 2602 421 2633 reducit
442 2601 584 2632 lucem.'’
632 2600 743 2642 Piger.-
768 2600 841 2630 Me-

168 2660 246 2685 tam.
261 2653 294 2684 ii.
315 2653 386 2683 176.
403 2654 511 2683 tardus
534 2656 678 2687 vocatur,
693 2649 749 2681 ubi
770 2649 843 2680 vide

169 2709 287 2735 notam.

215 2753 292 2784 407.
330 2752 530 2787 ῖῐίηάεπῑίῖον,
554 2749 678 2782 Graecis
701 2760 844 2791 προτρυ-

902 1752 1021 1795 γητὴς,
1039 1750 1134 1782 stella
1158 1750 1191 1781 in
1207 1748 1350 1789 Virginis
1369 1747 1421 1780 ala
1444 1754 1580 1791 septem-

903 1800 1051 1837 trionali,·
1079 1799 1229 1842 Hyginus
1253 1798 1344 1828 Poet.
1359 1797 1446 1828 Astr.
1462 1797 1508 1829 iii.
1523 1799 1579 1829 24.

905 1851 1052 1881 Intonsus
1067 1860 1151 1880 nunc
1173 1848 1214 1878 ad
1229 1853 1373 1878 teneram
1387 1852 1514 1878 aetatem
1530 1858 1580 1879 re-

904 1899 1082 1935 ferendum,
1107 1904 1143 1930 ut
1169 1899 1251 1928 Met.
1275 1896 1319 1927 vi.
1345 1897 1422 1927 254.
1448 1907 1511 1927 non
1541 1897 1582 1928 ad

904 1960 1027 1981 comam
1043 1947 1254 1991 promissam3
1276 1947 1387 1977 Horat.
1398 1945 1427 1977 I.
1438 1946 1502 1978 Od.
1519 1947 1584 1978 xxi.

904 2001 936 2031 2.
983 2000 1104 2040 Satyris
1138 2009 1177 2029 ex
1213 1995 1341 2039 optimis
1374 2001 1406 2027 et
1438 1996 1583 2038 plurimis

905 2050 1002 2080 MSS.
1019 2048 1138 2089 recepit
1157 2048 1376 2082 Burmannus,
1396 2050 1432 2076 ut
1447 2045 1584 2077 Ovidius

905 2098 1034 2140 oblique
1069 2096 1255 2139 Nympham
1284 2094 1415 2135 vulgato
1454 2105 1584 2137 corpore

906 2148 1058 2180 infamem
1095 2145 1248 2188 tetigerit.
1295 2143 1477 2176 Mitscherl.
1511 2156 1585 2177 vero

908 2197 1020 2238 Satyro
1062 2195 1236 2227 revocavit.
1307 2193 1456 2229 Ismarus,
1495 2205 1586 2226 mons

906 2246 1064 2282 Thraciae,
1087 2246 1155 2288 jam
1186 2244 1316 2275 Homeri
1345 2248 1439 2275 aetate
1466 2243 1585 2276 vitibus

907 2296 1039 2327 nobilis:
1065 2295 1131 2327 od.
1146 2294 1190 2325 ix.
1209 2294 1290 2332 1963
1315 2293 1405 2335 Virg.
1421 2293 1540 2335 Georg.
1554 2295 1587 2326 ii.

908 2347 962 2377 37.
1005 2346 1149 2387 Sequens
1165 2343 1323 2375 distichon
1342 2343 1585 2375 Tradidit—ha-

909 2397 968 2432 bet,
983 2395 1093 2438 judice
1109 2394 1252 2430 Heinsio,
1270 2393 1448 2424 adulteram
1471 2399 1503 2424 et
1525 2405 1582 2424 nu-

908 2445 1065 2488 gatoriam
1079 2455 1210 2476 manum
1224 2443 1325 2486 sapit:
1350 2453 1409 2474 nec
1425 2442 1501 2473 mihi
1518 2443 1586 2485 pla-

909 2501 972 2532 cet,
984 2505 1180 2538 quamquam
1194 2505 1258 2525 non
1270 2492 1398 2524 omnino
1414 2492 1586 2524 damnave-

908 2546 987 2585 rim3
1010 2556 1048 2577 eo
1072 2545 1157 2576 enim
1178 2543 1315 2579 sublato,
1330 2552 1447 2573 manca
1461 2541 1588 2573 videtur

911 2595 1060 2626 narratio.
1105 2595 1147 2625 Et
1176 2603 1274 2635 quum
1302 2592 1439 2631 Ampelos
1465 2591 1588 2622 Graecis

913 2645 1008 2676 vitem
1034 2644 1201 2686 significet,
1226 2653 1290 2674 non
1315 2639 1501 2672 incredibile
1527 2645 1587 2676 est,

913 2694 1066 2727 Ovidium
1103 2693 1226 2735 aliquid
1262 2692 1303 2724 de
1342 2691 1460 2722 nomine
1497 2688 1588 2721 addi-

914 2744 1010 2776 disse.
