1830 3220
550 176 901 223 FASTORUM
934 182 1055 226 LIB.
1094 183 1178 226 VI.

1510 190 1597 231 315

167 286 489 355 Cuicumque
515 309 580 341 ex
606 294 704 343 illis
729 297 948 356 dederiS‚
977 316 1071 363 ego
1093 318 1276 350 munus
1299 303 1498 353 habebo
1519 323 1528 354 :

234 366 456 417 Nomina
481 371 612 420 trina
636 373 770 434 fero;
814 377 885 424 sic
912 379 1114 427 voluere
1144 380 1323 430 Cures.

1490 387 1587 432 216

163 442 312 493 Hunc
340 446 492 510 igitur
516 459 712 500 veteres
737 455 990 504 donarunt
1014 458 1122 505 aede
1153 458 1328 507 Sabini
1349 480 1359 517 ;

232 522 396 588 Inque
424 525 669 581 Quirinali
696 534 1007 582 constituere
1027 536 1170 598 jugo.

162 598 269 648 EST
295 602 434 660 mihi,
464 605 649 670 sitque,
678 625 872 673 precor,
901 612 1085 660 nostris
1113 614 1396 662 diuturnior
1422 616 1584 674 annis,

232 678 373 738 Filia,
404 698 506 745 qua
531 683 653 733 felix
680 689 872 752 sospite
898 706 1100 755 semper
1124 708 1227 740 ero.

1487 698 1587 742 220

162 755 308 806 Hanc
327 775 422 822 ego
444 777 602 825 quum
622 765 805 814 vellem
825 784 1012 831 genero
1032 770 1170 827 dare,
1197 777 1426 835 tempora
1441 773 1587 820 taedis

226 836 364 902 Apta
390 841 728 904 requirebam,
757 861 979 911 quaeque
1007 849 1234 897 cavenda
1258 849 1437 897 forent.

158 917 289 967 Tum
315 921 436 970 mihi
464 932 580 988 post
605 943 776 976 sacras
802 939 1113 979 monstratur
1138 932 1322 980 Junius
1351 933 1491 990 Idus,

228 998 381 1047 Utilis
408 1009 460 1049 et
484 1004 674 1067 nuptis,
704 1007 840 1055 utilis
867 1025 980 1057 esse
1006 1009 1122 1057 viris
1147 1028 1155 1059 :

158 1076 433 1144 Primaque
461 1098 576 1145 pars
604 1083 754 1148 hujus
780 1087 1016 1135 thalamis
1044 1088 1208 1137 aliena
1234 1098 1433 1154 reperta
1453 1097 1559 1148 est3

228 1156 361 1205 Nam
387 1159 509 1207 mihi
536 1161 608 1210 sic
635 1165 824 1227 conjux
851 1174 1028 1214 sancta
1056 1167 1218 1215 Dialis
1245 1167 1343 1216 ait:

155 1372 251 1409 atque
280 1367 378 1399 etiam
408 1380 426 1399 a
455 1369 545 1406 Silio,
579 1371 666 1402 dicto
697 1372 778 1410 loeo,
811 1386 830 1406 a

154 1417 258 1449 Sanco
296 1417 512 1461 distinguitur.
563 1420 706 1463 th'erre,
744 1423 829 1455 idem

154 1467 240 1510 quod
260 1479 332 1499 mox
354 1471 441 1506 dare,
459 1469 563 1502 dicere
587 1471 682 1503 alicui
704 1483 828 1505 sacrum

151 1529 235 1550 esse.

197 1570 273 1601 217.
301 1571 456 1602 Sacellum
487 1571 580 1603 Sanci
611 1584 711 1604 versus
739 1576 829 1605 trdem

155 1621 293 1658 Quirini,
311 1620 343 1652 in
360 1632 422 1663 quo
438 1632 521 1653 anno
538 1623 579 1654 U.
594 1623 633 1655 C.
649 1625 724 1655 426.
741 1625 832 1656 orbes

153 1671 234 1702 aenei
258 1671 352 1714 positi
376 1671 451 1708 sint,
480 1673 578 1704 etiam
608 1672 718 1705 Livius
749 1674 782 1705 d.
810 1675 832 1705 l.

153 1727 318 1752 memorat.
341 1720 530 1763 Dionysius,
547 1722 590 1753 iv.
604 1724 657 1754 58.
673 1722 714 1754 de
729 1723 831 1755 foede-

152 1782 185 1804 re
214 1771 382 1814 Tarquinii
419 1772 553 1814 Superbi
592 1784 664 1804 cum
696 1774 832 1805 Gabinis

152 1822 233 1854 icto:
260 1822 397 1854 Τούτων
422 1822 491 1854 ἐστὶ
514 1826 581 1855 τῶν
606 1823 724 1865 ὁρκίων
745 1837 831 1866 μνη-

150 1874 245 1915 μεῖον
264 1872 301 1904 ἐν
319 1871 428 1915 Ῥώμῃ
447 1872 597 1914 κείμενον
614 1873 651 1905 έν
667 1873 741 1916 ἱερῷ
757 1876 832 1912 Διὸς

152 1923 301 1959 Πιστίου,
313 1922 353 1954 ὅν
364 1922 521 1964 Ῥωμαῖοι
539 1922 694 1966 Σάγκτου
709 1925 829 1956 καλοῦ-

151 1985 216 2006 σιν.
241 1972 424 2004 Secundum
441 1972 602 2009 eumdem,
620 1973 665 2004 ix.
680 1974 734 2005 60.
747 1974 830 2006 hanc

154 2023 268 2060 aedem,
291 2033 310 2053 a
327 2023 471 2065 Superbo
490 2022 663 2064 Tarquinio
686 2029 829 2055 exstruc-

152 2080 230 2110 tam,
255 2072 388 2114 Spurius
414 2072 598 2103 Postumius
618 2082 681 2104 cos.
727 2073 831 2105 Nonis

152 2122 271 2155 mensis
289 2121 380 2154 Junii
393 2122 426 2152 in
449 2121 533 2152 Colle
558 2122 719 2157 Quirinali
737 2123 828 2154 dedi-

149 2174 247 2207 cavit.
294 2172 328 2203 Is
352 2178 458 2204 autem
485 2183 549 2203 cos‚
568 2172 628 2203 fuit
651 2183 703 2204 an.
723 2174 764 2205 U.
789 2174 828 2205 C.

151 2227 227 2257 290.
251 2225 361 2262 Quum
377 2223 474 2265 igitur
489 2223 626 2254 Ovidius
642 2224 700 2260 ait,
719 2231 830 2256 veteres

150 2279 309 2309 donarunt
327 2274 449 2310 Sabini,
472 2273 550 2304 forte
572 2273 617 2304 nil
641 2274 729 2305 aliud
749 2275 829 2312 vult,

150 2326 210 2357 nisi
227 2325 379 2356 Sabinum
395 2323 492 2354 deum
508 2334 589 2354 esse.

196 2376 383 2407 219—245.
406 2373 496 2405 Prior
515 2373 602 2405 Junii
620 2384 694 2416 pars
710 2374 830 2416 nuptiis

150 2426 302 2462 infausta,
318 2423 472 2467 posterior
494 2429 569 2465 apta
585 2436 590 2453 ε
618 2424 727 2465 qualia
746 2429 778 2454 et
793 2423 829 2454 ii.

151 2477 214 2508 257
245 2486 331 2518 sqq;
370 2473 415 2504 iii.
444 2475 508 2505 393
538 2484 610 2516 sqq.
649 2480 828 2505 monentur.

151 2528 232 2559 Haec
255 2526 300 2557 ita
320 2524 469 2556 tractavit
488 2530 592 2566 poeta,
613 2531 647 2554 ut
663 2524 745 2564 filiae
764 2535 829 2555 suae

151 2575 334 2608 memoriam
355 2574 519 2615 ingeniose
541 2579 573 2604 et
593 2573 758 2604 commode
778 2573 828 2604 in-

151 2632 283 2658 texeret.
330 2625 382 2655 De
401 2625 478 2665 filia
503 2634 561 2654 sua
585 2623 646 2655 IV.
672 2621 769 2654 Trist.
796 2635 829 2654 x.

150 2677 192 2708 75
206 2689 212 2707 ε
239 2680 259 2693 “
271 2674 354 2706 Filia
370 2684 420 2705 me
437 2684 508 2705 mea
522 2673 582 2710 bis,
598 2673 700 2716 prima
719 2673 828 2704 fecun-

151 2725 194 2757 da
205 2726 352 2769 juventa,
368 2724 432 2756 Sed
453 2734 516 2755 non
539 2734 578 2755 ex
595 2734 657 2754 uno
680 2723 830 2765 conjuge,

151 2775 228 2807 fecit
244 2775 373 2807 avum.''
412 2775 464 2805 De
483 2784 521 2805 ea
538 2773 609 2805 vide
625 2774 772 2805 Masson.
789 2773 829 2804 ad

1482 1171 1579 1216 226

899 1387 1016 1408 annum
1034 1376 1137 1407 :etatis
1155 1375 1251 1407 ovid.
1269 1377 1311 1406 20
1328 1382 1359 1407 et
1375 1377 1428 1406 21.
1464 1375 1579 1417 Sitque,

899 1432 960 1458 etc.
978 1427 1099 1457 utinam
1115 1425 1193 1456 milii
1209 1430 1369 1468 superstes
1383 1424 1425 1456 sit
1439 1426 1444 1455 !
1469 1432 1580 1457 votum

899 1475 1072 1507 admodum
1096 1476 1236 1507 solemne
1256 1480 1436 1518 parentum,
1459 1475 1582 1506 Roma-

900 1536 1012 1556 norum
1028 1524 1193 1568 inprimis;
1217 1525 1334 1566 quibus
1355 1535 1509 1566 magnum
1531 1536 1581 1556 so-

900 1575 1027 1611 latium,
1046 1575 1122 1606 mori
1142 1574 1365 1617 superstitibus
1380 1575 1457 1607 suis.
1497 1575 1580 1606 Vide

902 1626 943 1656 ad
960 1625 1113 1661 Plinium,
1130 1625 1233 1668 Epist.
1249 1626 1278 1657 1.
1294 1625 1349 1657 xii.
1368 1627 1420 1657 11.

945 1676 1021 1706 223.
1046 1675 1136 1706 Male
1153 1673 1306 1706 Heinsius
1325 1676 1472 1717 putabat,
1487 1675 1583 1707 intel·

901 1724 957 1767 ligi
995 1731 1114 1756 certam
1154 1724 1328 1767 quamdam
1356 1725 1446 1757 Junii
1484 1725 1583 1763 diem,

901 1775 988 1806 haud
1004 1775 1099 1806 dubie
1116 1774 1201 1805 diem
1218 1781 1290 1806 ante
1307 1774 1397 1806 xviii.
1416 1775 1581 1807 Kalendas

901 1826 978 1856 Jun.
995 1824 1104 1867 itaque
1125 1824 1154 1855 ei
1173 1824 1376 1856 scribendum
1400 1825 1581 1862 videbatur,

898 1881 963 1914 post
979 1881 1063 1906 actas
1080 1874 1155 1906 Idus
1170 1887 1179 1912 ;
1204 1885 1313 1906 omnes
1325 1874 1410 1905 enim
1424 1874 1492 1906 dies
1509 1886 1582 1917 pos-

902 1925 1066 1956 triduanos
1088 1924 1183 1956 fuisse
1201 1930 1294 1956 atros.
1342 1924 1454 1960 Immo,
1471 1935 1581 1956 omnes

901 1974 969 2006 dies
980 1973 1071 2007 Junii
1087 1980 1159 2005 ante
1171 1973 1250 2005 Idus
1265 1980 1338 2005 sunt
1354 1973 1485 2005 infausti
1500 1985 1581 2017 nup-

900 2024 964 2062 tiis,
980 2031 1050 2067 post
1066 2024 1144 2055 Idus
1158 2023 1317 2066 incipiunt
1332 2023 1438 2054 fausti.
1463 2025 1580 2066 Neque

901 2074 981 2106 adeo
1006 2075 1068 2105 huc
1094 2074 1244 2116 pertinet,
1272 2073 1358 2115 quod
1384 2074 1580 2111 Macrobius,

899 2125 1027 2156 Saturn.
1045 2124 1064 2156 i.
1082 2126 1132 2156 15.
1148 2129 1249 2160 notat,
1261 2123 1381 2166 nuptiis
1392 2125 1581 2166 copulandis

901 2174 1079 2211 Kalendas,
1104 2175 1228 2211 Nonas,
1256 2178 1288 2205 et
1313 2174 1391 2205 Idus
1416 2174 1581 2216 religiosas

900 2224 1011 2255 fuisse.
1059 2225 1160 2255 Sacrae
1178 2223 1265 2259 Idus,
1282 2229 1318 2254 ut
1339 2224 1374 2254 ii.
1400 2225 1471 2255 121.
1487 2236 1580 2256 sacrae

902 2274 1010 2305 Nom.
1060 2275 1118 2305 Hae
1143 2273 1228 2304 enim
1257 2273 1389 2311 Junoffi,
1418 2274 1482 2305 illae
1507 2275 1582 2307 Jovi

899 2334 1011 2355 sacrae.

944 2373 1020 2404 226.
1053 2372 1083 2403 Α
1110 2372 1300 2410 Flaminica,
1330 2373 1395 2404 sive
1427 2373 1580 2406 Flaminis

902 2424 1006 2454 Dialis
1021 2433 1129 2460 uxore,
1146 2423 1215 2454 haec
1236 2423 1409 2455 certissime
1428 2424 1508 2455 scire
1523 2435 1582 2467 po-

901 2479 993 2505 terat.
1039 2474 1088 2505 Ea
1103 2479 1135 2505 et
1149 2473 1282 2505 maritus
1299 2473 1518 2516 peculiaribus
1533 2475 1579 2506 le-

899 2523 993 2564 gibus
1017 2523 1306 2556 matrimonialibus
1330 2529 1421 2555 erant
1443 2524 1578 2556 circum-

899 2573 1020 2615 scripti,
1032 2573 1072 2605 de
1085 2574 1202 2615 quibus
1213 2573 1353 2610 Gellius,
1367 2574 1464 2605 Noct.
1476 2573 1580 2605 Attic.

900 2635 931 2655 x.
950 2624 1000 2655 15.
1044 2625 1093 2655 Ea
1104 2623 1248 2667 inprimis
1263 2630 1369 2656 sancta
1385 2630 1452 2655 erat
1465 2629 1496 2655 et
1509 2634 1578 2655 esse

898 2674 1049 2706 debebat.
1076 2674 1161 2707 Vide
1173 2674 1302 2706 omnino
1309 2674 1522 2707 Schwarzium
1536 2673 1580 2707 ad.

900 2724 996 2756 Plinii
1012 2735 1165 2767 panegyr.
1182 2725 1234 2755 83.
