1830 3220
562 514 1239 576 PROOEMIUM.

187 697 360 766 QUAE
388 729 519 756 causa
549 714 770 770 impulerit
795 715 1018 764 Ovidium,
1042 722 1090 755 ut
1118 715 1175 757 ad
1203 714 1356 756 Fastos
1388 715 1608 758 Romano-

185 798 281 825 rum
302 782 436 839 elegis
458 783 734 825 exornandos
757 783 967 838 adjiceret
992 783 1195 832 animum,
1219 783 1420 838 equidem
1441 783 1607 839 liquido

185 851 332 894 dicere
368 866 456 893 non
492 852 642 892 ausim.
711 850 846 893 Mitto
884 851 1104 904 Propertii
1141 850 1239 905 (IV.
1274 851 1300 892 i.
1337 852 1425 905 69.)
1458 853 1606 902 verba,

186 920 328 962 Sacra
348 920 523 976 diesque
544 935 709 970 canam,
732 926 774 961 et
794 920 1046 977 cognomina
1059 919 1214 975 prisca
1235 920 1434 970 locorum,
1449 921 1607 976 quibus

185 989 401 1031 excitatus
422 989 682 1044 praevenisse
705 989 889 1030 amicum
911 987 1127 1030 nonnullis
1150 988 1335 1030 videtur.
1389 988 1613 1030 Memora-

184 1057 314 1101 bilior
336 1065 403 1100 est
431 1059 646 1100 sententia
672 1073 838 1108 eorum,
861 1058 936 1113 qui
959 1057 1274 1099 Callimachum
1301 1065 1458 1113 putant
1480 1059 1535 1099 ab
1557 1074 1608 1100 eo

187 1142 283 1169 esse
313 1141 583 1182 expressum.
649 1126 783 1169 Hunc
817 1127 929 1168 enim
961 1134 1130 1169 constat
1162 1128 1366 1177 carmine,
1390 1128 1460 1169 cui
1489 1131 1612 1165 Αἰτίων

187 1196 276 1238 sive
304 1195 544 1238 Causarum
568 1211 725 1238 nomen
744 1197 1014 1252 inscriptum,
1033 1212 1179 1239 rerum
1201 1197 1610 1252 antiquissimarum,

187 1264 244 1306 ad
266 1264 388 1306 Deos
414 1271 459 1306 et
482 1264 638 1307 heroas
660 1265 971 1321 pertinentium
993 1281 1145 1308 causas
1178 1265 1298 1319 (αἴτια
1326 1268 1475 1315 ὠγυγίων
1503 1268 1610 1317 ἡρώων

185 1335 246 1371 καὶ
272 1334 452 1388 μακάρων)
489 1332 773 1390 explicuisse3
827 1335 951 1390 cujus
993 1334 1190 1376 carminis
1231 1335 1490 1391 fragmenta,
1533 1338 1611 1379 sed

185 1403 453 1453 brevissima,
476 1401 665 1445 Bentleii
693 1403 808 1444 curis
831 1402 1028 1453 collecta,
1058 1404 1102 1445 in
1134 1404 1325 1446 editione
1357 1405 1609 1448 Callimachi

188 1470 441 1521 Ernestina,
465 1478 567 1513 tom.
586 1472 628 1513 ii.
652 1487 696 1527 p.
716 1472 961 1515 416—426.
985 1471 1205 1527 leguntur.
1271 1473 1333 1515 Et
1353 1489 1408 1516 ex
1429 1474 1496 1516 his
1517 1476 1612 1530 qui-

188 1541 288 1583 dem
317 1540 572 1597 fragmentis
601 1541 748 1597 operis
780 1542 891 1583 ratio
919 1542 1091 1583 minime
1127 1543 1428 1598 cognoscitur3
1462 1559 1612 1586 verum

188 1608 462 1665 Anthologia
487 1608 662 1659 Graeca,
685 1616 788 1651 tom.
813 1610 866 1651 iv.
890 1626 991 1666 pag.
1016 1611 1115 1652 236.
1140 1610 1427 1667 Epigramma
1459 1612 1607 1662 habet,

190 1678 307 1720 unde
328 1685 504 1733 poetam
524 1692 651 1719 usum
667 1692 763 1719 esse
784 1677 868 1720 hoc
894 1679 1102 1734 figmento
1124 1680 1334 1730 videmus,
1358 1688 1406 1722 ut
1432 1681 1476 1722 in
1502 1697 1612 1723 som-

187 1747 253 1788 nis
288 1761 333 1788 se
367 1747 532 1788 diceret
563 1747 607 1787 in
639 1745 855 1788 Helicona
888 1748 1134 1803 abreptum,
1167 1764 1266 1803 quae
1294 1757 1526 1804 quaereret,
1555 1766 1611 1792 ex

185 1816 292 1871 ipsis
319 1814 462 1857 Musis
492 1815 727 1870 accepisse.
793 1815 855 1856 Et
884 1830 1001 1865 sane,
1025 1817 1155 1858 etiam
1178 1816 1364 1859 Ovidius
1389 1819 1434 1859 in
1459 1818 1612 1861 Fasto-

187 1899 283 1926 rum
318 1898 452 1939 opere
499 1883 668 1925 Causas
707 1882 939 1925 multarum
980 1900 1139 1935 rerum,
1183 1901 1270 1927 non
1311 1886 1610 1929 Romanarum

188 1960 371 2004 tantum,
394 1953 589 2009 exponit,
613 1953 717 2009 quin
739 1960 783 1994 et
804 1952 927 1995 Deos
954 1954 1035 1995 sibi
1057 1954 1298 2010 Musasque
1326 1955 1452 2011 fingit
1477 1972 1612 2013 appa-

188 2023 344 2073 ruisse,
365 2029 429 2073 ut,
446 2038 546 2078 quae
567 2023 717 2064 abdita
737 2022 939 2074 laterent,
964 2024 1047 2065 sibi
1069 2024 1303 2078 aperirent.
1359 2024 1506 2066 Etiam
1527 2025 1611 2067 hoc

188 2098 356 2134 certum
377 2099 458 2142 est,
475 2090 730 2134 Callimachi
752 2107 926 2134 carmen
944 2093 1046 2134 satis
1064 2100 1214 2134 notum
1235 2092 1368 2134 fuisse
1384 2092 1611 2145 Romanis,

187 2159 500 2215 laudatumque
523 2176 547 2202 a
564 2160 782 2211 Varrone,
801 2160 1011 2210 Martiali,
1034 2160 1290 2210 Plutarcho,
1310 2161 1478 2212 Servio,
1501 2162 1613 2204 aliis-

189 2244 290 2285 que.
355 2229 650 2272 Ruhnkenius
679 2230 868 2286 denique
896 2229 1039 2272 locum
1060 2246 1116 2273 ex
1137 2230 1273 2272 Trist.
1294 2230 1350 2272 V.
1376 2247 1414 2272 v.
1436 2232 1493 2273 33
1516 2247 1609 2288 sqq.

191 2299 370 2350 notavit,
405 2314 533 2354 quem
568 2315 624 2341 ex
656 2300 761 2354 ipsis
798 2299 879 2341 illis
916 2299 1170 2342 Callimachi
1201 2302 1326 2345 Αἰτίοις
1357 2315 1612 2356 expressum

191 2382 287 2410 esse
313 2367 499 2423 judicat.
564 2368 866 2411 Concedamus
906 2370 1053 2426 igitur,
1088 2370 1208 2425 quod
1244 2378 1288 2412 et
1328 2371 1614 2412 recentissimi

193 2436 424 2479 Fastorum
457 2437 740 2494 Interpretes,
772 2439 977 2490 Lenzius,
1005 2438 1239 2490 Krebsius,
1267 2439 1500 2490 Gesenius,
1527 2455 1614 2480 am—

193 2504 314 2561 plexi
330 2513 444 2557 sunt,
467 2507 673 2563 quodque
696 2509 824 2550 etiam
845 2508 1009 2550 Jacobs
1031 2508 1075 2549 in
1096 2508 1329 2550 AnimadV.
1354 2509 1410 2549 ad
1429 2506 1610 2549 Anthol.

194 2573 343 2616 Graec.
370 2574 454 2617 vol.
486 2575 569 2617 III.
602 2592 644 2632 p.
673 2577 715 2618 ii.
748 2593 791 2633 p.
823 2577 916 2619 161.
955 2584 1116 2627 tuetur,
1151 2577 1406 2619 Callimachi
1442 2592 1614 2618 carmen

194 2643 474 2686 obversatum
495 2659 590 2687 esse
614 2644 762 2687 Ovidii
788 2646 977 2701 ingenio,
1000 2661 1134 2701 quum
1164 2661 1287 2687 suum
1315 2660 1425 2701 opus
1446 2644 1615 2686 molire—

196 2717 281 2753 tur.
345 2711 484 2755 Aliud
512 2720 654 2755 tamen
689 2721 768 2765 est,
792 2729 943 2756 causas
976 2729 1119 2756 rerum
1153 2715 1207 2755 ab
1238 2714 1445 2756 heroibus
1474 2720 1616 2768 gesta-
