1830 3220
612 190 965 235 FASTORUM
999 193 1122 236 LIB.
1158 194 1215 237 V.

1534 198 1621 240 293

201 306 291 364 Te,
320 308 632 372 quicumque
659 325 777 357 suas
804 310 1070 374 profitetur
1095 312 1315 361 vendere
1341 329 1556 372 merceS‚

269 385 403 434 Ture
428 387 564 442 dato,
592 387 786 436 tribuas
813 395 869 436 ut
895 389 991 436 sibi
1018 389 1174 447 lucra,
1204 398 1363 454 rogat.

202 463 297 512 Est
321 481 456 528 aqua
483 464 724 514 Mercurii
752 474 911 530 portae
937 467 1101 516 vicina
1130 468 1385 533 Capenae:

273 542 327 590 Si
348 544 495 606 juvat
519 545 747 609 expertis
774 545 1000 602 credere,
1029 562 1216 594 numen
1243 547 1414 596 habet.

202 619 317 669 Huc
338 621 475 669 venit
500 622 752 670 incinctus
775 622 976 671 tunicas
1003 631 1282 681 mercator3
1320 632 1371 673 et
1390 642 1517 674 urna
1531 629 1628 674 675

270 699 438 748 Purus
463 701 647 757 suffita,
676 716 833 765 quam
860 700 1005 757 ferat,
1034 701 1200 749 haurit
1224 719 1430 767 aquam.

202 776 321 825 Uda
344 777 401 825 fit
425 778 542 826 hinc
567 779 768 828 laurus:
809 780 950 827 lauro
979 788 1288 844 sparguntur
1314 782 1377 830 ab
1405 783 1506 830 uda

269 855 471 913 Omnia,
500 874 616 921 quae
643 858 875 906 dominos
903 866 1024 906 sunt
1050 859 1286 907 habitura
1310 876 1481 909 novos.

202 934 411 1000 Spargit
437 943 488 984 et
513 936 624 1002 ipse
649 954 769 985 suos
797 938 938 985 lauro
965 945 1165 986 rorante
1192 939 1432 1004 capillos;

269 1013 338 1061 Et
361 1016 558 1079 peragit
583 1016 733 1064 solita
756 1016 931 1064 fallere
957 1033 1082 1065 voce
1108 1033 1304 1082 preces.

1529 1021 1629 1067 680

198 1090 366 1141 Ablue
394 1094 634 1158 praeteriti
661 1095 883 1160 perjuria
908 1097 1167 1160 temporis,
1196 1096 1390 1161 inquit:

268 1170 437 1220 Ablue
464 1173 721 1236 praeterita
747 1173 942 1238 perfida
966 1175 1121 1222 verba
1145 1174 1245 1223 die.

201 1249 319 1297 Sive
345 1266 440 1313 ego
462 1257 512 1298 te
538 1251 634 1300 feci
661 1260 864 1308 testem,
893 1252 1082 1300 falsove
1108 1253 1255 1301 citavi

269 1329 387 1377 Non
415 1329 634 1378 audituri
661 1331 870 1379 numina
896 1347 1081 1394 magna
1106 1331 1136 1379 J
1142 1332 1277 1390 ovis3

201 1496 294 1539 primi
316 1496 373 1539 pili
394 1496 561 1536 centurio;
589 1498 711 1535 Livius,
733 1497 768 1529 ii.
786 1500 825 1529 21
849 1504 881 1530 et

200 1547 240 1578 27
256 1558 266 1586 ς
291 1546 376 1578 unde
398 1552 430 1577 et
450 1554 594 1589 apparet,
610 1547 722 1579 eodem
739 1554 882 1591 tempore

198 1596 370 1639 collegium
402 1603 613 1629 mercatorum
651 1609 719 1630 esse
753 1598 881 1630 institu-

200 1652 280 1679 tum.
326 1649 520 1679 Mercaturae
539 1655 673 1691 praeerat
688 1648 881 1686 Mercurius,

201 1697 277 1739 quia
301 1697 358 1729 illa
379 1699 481 1730 multa
498 1698 619 1740 ingenii
640 1697 782 1730 sollertia
802 1709 882 1741 opus

200 1747 308 1780 habet.
360 1747 446 1779 Hinc
483 1747 517 1779 in
554 1747 770 1780 monumentis
807 1759 881 1780 cum

202 1799 342 1830 Fortuna
352 1799 510 1841 jungitur,
528 1810 678 1831 ancoram
699 1805 799 1836 tenet,
816 1810 881 1830 ros-

202 1854 248 1880 tro
275 1849 381 1880 navali
410 1848 537 1880 insidet.
584 1849 669 1881 Vide
696 1849 772 1881 Jani
799 1849 879 1880 dict.

202 1899 264 1931 loc.
310 1899 362 1930 De
392 1911 471 1940 aqua
502 1899 657 1931 Mercurii
687 1899 767 1930 nihil
795 1900 881 1942 apud

202 1948 281 1980 alios
318 1955 473 1981 auctores.
540 1950 672 1987 Numen,
705 1950 750 1981 vis
788 1950 880 1993 expi-

201 1998 288 2030 andi.

245 2050 321 2082 675.
345 2050 519 2087 Ιηοὶηειιιε,
548 2049 693 2089 cinctus3
727 2050 883 2092 Neapolis

203 2107 324 2137 monet,
343 2111 417 2132 eum
436 2100 534 2132 fuisse
557 2100 705 2132 habitum
725 2106 882 2132 mercato-

200 2161 283 2186 rum,
313 2156 350 2182 ut
378 2161 396 2181 e
425 2149 557 2192 cingulo
585 2151 782 2193 marsupium
813 2150 880 2181 auri

201 2201 372 2233 monetalis
388 2211 578 2244 suspensum
595 2205 768 2242 gestarent.
800 2200 880 2232 Vul-

199 2262 240 2293 go
264 2252 384 2282 tunica.
429 2250 493 2281 Sed
516 2249 642 2292 plurale
664 2252 776 2282 tunicae
794 2261 880 2292 saepe

200 2301 240 2333 de
262 2311 326 2332 uno
348 2300 475 2332 homine
498 2300 626 2342 legitur,
646 2306 683 2332 ut
703 2300 789 2343 apud
811 2299 878 2331 Pli-

201 2350 302 2386 nium,
328 2350 376 2382 ΙΙ.
402 2351 463 2393 Ep.
487 2362 543 2381 xx.
572 2351 632 2389 103
662 2351 726 2382 IV.
753 2350 819 2382 xvi.
847 2351 880 2382 2.

201 2400 325 2442 Suffita,
342 2400 440 2436 sumo,
456 2400 615 2431 suffimine
631 2400 780 2432 lustrata.
828 2401 881 2432 De

201 2451 353 2492 suffimine
376 2450 418 2482 iv.
440 2451 526 2490 7313
553 2450 594 2482 de
620 2452 708 2482 lauro
732 2451 816 2487 728;
840 2450 881 2482 de

203 2511 282 2533 voce
298 2511 406 2532 rorare
426 2499 465 2531 ad
487 2511 551 2532 ver.
568 2501 644 2532 778.
692 2501 767 2535 Quae
785 2502 880 2532 domi-

202 2564 266 2589 nos,
277 2557 339 2583 etc.
356 2561 479 2582 merces
493 2550 682 2582 vendendae.

248 2602 324 2633 680.
358 2601 478 2638 Preces,
507 2600 625 2643 quibus
651 2605 809 2632 mercator
835 2600 881 2631 nil

203 2651 263 2683 nisi
282 2652 424 2693 perjuria
447 2656 480 2683 et
495 2651 659 2693 perfidiam
683 2650 743 2683 sibi
762 2650 880 2682 condo-

204 2701 284 2739 nari,
300 2707 334 2733 et
352 2712 436 2733 nova
456 2702 545 2733 lucra
565 2701 633 2733 dari
651 2701 745 2744 petit.
792 2702 881 2739 Quo-

203 2751 298 2783 modo
324 2752 406 2783 tales
432 2762 542 2795 preces
571 2757 712 2792 peracte,
738 2750 880 2783 recitatae

203 2802 276 2839 sint,
292 2812 331 2834 ex
347 2801 492 2838 Horatio,
509 2801 540 2833 Ι.
557 2801 660 2843 Epist.
676 2800 744 2832 xvi.
761 2801 814 2833 58.
829 2800 877 2832 in-

952 1498 1128 1541 telligitur:
1156 1503 1176 1517 “
1195 1499 1476 1543 Quandocumque
1492 1501 1567 1533 deos
1583 1501 1634 1533 vel

951 1559 1060 1591 porco,
1085 1549 1136 1580 vel
1159 1549 1239 1581 bove
1264 1550 1396 1593 placat;
1425 1551 1508 1583 Jane
1531 1557 1633 1593 pater,

952 1600 1037 1631 clare
1051 1611 1059 1638 3
1083 1600 1168 1631 clare
1187 1611 1286 1642 quum
1303 1600 1396 1637 dixit,
1411 1600 1551 1644 Apollo;
1567 1603 1632 1634 La-

951 1650 1009 1680 bra
1031 1657 1139 1680 movet
1165 1655 1311 1682 metuens
1339 1650 1465 1689 audiri3
1498 1651 1633 1694 pulchra

952 1699 1106 1736 Laverna,
1133 1699 1187 1730 Da
1216 1699 1293 1731 mihi
1324 1700 1447 1738 fallere,
1477 1701 1520 1732 da
1543 1701 1632 1744 justo

951 1756 1126 1792 sanctoque
1155 1749 1272 1781 videri:
1309 1751 1448 1782 Noctem
1478 1752 1633 1794 peccatis,

951 1805 984 1831 et
1011 1799 1178 1831 fraudibus
1207 1800 1312 1842 objice
1345 1801 1497 1832 nubem.''
1545 1800 1632 1833 Hinc

952 1856 1085 1892 apparet
1097 1861 1194 1892 quam
1206 1850 1293 1882 mala
1309 1851 1405 1882 fuerit
1419 1857 1632 1884 mercatorum

951 1901 1049 1932 fama.
1088 1902 1200 1937 Ablue,
1218 1901 1376 1939 condona,
1392 1913 1466 1933 cum
1481 1907 1632 1945 respectu

952 1950 993 1982 ad
1014 1951 1230 1993 purgationes.
1278 1952 1446 1983 Prffterita
1469 1953 1529 1989 die,
1551 1963 1632 1994 prae-

952 2000 1044 2031 terito
1057 2006 1208 2042 tempore,
1221 2000 1287 2031 sive
1304 2001 1455 2043 praeteriti
1468 2001 1631 2044 temporis.

951 2049 1082 2087 Nescio,
1099 2061 1156 2081 cur
1176 2051 1380 2082 Burmannus
1404 2050 1474 2082 haec
1499 2050 1540 2082 ad
1559 2062 1631 2083 ves-

951 2110 1061 2143 peram
1078 2105 1201 2131 tantum
1217 2099 1286 2142 ejus
1301 2099 1365 2131 diei
1381 2101 1552 2138 referebat,
1567 2112 1632 2144 quo

951 2156 1108 2182 mercator
1126 2149 1175 2181 his
1193 2150 1292 2181 sacris
1310 2155 1460 2194 operatus
1477 2149 1528 2183 sit.
1578 2152 1631 2182 Ci-

952 2207 1018 2231 tare
1048 2207 1152 2232 testem
1180 2200 1317 2231 formula
1343 2200 1470 2243 propria
1477 2213 1487 2240 3
1518 2201 1631 2233 Petro-

950 2250 1033 2287 nius,
1049 2252 1069 2281 2
1084 2263 1089 2281 :
1112 2254 1132 2267 “
1148 2250 1199 2281 Ne
1214 2255 1325 2292 poetas
1339 2249 1468 2291 quidem
1487 2250 1527 2282 ad
1544 2251 1632 2283 testi·

950 2300 1091 2331 monium
1105 2300 1236 2331 citem.”
1269 2299 1436 2337 Phaedrus,
1452 2300 1476 2332 i.
1492 2301 1557 2332 fab.
1572 2302 1628 2333 17:

950 2353 971 2367 “
990 2350 1086 2392 lupus
1106 2349 1196 2381 testis
1219 2348 1370 2381 citatus.”
1422 2350 1509 2382 Nam
1533 2353 1631 2383 citare

951 2410 1046 2431 sensu
1061 2400 1163 2442 primo
1178 2405 1227 2431 est
1237 2411 1364 2432 vocare.
1412 2401 1460 2432 Ex
1471 2400 1630 2444 interpre-

951 2450 1071 2481 tatione
1100 2449 1198 2491 igitur
1226 2449 1319 2481 fluxit
1349 2449 1481 2482 aliorum
1514 2453 1631 2483 vocavi.

953 2500 1024 2531 Non
1039 2502 1196 2537 audituri,
1211 2511 1342 2543 sperans
1359 2511 1432 2532 eum
1453 2512 1516 2532 non
1537 2501 1628 2533 audi-

952 2555 1057 2582 turum
1070 2560 1150 2582 esse.
1184 2550 1272 2582 Olim
1287 2552 1412 2582 nomina
1427 2556 1483 2582 aut
1499 2554 1630 2584 numina

951 2612 1053 2638 vana,·
1078 2601 1175 2632 male.
1219 2600 1378 2638 Tibullus,
1406 2601 1474 2632 ΠῘ.
1498 2601 1540 2633 vi.
1563 2602 1627 2632 22:

952 2655 972 2668 “
993 2650 1058 2689 Qui
1089 2651 1181 2682 timet
1209 2650 1280 2682 irati
1304 2651 1464 2693 (Bacchi)
1494 2651 1627 2684 numina

951 2702 1102 2744 magna.''
1151 2701 1304 2739 Prudens,
1328 2701 1443 2738 sciens,
1467 2702 1627 2734 consulto.

949 2752 1117 2784 Terentius
1146 2751 1296 2784 Eunuch.
1331 2753 1359 2783 I.
1387 2752 1409 2784 i.
1440 2753 1502 2783 27:
1531 2754 1628 2784 sciens

949 2804 1142 2844 prudensque
1166 2813 1267 2842 pereo.
1321 2802 1470 2834 Formula
1495 2801 1626 2844 jurandi
