1830 3220
532 183 604 225 IN
638 171 854 226 'OVIDII
888 182 1142 224 FAsros
1453 186 1538 227 351

129 315 350 350 annorum,
383 300 456 355 qui
494 301 661 356 cyclum
701 301 779 342 sub
814 300 1002 341 Metonis
1038 300 1208 341 nomine
1245 300 1539 341 circumlatum

127 369 386 419 efficiebant,
408 375 688 424 tempestates
718 370 929 411 sideribus
956 370 1042 411 suis
1065 370 1348 425 adsignabant
1369 375 1414 411 et
1434 385 1541 424 prae-

127 438 342 480 dicebant.
405 439 610 480 Servatus
641 439 768 480 etiam
800 445 893 480 erat
918 454 1022 488 mOS,
1047 439 1088 479 in
1115 439 1344 494 praeceptis
1373 439 1543 480 rusticis

127 508 389 563 singulorum
410 509 679 564 negotiorum
702 514 897 563 tempora
920 523 1003 549 non
1034 509 1087 549 ad
1110 523 1279 549 menses
1306 523 1541 563 eorumque

128 577 233 626 dies,
258 578 333 618 sed
356 578 410 618 ad
437 577 624 618 siderum
654 583 770 618 ortus
801 583 845 617 et
876 592 1052 618 occasus
1082 577 1333 632 praecipere,
1356 584 1400 618 et
1426 583 1540 632 post-

127 660 250 700 quam
275 647 422 688 rustici
443 647 483 688 in
506 647 599 701 ipso
622 647 733 688 coelo
752 638 981 688 observare
1001 647 1233 695 desierant,
1250 646 1396 688 harum
1420 648 1541 688 tabu-

126 714 261 756 larum
289 731 371 771 ope
401 716 590 772 cujusvis
613 716 763 757 sideris
785 721 902 756 ortus
926 720 969 756 et
991 730 1168 756 occasus
1190 716 1476 770 reperiebant,
1500 722 1545 758 et

126 785 178 825 ad
203 786 359 827 mensis
382 787 473 827 dies
496 786 755 827 referebant.
820 785 1077 826 Observatio
1108 785 1255 826 harum
1287 785 1541 835 tabularum,

126 853 208 894 etsi
230 869 314 895 non
344 855 547 911 rigmosa,
573 860 715 896 tamen
739 869 855 909 saepe
878 860 1080 901 accurata
1108 860 1213 902 erat,
1239 862 1287 896 ut
1309 854 1398 908 jam
1422 855 1542 896 Pfaf-

126 923 229 964 fiusx
259 925 435 974 monuit,
458 925 532 980 qui
559 925 688 966 etiam
719 923 879 965 criticae
911 938 993 978 ope
1022 924 1063 964 in
1094 929 1302 964 contextu
1332 938 1542 980 parapeg-

125 1000 285 1034 matum
329 993 544 1036 interdum
581 1000 782 1049 corrupto
820 993 1049 1035 veritatem
1090 994 1402 1035 restituendam
1445 1009 1542 1036 esse

129 1062 288 1105 docuit.

187 1137 287 1180 Duo
308 1145 408 1180 sunt
427 1139 604 1194 antiqua
625 1143 932 1194 parapegmata
954 1152 1122 1193 magnae
1147 1138 1426 1188 auctoritatis,
1447 1155 1542 1194 quae

127 1207 449 1250 observationes
489 1209 656 1250 illorum
693 1213 1044 1255 astronomorum,
1081 1207 1252 1248 nomine
1289 1208 1544 1263 plerumque

127 1276 411 1326 laudatorum,
435 1278 556 1319 nobis
583 1283 821 1318 servarunt.
883 1276 1083 1317 Alterum
1105 1282 1171 1317 est
1193 1276 1419 1318 Ptolemaei
1440 1277 1545 1329 (Pe-

127 1346 228 1387 taVii
258 1346 495 1402 UranOlOg.
524 1362 566 1401 p.
591 1347 682 1397 94.)
707 1352 752 1387 et
778 1347 1023 1387 inscribitur
1043 1336 1171 1398 ‹poio-ei}
1190 1352 1350 1385 ἀπλανῶν
1370 1353 1545 1397 ἐπισημα-

129 1421 222 1466 σιῶν,
256 1415 322 1456 vel
353 1419 482 1468 φάσεις
513 1422 674 1454 ἀπλανῶν
703 1419 761 1453 καὶ
792 1418 1040 1465 ἐπισημασίαι,
1074 1415 1188 1469 quod
1224 1414 1311 1469 jain
1350 1430 1374 1455 a
1412 1414 1547 1457 suida

127 1485 339 1526 laudatur.
403 1484 594 1539 Singulis
629 1483 839 1524 mensium
871 1483 1024 1524 diebus
1057 1489 1174 1523 ortus
1207 1489 1250 1524 et
1283 1498 1461 1525 occasus
1491 1499 1547 1526 ex

128 1555 341 1596 variorum
371 1554 625 1595 auctoritate
651 1568 747 1594 cum
771 1557 1022 1603 ἐπισημασίαις
1045 1553 1267 1609 adsignat;
1300 1554 1377 1595 hoc
1403 1560 1546 1596 tamen

129 1624 348 1678 proprium
378 1624 521 1672 habet,
545 1624 659 1678 quod
693 1629 738 1664 et
771 1621 960 1663 scholion
993 1622 1167 1672 indicat,
1194 1638 1277 1665 non
1310 1639 1457 1665 omnes
1490 1625 1547 1666 ibi

131 1693 288 1742 stellas,
312 1694 387 1734 sed
416 1693 565 1747 primae
597 1698 762 1733 tantum
792 1698 837 1732 et
863 1692 1064 1732 secundae
1092 1693 1413 1747 magnitudinis,
1438 1693 1546 1734 indi-

130 1762 242 1810 cari3
271 1761 502 1816 Vergilias,
520 1761 691 1802 Hoedos
713 1767 758 1801 et
778 1760 988 1815 ejusmodi
1012 1761 1195 1802 minores
1218 1761 1416 1803 exclusas
1438 1777 1546 1804 esse.

131 1831 493 1872 Fructuosissima
513 1830 708 1886 ejusdem
732 1835 834 1871 nota
856 1835 938 1878 est,
962 1844 1048 1885 qua
1070 1831 1123 1871 de
1147 1831 1406 1879 auctoribus,
1431 1832 1546 1874 unde

129 1902 360 1942 conflatum
393 1908 473 1949 est,
500 1906 545 1941 et
577 1901 631 1941 de
660 1899 922 1954 regionibus,
954 1899 1026 1940 ubi
1060 1900 1214 1955 singuli
1248 1901 1546 1951 observabant,

131 1970 345 2026 exposuit.
406 1969 607 2011 Alterum
632 1975 698 2010 est
724 1968 892 2010 Gemini
914 1967 1086 2022 (Petav.
1110 1968 1289 2011 Uranol.
1311 1985 1353 2024 p.
1375 1970 1466 2020 64.)
1488 1971 1548 2011 illi

131 2039 363 2089 subsimile,
384 2039 445 2080 ita
474 2045 617 2080 tamen
642 2044 689 2078 ut
717 2037 859 2078 sidera
888 2052 971 2078 non
994 2038 1151 2079 mensis
1175 2039 1342 2087 diebus,
1367 2039 1442 2080 sed
1465 2041 1548 2095 sig-

130 2124 280 2151 norum
303 2109 481 2150 Zodiaci
502 2108 693 2164 partibus
715 2106 930 2161 adscripta
951 2107 1047 2147 sint.
1096 2108 1308 2156 Tertium,
1326 2123 1351 2149 a
1368 2109 1548 2150 Leonico

872 2281 976 2318 modo,
991 2293 1099 2314 verum
1116 2283 1307 2325 reliquarum
1324 2289 1547 2326 tempestatum

872 2343 989 2373 magna
1007 2343 1045 2363 ex
1069 2339 1177 2374 parte3
1202 2333 1284 2364 conf.
1300 2333 1492 2371 Columella,
1511 2334 1548 2365 Ii-

131 2301 217 2328 ποις.
263 2288 295 2318 Si
310 2287 394 2319 enim
410 2285 588 2319 accuratius
599 2288 802 2326 quaereretur,

129 2338 365 2370 undevicesimo
388 2348 515 2380 quoque
539 2347 633 2372 anno,
650 2345 712 2377 quo
733 2334 804 2365 Me-

130 2390 212 2421 tonis
226 2389 336 2432 cyclus
350 2388 494 2431 incoepit,
510 2398 581 2419 cum
598 2386 711 2417 iisdem
729 2384 804 2416 orti-

129 2441 189 2472 bus
204 2439 332 2471 easdem
353 2444 555 2481 tempestates
574 2437 675 2468 redire
695 2435 804 2467 crede-

129 2492 219 2522 bant.
267 2489 402 2521 Brevius
425 2488 561 2531 spatium
584 2497 703 2530 ponens
719 2487 804 2517 Pliu.

131 2541 218 2572 xviii.
234 2551 258 2571 s.
275 2540 328 2572 57.
344 2539 416 2571 coll.
433 2539 466 2570 ii.
483 2550 508 2569 s.
527 2539 579 2570 48.
596 2544 709 2580 quarto
725 2548 802 2579 quo-

131 2602 193 2634 que
221 2600 303 2622 anno
329 2589 456 2621 easdem
482 2588 583 2620 redire
608 2599 646 2619 ex
671 2587 804 2618 Eudoxo

131 2642 238 2673 tradit.
284 2641 436 2671 Omnium
451 2639 477 2670 si
493 2639 572 2670 libet
586 2639 722 2669 minimos
737 2647 803 2668 am-

131 2692 227 2729 bitus,
238 2691 340 2722 redire
354 2690 481 2721 easdem
497 2690 581 2721 vices
597 2689 804 2731 quadriennio

130 2748 243 2774 exacto
266 2741 416 2772 Eudoxus
439 2746 542 2782 putat,
559 2750 619 2772 non
641 2745 804 2771 ventorum

873 2382 928 2412 bro
945 2381 1009 2413 III.
1026 2381 1068 2412 vi.
1084 2393 1150 2413 sec.
1169 2383 1201 2412 4.

917 2437 933 2451 Χ
962 2433 1001 2463 In
1022 2433 1101 2463 libro
1124 2433 1262 2474 egregio,
1278 2444 1341 2474 quo
1365 2432 1449 2463 omni
1473 2432 1547 2464 huic

875 2490 1059 2524 argumento
1091 2483 1242 2525 praeclare
1272 2483 1376 2514 lucem
1407 2481 1545 2514 adtulit:

875 2534 921 2565 De
942 2536 1056 2564 ortibus
1079 2541 1107 2564 et
1132 2535 1282 2565 occasibus
1306 2535 1439 2564 siderum
1465 2535 1549 2572 apud

872 2591 1009 2615 auctores
1038 2586 1174 2616 classicos
1197 2584 1434 2614 ‘commemoratis
1462 2582 1547 2613 Com-

874 2638 1030 2672 mentatio,
1051 2635 1208 2677 Gottingae
1237 2635 1332 2666 1786.
1357 2634 1476 2674 prtemio
1499 2644 1546 2664 οι·-

874 2694 959 2718 nata.
