1809 3220
228 146 321 194 456·

626 151 678 192 P.
714 149 931 193 OVIDII
967 147 1250 192 NASONIS

233 270 539 326 Cantharus,
568 269 794 332 ingratus
823 282 1006 315 succo:
1047 274 1156 314 tum
1183 264 1420 314 concolor
1445 264 1518 312 illi

232 348 452 413 Orphas,
479 348 798 410 caeruleaque
826 346 1012 393 rubens
1041 343 1322 409 Erythinus
1348 343 1400 390 in
1425 342 1590 390 unda:

232 425 453 490 Insignis
482 426 779 490 Sargusque
805 424 955 480 notis,
983 423 1194 486 insignis
1222 430 1274 470 et
1300 421 1421 470 alis:

1559 421 1652 468 105

233 503 301 552 Et
326 521 478 570 super
503 512 681 552 aurata
708 502 957 568 Sparulus
983 500 1180 549 cervice
1207 499 1492 561 refulgens;

233 581 302 630 Et
325 583 504 631 rutilus
532 584 720 646 pagum
750 589 801 629 et
824 580 945 629 fulvi
974 579 1319 645 Synodontes,
1348 584 1399 625 et
1423 593 1489 625 ex
1516 592 1571 624 se

234 660 546 726 Concipiens
574 661 804 717 Channe,
833 659 1034 723 gemino
1059 657 1291 706 fraudata
1316 662 1545 721 parente.

233 738 363 787 Tum
388 739 560 788 viridis
587 739 832 804 squamis,
862 754 1015 802 parvo
1045 735 1287 784 Saxatilis
1313 751 1415 791 ore,

236 816 303 866 Et
328 834 468 866 rarus
495 818 677 874 Faber,
706 824 757 865 et
781 816 932 881 piotae
960 815 1265 879 Mormyres,
1294 820 1347 861 et
1372 812 1479 861 auri

234 946 331 989 piano
369 947 455 979 circa
492 953 597 990 petras
631 947 765 989 degunt.
815 946 914 989 Apud

233 996 319 1029 Plin.
334 997 419 1029 circa
441 998 535 1029 finem
560 997 616 1029 lib.
632 997 730 1028 xxxii.
747 1007 914 1040 perperam

233 1046 362 1089 legitur,
383 1047 549 1090 Bnbgyros.
565 1047 659 1078 MSS.
673 1047 892 1089 Cereyroesque
905 1059 914 1077 .-

237 1096 384 1136 Plinius;
415 1099 570 1139 Cercyron
600 1100 631 1129 in
656 1099 786 1138 scopulis
811 1099 914 1129 viven-

234 1154 303 1178 tem.
351 1148 402 1179 Ita
418 1147 540 1179 dudum
556 1159 626 1190 ego,
644 1153 676 1179 et
694 1147 816 1190 pridem
831 1149 912 1180 Ges-

233 1207 340 1229 uerus.
388 1199 496 1240 Vulgo
518 1199 705 1241 Bopgyron:
729 1205 912 1230 monstrose.

233 1247 346 1279 Forte:
372 1248 488 1280 Saevum
514 1248 707 1290 Cercyrum,·
733 1247 913 1290 quiaferox

234 1297 286 1329 hic
305 1298 421 1330 dicitur
437 1310 456 1330 a
471 1299 599 1330 Nostro.
626 1299 912 1330 VL1r.—Cantha·

234 1359 298 1380 rus.
345 1349 396 1380 De
422 1349 483 1381 hoc
513 1348 601 1393 pisce
628 1349 788 1384 AElianus,
812 1349 869 1380 lib.
893 1349 914 1380 i.

234 1407 306 1441 cap.
320 1399 374 1431 27.

283 1450 354 1481 103.
389 1449 466 1480 Tum
503 1450 641 1481 concolor
680 1449 728 1479 illi
764 1449 911 1490 Orphos]

233 1499 359 1532 Plinius
372 1512 410 1532 ex
424 1500 541 1532 Ovidio
556 1499 697 1531 nominat
711 1500 849 1540 Orphum
859 1511 911 1530 ru—

235 1550 363 1587 bentem,
387 1551 624 1591 Rhacinumque
643 1550 778 1590 pullum,
802 1559 913 1591 perpe-

235 1610 315 1636 ram,
332 1606 368 1631 ut
383 1605 534 1642 apparet3
560 1599 619 1630 nisi
634 1600 809 1630 coracinum
825 1599 915 1639 legas

231 1651 380 1691 pullum,·
413 1656 445 1681 et
468 1650 548 1681 sorte
576 1659 705 1680 carmen
736 1658 835 1680 unum
861 1647 913 1679 hic

234 1699 332 1731 desit.
387 1699 459 1731 Scio
486 1698 616 1742 quidem
644 1697 741 1729 etiam
770 1697 917 1740 Orphum

235 1751 361 1782 rubere.
419 1749 542 1782 Graecis
564 1749 693 1792 Ὀρφὺς,
720 1748 771 1780 vel
794 1746 917 1791 Ὀρφὼς

234 1799 358 1831 Attice.
383 1800 489 1832 stx.

285 1851 356 1881 104.
382 1849 587 1892 Erythinus.]
624 1848 761 1885 Plinius,
787 1848 845 1879 lib.
874 1847 918 1880 ix.

235 1911 309 1942 cap.
329 1901 368 1932 16
389 1906 421 1932 et
439 1901 492 1932 52.
509 1906 542 1931 et
564 1894 664 1931 alibi.'
698 1898 850 1941 Pelagius
869 1904 918 1930 est

236 1949 400 1982 Aristoteli
415 1963 421 1980 ι
449 1949 598 1992 Oppiano
614 1959 687 1980 vero
703 1948 837 1980 litoralis
852 1961 857 1978 :
885 1947 916 1979 in

236 2000 315 2032 mari
331 2006 457 2032 tantum
473 2000 637 2043 reperitur.

283 2051 355 2082 105.
382 2051 517 2092 Insignis
528 2050 674 2093 Sangus]
694 2050 823 2081 Festus:
843 2049 914 2080 Sar·

236 2111 294 2143 gns
312 2102 402 2141 piscis
421 2111 529 2142 genus,
545 2102 597 2140 qui
617 2101 649 2130 in
669 2100 817 2141 A‘Eg-upiio
837 2100 915 2129 mari

228 2151 304 2193 fere
326 2153 475 2181 nascitur.
503 2150 628 2181 Lucil.:
664 2155 687 2167 “
703 2152 805 2187 Quem
834 2160 914 2191 prae-

237 2201 342 2232 clarus
367 2201 474 2243 ElopS,
504 2211 600 2242 quem
630 2201 774 2241 AEgypto
803 2199 915 2240 Sargu'

238 2251 412 2282 movebit.'’
467 2251 518 2281 De
545 2251 644 2292 Sargo
668 2248 793 2280 Plinius
821 2248 912 2290 quin-

237 2311 299 2342 que
326 2300 357 2331 in
379 2300 466 2336 locis,
483 2306 515 2330 et
533 2299 679 2331 Albanus
701 2299 781 2330 libro
800 2299 823 2329 i.
845 2308 917 2340 cap.

239 2351 302 2388 24;
340 2349 484 2386 litoralis,
516 2349 682 2387 marinus3
715 2348 857 2384 Auratis,
886 2353 918 2378 et

238 2400 346 2443 Sparis
378 2400 442 2431 sere
476 2398 598 2435 similis,
627 2399 730 2434 latior,
757 2397 918 2429 rotundior

239 2457 346 2482 tamen
377 2456 445 2481 est:
474 2449 523 2480 bis
552 2449 644 2491 parit,
671 2449 766 2484 Vere,
792 2454 824 2479 et
849 2447 914 2479 Au-

238 2508 368 2534 tumno:
402 2500 509 2543 plures
538 2499 636 2530 habet
659 2510 784 2535 uxores,
807 2505 838 2529 et
863 2508 918 2540 pro

238 2552 276 2583 iis
290 2559 450 2582 certamen
465 2551 542 2581 init:
568 2560 733 2592 caprarum
748 2555 795 2580 est
807 2559 915 2579 aman-

239 2602 388 2632 tissimus.
434 2600 531 2631 Mulli
557 2598 663 2631 lutarii
691 2599 840 2641 reliquias
869 2608 917 2629 se·

240 2652 356 2694 quitur.
382 2652 482 2682 VuT.

288 2702 357 2731 106.
381 2699 563 2741 Spar-ulum]
590 2699 708 2742 Sparus
724 2699 853 2729 Aurata]
873 2698 914 2728 si-

240 2750 392 2781 millimus
408 2756 465 2787 cst,
483 2749 562 2780 adeo
584 2755 618 2780 ut
640 2749 736 2780 etiam
753 2747 914 2790 piscatori-

1564 814 1659 859 110

982 948 1041 978 bus
1065 947 1247 988 frequenter
1267 945 1421 987 imponat.
1467 944 1589 976 Verum
1612 954 1662 975 ro-

983 997 1142 1034 tundiore,
1161 997 1292 1033 minore,
1308 1002 1340 1027 et
1358 995 1462 1037 magis
1485 1004 1664 1038 compresso

983 1053 1030 1078 est
1050 1058 1190 1089 corpore.
1216 1045 1445 1078 &sam—Et
1461 1046 1577 1076 rutilus
1597 1044 1662 1075 Ρα-

979 1109 1057 1140 gur.
1121 1097 1225 1139 Pager
1259 1096 1311 1128 vel
1351 1096 1489 1138 Pagi-us,
1527 1093 1663 1131 Graecis,

980 1147 1117 1190 φάγρος,
1148 1147 1233 1189 quod
1264 1146 1484 1178 voracissimus
1521 1145 1588 1182 sit;
1622 1144 1663 1176 ab

982 1197 1138 1239 Erythino
1161 1197 1304 1228 diversus
1327 1201 1387 1233 est,
1402 1202 1439 1227 ut
1461 1201 1552 1227 notat
1572 1196 1664 1227 Ron-

982 1246 1141 1278 deletius:
1190 1246 1397 1288 distinguitur
1442 1245 1664 1288 magnitudine

983 1299 1132 1340 corporis,
1148 1303 1180 1329 et
1195 1296 1379 1333 latitudine,
1395 1302 1428 1328 et
1446 1295 1536 1327 rostri
1551 1296 1665 1338 figura.

983 1347 1119 1379 Fallitur
1133 1348 1260 1384 Jovius,
1277 1346 1332 1389 qui
1349 1347 1486 1389 Pagrum
1505 1357 1580 1377 eum
1595 1356 1665 1377 esse

983 1398 1155 1433 existimat,
1172 1397 1226 1439 qui
1250 1396 1345 1438 vulgo
1369 1396 1524 1427 Romanis
1546 1396 1664 1427 Fravo-

985 1449 1058 1484 lino,
1074 1454 1106 1480 et
1126 1447 1232 1479 Gallis
1248 1446 1513 1478 Narbonensibus
1532 1447 1664 1489 Fragel-

986 1499 1033 1529 lus
1049 1504 1192 1534 vocatur,
1205 1508 1304 1540 quum
1316 1497 1356 1531 iis
1371 1497 1478 1540 potius
1488 1496 1664 1539 Erythinus

984 1548 1035 1580 sit.
1061 1548 1156 1580 C1or.

1031 1600 1103 1630 107.
1138 1599 1180 1629 Ec
1194 1598 1287 1640 fulvi
1311 1597 1528 1639 Synodontes]
1560 1596 1665 1629 Συνό-

984 1647 1072 1687 ὃους,
1108 1647 1279 1691 συνάγρις,
1317 1647 1439 1690 χάραξ,
1472 1655 1506 1679 et
1542 1646 1666 1678 Latinis

988 1699 1115 1735 Denstx,
1138 1697 1288 1730 eumdem
1316 1697 1437 1740 piscem
1464 1696 1666 1739 significant3

986 1760 1101 1781 nomen
1129 1747 1211 1780 enim
1243 1748 1283 1779 ab
1310 1747 1505 1784 extantibus,
1536 1754 1567 1779 et
1595 1758 1668 1790 pro-

987 1798 1209 1830 minentitibus
1229 1798 1380 1829 dentibus
1403 1797 1585 1840 impositum
1608 1804 1668 1830 est.

987 1848 1143 1880 Romanis
1168 1849 1315 1880 Dentale.
1363 1847 1489 1880 Giscaf.
1536 1847 1588 1879 De
1612 1858 1666 1879 eo-

986 1899 1059 1931 dem
1077 1898 1237 1935 AElianus,
1254 1898 1335 1929 libro
1351 1897 1372 1928 i.
1387 1907 1460 1940 cap.
1476 1898 1530 1929 49.
1555 1897 1652 1929 Cror.

1033 1949 1106 1980 108.
1145 1949 1187 1979 Et
1211 1960 1246 1980 ex
1274 1959 1303 1979 se
1332 1948 1511 1988 Concipiens
1538 1947 1666 1980 Charine

983 2001 1104 2042 gemino
1116 1999 1278 2041 srmulata
1305 1998 1460 2040 parente]
1486 1998 1578 2030 Idem
1602 2004 1667 2031 tra-

987 2050 1034 2080 dit
1050 2049 1185 2086 Plinius,
1200 2050 1256 2080 lib.
1271 2049 1313 2079 ix.
1330 2059 1401 2090 cap.
1421 2049 1470 2080 16.
1495 2054 1526 2080 et
1541 2047 1596 2080 lib.
1612 2050 1666 2081 32.

985 2110 1055 2142 cap.
1071 2099 1129 2131 ult.
1154 2099 1256 2130 IDEM.

1033 2150 1106 2180 110.
1132 2150 1174 2180 Et
1189 2161 1280 2180 rarus
1298 2147 1425 2189 Faber]
1454 2148 1590 2180 Faberis
1607 2154 1666 2187 est,

987 2199 1040 2242 qui
1056 2201 1201 2242 χαλκεὺς
1216 2200 1351 2234 Graecis,
1368 2198 1420 2230 vel
1437 2197 1521 2236 τεὺς.
1560 2199 1666 2231 Plinio

990 2250 1087 2281 Faber
1102 2249 1238 2282 dicitur:
1264 2248 1420 2280 Romanis
1438 2260 1522 2289 pesce
1542 2249 1573 2281 S.
1592 2249 1664 2281 Pie-

989 2308 1055 2332 tro:
1094 2300 1199 2333 Gallis
1228 2301 1338 2331 Dorce.
1376 2299 1500 2342 Captus
1535 2301 1666 2342 grunnit

987 2363 1079 2382 suum
1103 2361 1207 2383 more:
1238 2351 1350 2381 Romae
1375 2349 1408 2380 in
1435 2346 1501 2381 foro
1530 2349 1666 2392 piscario

988 2402 1136 2444 frequens
1155 2406 1213 2432 est.
1237 2400 1365 2432 C.—Et
1381 2400 1467 2440 piene
1485 2399 1668 2442 Mor-myres.

986 2452 1166 2482 Mor-mures
1204 2461 1286 2492 guzae
1323 2449 1492 2480 dicuntur:
1541 2449 1665 2482 Graecis

984 2501 1135 2543 μόμυροι,
1158 2500 1207 2531 vel
1230 2500 1403 2542 μόρμυλοι.
1449 2500 1544 2537 Quod
1568 2501 1665 2532 etiam

987 2561 1100 2582 nomen
1127 2549 1220 2581 hodie
1248 2549 1386 2581 Romani
1412 2549 1527 2581 imitari
1556 2549 1667 2582 viden-

986 2606 1047 2637 tur,
1086 2612 1104 2632 a
1147 2600 1263 2642 quibus
1301 2599 1454 2630 Mormilli
1494 2606 1663 2633 vocantur.

984 2650 1102 2692 Lyncis
1130 2649 1227 2692 pullis
1255 2650 1287 2680 in
1317 2649 1470 2680 lateribus
1506 2647 1666 2691 parallelis

985 2700 1117 2743 insignis
1146 2707 1206 2737 est,
1239 2698 1323 2732 unde
1353 2700 1394 2730 ab
1422 2698 1539 2731 Ovidio
1568 2699 1662 2741 pictae

985 2751 1145 2782 dicuntur.
1169 2750 1292 2782 Giscaf.
1317 2749 1411 2781 Cior.
