1830 3220
594 203 944 246 FAS'roRUM
979 203 1100 244 LIB.
1126 203 1207 245 IV.
1519 204 1605 245 177

174 319 327 368 Venit
356 322 638 370 Aventinus
666 329 781 386 post
808 321 928 377 h0s;
971 321 1114 368 locus
1142 320 1276 368 unde
1303 328 1527 376 vocatus,

244 398 397 446 Mons
419 416 623 464 quoque
645 417 654 447 :
698 407 814 464 post
832 399 974 445 illum
996 398 1183 446 tradita
1208 415 1364 462 regna
1386 398 1562 446 Procae
1581 418 1592 456 3

174 475 342 530 Quem
368 478 597 541 sequitur
621 477 733 525 duri
764 477 1001 525 Numitor
1026 494 1296 540 germanus
1322 477 1523 525 Amuli:

241 555 335 602 Ilia
360 572 477 603 cum
506 556 672 604 Lauso
698 557 762 604 de
790 555 1056 603 Numitore
1083 556 1178 603 sati
1201 574 1209 603 :

174 632 312 680 Ense
338 635 476 681 cadit
501 643 680 699 patruo
708 634 933 691 Lausus;
975 635 1144 698 placet
1170 634 1265 681 Ilia
1292 633 1477 691 Marti3
1533 636 1595 681 05

239 710 416 775 Teque
442 712 589 776 parit,
618 712 821 776 gemino
842 713 1022 775 juncte
1050 711 1260 767 Quirine
1290 711 1470 758 Remo.

174 787 269 836 Ille
295 806 412 837 suos
441 807 645 855 semper
672 790 922 838 Venerem
951 790 1278 853 Martemque
1304 796 1542 854 parentes

242 867 416 926 Dixit3
460 878 510 916 et
535 869 752 917 emeruit
775 869 914 916 vocis
942 869 1130 916 habere
1155 868 1324 915 fidem.

172 945 315 993 Neve
342 947 565 995 secuturi
592 955 802 1012 possent
828 947 1024 995 nescire
1051 953 1282 1010 nepotes,

237 1025 490 1090 Tempora
518 1026 609 1074 Dis
636 1026 836 1089 generis
863 1026 1160 1074 continuata
1184 1025 1342 1072 dedit.
1532 1025 1595 1070 60

170 1103 274 1151 Sed
301 1104 514 1152 Veneris
541 1122 770 1153 mensem
799 1104 953 1152 Graio
980 1119 1211 1151 sermone
1239 1109 1469 1149 notatum

237 1181 472 1246 Auguror
494 1202 504 1235 ;
548 1200 578 1231 a
603 1183 796 1247 spumis
824 1190 901 1230 est
929 1182 1041 1229 Dea
1066 1181 1204 1228 dicta
1229 1180 1397 1228 maris.

165 1342 247 1372 malo
261 1342 306 1372 sic
322 1342 418 1373 etiam
440 1342 568 1373 Livius:
597 1347 616 1360 ‘¹
630 1343 776 1385 Agrippa
797 1342 843 1373 in-

165 1390 216 1427 de,
245 1391 387 1422 Tiberini
422 1391 525 1430 filius3
565 1398 634 1434 post
664 1391 842 1434 Agrippam

165 1440 324 1472 Romulus
343 1442 471 1478 Silvius,
489 1453 507 1472 a
522 1448 613 1484 patre
635 1448 768 1484 accepto
784 1442 842 1472 im-

164 1490 260 1532 peri0,
277 1491 426 1533 regnat.''
473 1491 647 1534 Dionysius
669 1492 843 1523 Remulum

163 1542 305 1572 Alladem
334 1547 440 1577 vocat,
470 1552 530 1573 nec
564 1549 718 1573 memorat
753 1542 844 1584 cujus

163 1590 246 1621 filius
273 1591 377 1622 suerit.
424 1591 488 1622 Sed
513 1591 649 1622 Ovidius
675 1602 693 1622 a
717 1603 750 1622 se
774 1592 843 1634 ipso

165 1641 300 1672 Metam.
326 1642 391 1673 xiv.
411 1643 488 1673 616.
518 1641 674 1678 dissentit,
698 1642 750 1674 ubi
777 1642 843 1673 Re-

163 1691 268 1722 mulus
284 1698 315 1722 et
330 1691 450 1723 Acrota
474 1698 547 1723 sunt
566 1691 686 1728 fratres,
701 1692 842 1722 Tiberini

161 1740 230 1772 filii.
285 1741 443 1773 Remulus
459 1748 536 1773 natu
557 1742 669 1784 major,
687 1742 780 1772 homo
797 1742 841 1773 fe-

162 1802 229 1828 rox,
248 1792 331 1834 prior
354 1798 476 1833 regnat,
494 1793 588 1834 eique
612 1792 756 1823 succedit
776 1803 841 1823 mo-

163 1841 302 1873 deratior
314 1842 446 1873 Acrota.
476 1842 592 1884 Itaque
607 1842 788 1873 Gronovius
800 1841 840 1873 ad

164 1891 304 1929 Livium,
323 1892 354 1923 d.
370 1893 391 1923 l.
408 1891 493 1923 hunc
516 1892 622 1923 locum
638 1892 841 1928 emendabat,

162 1943 388 1984 Remulumque
409 1945 564 1983 priorem5
590 1942 744 1973 Heinsius
768 1953 841 1974 vero

163 1992 387 2034 Remulumque
397 1993 547 2035 ferocem.
596 1993 717 2024 Verum
742 2003 840 2035 appa-

159 2048 220 2079 ret,
238 2042 390 2074 Ovidium
409 2053 492 2074 nunc
509 2042 588 2074 alios
609 2049 754 2073 auctores
770 2053 839 2073 esse

158 2098 314 2123 secutum.
360 2092 423 2123 Illo
453 2092 551 2124 altero
579 2092 648 2123 loco
681 2092 839 2123 Remulus

161 2142 460 2184 imitatorfulminis
480 2148 628 2181 vocatum
653 2141 738 2184 quod
757 2141 837 2173 Dio-

161 2193 269 2235 nysius
288 2193 433 2235 pluribus
456 2199 573 2229 narrat,
590 2193 674 2223 hunc
696 2198 835 2223 contem-

161 2249 260 2273 torem
284 2243 438 2280 Deorum,
466 2248 637 2285 tyrannum
664 2241 737 2273 Diis
757 2241 836 2273 invi-

159 2304 240 2330 sum,
271 2293 437 2325 machinas
475 2292 683 2334 excogitasse,
722 2292 838 2334 quibus

159 2344 292 2375 fulmina
311 2344 499 2380 imitaretur,
523 2342 738 2384 hominesque,
756 2348 837 2373 tam-

160 2404 258 2436 quam
276 2394 376 2431 Deus,
392 2399 534 2430 terreret,
551 2392 607 2424 sed
623 2392 705 2423 inter
721 2391 838 2423 imbres

159 2450 191 2475 et
206 2443 339 2475 fulmina
359 2443 482 2474 diluvio
503 2443 606 2485 ipsum
628 2441 744 2484 periise
764 2452 837 2472 cum

159 2494 264 2525 domo.

204 2545 257 2576 51.
287 2544 339 2575 De
367 2550 476 2580 monte,
501 2543 555 2574 ubi
583 2541 762 2574 Aventinus
788 2553 837 2573 se-

158 2595 267 2638 pultus
282 2600 342 2630 est,
359 2594 562 2625 consentiunt
579 2604 682 2624 rerum
704 2592 836 2635 scripto-

157 2657 228 2677 res:
264 2645 319 2676 sed
346 2644 386 2675 de
414 2644 478 2675 alio
500 2645 571 2680 loco,
602 2649 675 2679 aut,
694 2648 728 2674 ut
755 2654 837 2674 unus

157 2695 295 2732 Heinsii,
307 2695 425 2726 Moreti
437 2700 468 2726 et
479 2694 621 2737 quinque
635 2693 689 2725 alii
705 2694 836 2730 habent,

157 2747 240 2782 locu,
268 2745 375 2782 silent,
404 2744 501 2776 etiam
532 2743 670 2775 Ovidius
701 2744 835 2774 Metam.

156 2795 191 2826 d.
209 2795 230 2827 l.
278 2796 469 2826 Numitorem
490 2793 666 2837 Dionysius
681 2799 714 2825 et
735 2794 836 2825 Euse-

202 2845 306 2877 VOL.
335 2846 375 2876 V.

913 1342 982 1373 bius
997 1343 1160 1373 omittunt.
1196 1341 1380 1373 Secundum
1398 1340 1538 1377 Livium,
1554 1351 1590 1372 eo

911 1392 1014 1434 pulso,
1046 1394 1190 1423 Amulius
1218 1398 1352 1433 regnat;
1383 1391 1479 1422 etiam
1507 1391 1592 1433 apud

912 1442 1120 1474 Plutarchum
1148 1443 1244 1473 Rom.
1272 1444 1304 1473 3.
1328 1441 1480 1473 Numitor
1510 1441 1594 1483 prior

911 1498 1034 1534 regnat.
1081 1492 1241 1528 Amulius,
1269 1492 1314 1524 iii.
1345 1493 1398 1523 49.
1429 1497 1595 1522 contemtor·

911 1545 987 1583 aequi
1014 1548 1158 1579 vocatur,
1184 1553 1269 1573 nunc
1297 1544 1405 1573 ‹luz-us.
1461 1542 1593 1577 Lausus,

913 1592 1051 1634 Dionys.
1076 1592 1132 1624 lib.
1149 1593 1172 1623 i.
1191 1593 1243 1624 76.
1260 1591 1416 1634 AEgistus,
1441 1602 1537 1633 quem
1559 1591 1593 1622 in

915 1649 1031 1674 venatu
1062 1642 1213 1674 Amulius
1238 1653 1277 1673 ex
1301 1641 1426 1673 insidiis
1455 1640 1592 1672 interfici

908 1693 1051 1735 jusserit.

957 1744 1010 1774 61.
1029 1744 1076 1774 De
1086 1745 1205 1774 nomine
1217 1744 1342 1784 Aprilis,
1352 1743 1424 1773 duae
1437 1748 1528 1774 erant
1536 1752 1590 1773 ve-

913 1798 1014 1823 terum
1031 1793 1209 1830 sententiae‚
1226 1803 1325 1834 quum
1341 1791 1411 1823 aliis
1429 1802 1446 1822 a
1466 1791 1593 1823 nomine

911 1842 1046 1873 Veneris
1062 1842 1176 1874 Graeco
1191 1843 1369 1882 Aphrodite,
1385 1841 1456 1872 aliis
1469 1851 1487 1871 a
1500 1841 1596 1871 verbo

912 1895 1033 1932 operire
1048 1892 1182 1924 ductum
1204 1892 1387 1929 videretur;
1413 1890 1486 1922 vide
1509 1890 1550 1921 ad
1571 1890 1594 1924 i.

911 1943 964 1974 39.
1011 1942 1085 1973 Non
1100 1942 1214 1973 mirum
1233 1948 1292 1978 est,
1309 1941 1476 1976 Nostrum,
1493 1940 1591 1971 etiam

909 1993 1005 2023 Juliae
1022 1992 1126 2034 gentis
1135 2002 1245 2028 causa,
1260 1991 1394 2034 priorem
1407 1990 1592 2033 amplexum

909 2054 990 2079 esse,
1007 2053 1143 2084 eamque
1164 2042 1280 2073 acriter
1303 2041 1494 2072 defendisse.
1541 2041 1592 2072 Ne

909 2099 1015 2124 autern
1033 2092 1104 2134 quis
1126 2092 1293 2134 objiceret,
1311 2102 1424 2134 parum
1440 2089 1593 2121 credibile

909 2141 1019 2178 videri,
1033 2140 1264 2183 antiquissimis
1280 2140 1475 2183 temporibus
1498 2140 1589 2171 Grae-

908 2202 980 2222 cum
997 2202 1110 2222 nomen
1127 2190 1226 2222 mensi
1246 2191 1394 2222 Romano
1408 2189 1590 2232 impositum

908 2253 989 2278 esse,
1006 2241 1186 2283 catalogum
1208 2241 1301 2271 struit
1318 2241 1514 2276 Graecorum,
1531 2239 1587 2281 qui

907 2292 982 2322 olim
1001 2292 1033 2322 in
1049 2291 1178 2322 Italiam
1195 2290 1413 2332 migraverint.
1452 2290 1504 2320 De
1520 2296 1590 2321 ortu

909 2341 1045 2373 Veneris
1064 2352 1081 2372 e
1097 2352 1202 2382 spuma
1219 2342 1312 2371 maris
1328 2339 1418 2371 locus
1437 2339 1590 2370 classicus

907 2392 994 2434 apud
1020 2391 1196 2423 Hesiodum
1222 2391 1386 2432 Theogon.
1416 2390 1493 2421 190.
1519 2399 1589 2430 sqq.

906 2443 969 2473 Illa
984 2452 1096 2485 spuma
1113 2440 1338 2473 circumdabat
1353 2439 1518 2471 testiculos
1532 2440 1588 2470 Sa-

907 2493 991 2523 turni
1021 2498 1156 2523 resectos
1186 2497 1218 2522 et
1248 2491 1280 2522 in
1313 2501 1398 2521 mare
1434 2489 1588 2532 dejectos.

906 2542 986 2573 Inde
1022 2542 1133 2573 Venus
1165 2552 1227 2572 non
1258 2540 1352 2571 modo
1388 2538 1587 2582 Ἀφροόἱτη;

904 2592 960 2623 sed
995 2598 1027 2623 et
1062 2591 1191 2624 Ποντία
1226 2589 1455 2631 Ἄναόυομένη
1491 2589 1588 2620 dicta.

904 2642 956 2673 De
981 2641 1042 2673 hac
1072 2646 1194 2677 autem,
1217 2650 1314 2683 quam
1340 2640 1455 2671 Noster
1479 2637 1583 2674 affert,

905 2690 1099 2735 etymologia
1114 2690 1222 2722 confer
1236 2689 1440 2721 Macrobium
1457 2689 1587 2718 Saturn.

905 2742 925 2773 i.
941 2742 980 2773 12
995 2754 1001 2772 z
1024 2746 1048 2759 ‘⁸
1063 2741 1247 2772 Secundum
1260 2749 1399 2771 mensem
1411 2735 1588 2768 nominavit

906 2791 1100 2833 (Romulus)
1129 2791 1287 2833 Aprilem,
1318 2795 1351 2819 ut
1377 2787 1506 2830 quidam
1528 2796 1585 2827 pu-

1052 2841 1080 2871 A
1099 2851 1118 2873 a
