1830 3220
589 179 657 221 IN
696 178 913 221 OVIDII
950 178 1110 220 IBIN.
1475 179 1562 220 519

137 293 246 334 male
269 293 529 334 sentientem
561 295 839 348 politissimus
870 295 940 335 ille
967 293 1206 335 Politianus
1237 293 1314 334 hoc
1347 293 1558 348 epigram-

138 367 251 402 mate
274 361 536 402 facetissime
559 363 750 403 traduxit
769 378 776 402 :

296 473 424 511 Audit
444 473 648 512 Blarsilius
669 474 857 519 Elissam,-
888 475 1040 512 missam
1063 475 1156 512 facis
1179 474 1286 512 illam

351 536 427 579 Tu,
451 537 620 575 Domiti:
653 538 773 587 magis
794 547 852 576 est
874 538 1090 589 relligiosus
1111 541 1224 576 uter?

297 599 397 645 Quis
418 599 600 638 dubitet?
632 607 742 638 tanto
763 614 804 638 es
823 608 867 638 tu
887 601 1114 652 relligiosior
1134 601 1213 646 illo,

349 661 509 708 Quanto
530 663 664 701 audire
683 664 813 701 minus
833 671 892 702 est
910 664 1023 708 bona,
1044 677 1159 715 quam
1180 665 1316 703 facere.

140 778 285 819 Nolim
309 786 454 820 autem
477 779 656 828 referre,
680 781 794 835 quod
822 781 877 821 de
900 794 952 821 eo
977 780 1226 822 Ludovicus
1248 780 1399 829 Vives,
1426 781 1498 822 lib.
1520 781 1566 823 ii.

138 846 193 887 de
218 845 417 888 Veritate
441 845 582 895 Fidei,
608 847 648 888 in
675 847 781 889 hanc
810 862 900 889 rem
924 849 1127 903 prodidit,
1153 863 1206 890 ne
1234 849 1323 903 pias
1349 849 1567 891 christiani

135 913 308 956 lectoris
332 929 458 956 aures
480 915 678 957 laeserim.
744 916 963 958 Caeterum
988 931 1071 957 non
1095 917 1227 958 multo
1249 923 1346 971 post
1366 917 1565 959 eamdem

135 983 399 1038 provinciam
433 985 624 1038 suscepit
651 984 982 1040 Christophorus
1014 984 1218 1027 Zarottus
1238 985 1566 1040 Justiuopolita-

136 1065 229 1100 nus,
253 1053 323 1093 cui
353 1059 642 1094 transversum
673 1068 862 1108 unguem
892 1069 917 1095 a
941 1054 1099 1095 veteris
1122 1054 1370 1109 interpretis
1392 1060 1565 1096 senten-

136 1119 197 1161 tia
228 1121 456 1162 discedere
488 1121 641 1176 religio
674 1129 766 1163 est:
808 1136 894 1176 qua
931 1123 1061 1163 etiam
1098 1129 1374 1177 tempestate,
1407 1136 1566 1178 nempe

137 1203 249 1230 anno
270 1189 495 1231 millesimo
516 1191 864 1246 quingentesimo
882 1192 1052 1233 decimo
1074 1198 1214 1239 sexto,
1231 1191 1423 1233 Andreae
1442 1191 1566 1233 Nau-

137 1258 591 1313 geriiAnnotationes,
605 1259 660 1300 de
678 1260 944 1301 Diversitate
962 1260 1233 1307 Lectionum,
1246 1260 1287 1300 in
1305 1260 1447 1301 omnia
1462 1259 1567 1301 Ovi-

138 1327 198 1368 dii
229 1341 363 1382 opera
384 1326 586 1368 Venetiis
620 1328 886 1383 prodierunt.
950 1328 1057 1369 Post
1090 1329 1231 1383 paulo,
1254 1328 1447 1370 Jodocus
1479 1329 1566 1371 Ba-

136 1395 233 1436 dius
265 1395 504 1437 Ascensius
546 1396 588 1437 in
625 1396 807 1437 Domitii
840 1396 973 1437 verba
1003 1397 1188 1451 juratus,
1228 1396 1338 1437 bunc
1376 1397 1566 1439 libellum

134 1463 342 1506 tironibus
374 1465 603 1506 enarravit.
667 1465 770 1507 Fuit
800 1465 872 1506 ille
902 1465 1211 1520 typographus,
1234 1472 1279 1506 et
1308 1466 1350 1505 in
1378 1465 1448 1506 illa
1476 1471 1566 1507 tum

135 1532 420 1574 celeberrima
447 1532 637 1574 Lutetiae
666 1539 726 1580 τῆς
754 1536 941 1585 οἰκουμένης
969 1538 1130 1584 ἐπιτομῆς
1150 1532 1407 1583 Academia,
1429 1549 1567 1589 gram-

136 1601 315 1642 matices
345 1601 575 1656 professor,
600 1602 674 1643 ubi
702 1601 950 1649 familiares,
975 1608 1023 1641 ut
1049 1602 1142 1656 ipse
1168 1602 1369 1656 loquitur,
1394 1603 1566 1658 exposi-

137 1671 275 1713 tiones
316 1670 358 1711 in
402 1676 616 1719 auctores,
653 1685 788 1725 quum
827 1676 1010 1717 veteres,
1049 1676 1137 1711 tum
1179 1677 1392 1720 recentes,
1429 1685 1565 1726 prope

137 1739 472 1781 innumerabiles
501 1740 654 1781 edidit.
717 1739 836 1791 Quin
860 1738 991 1779 etiam
1014 1739 1216 1794 Baptista
1238 1739 1450 1794 Egnatius
1475 1739 1563 1781 Ve-

135 1814 275 1858 netus,
302 1808 367 1849 vir
389 1814 517 1850 aetate
539 1823 617 1850 sua
640 1808 785 1864 magni
812 1808 1010 1856 nominis,
1038 1808 1238 1849 brevibus
1267 1810 1354 1849 suis
1384 1810 1565 1850 notatio-

135 1878 259 1919 nibus
283 1892 366 1919 non
389 1892 539 1932 parum
564 1878 760 1933 caliginis
783 1878 883 1918 inde
902 1877 1090 1918 sustulit.
1154 1877 1260 1918 Post
1277 1877 1394 1918 illum
1416 1877 1564 1920 Guido

138 1947 405 1995 Morillonus,
432 1961 560 2001 quem
592 1947 812 1988 Adrianus
841 1945 1000 1987 Junius
1033 1947 1171 1987 virum
1203 1947 1432 2002 multijuga
1463 1947 1563 1988 doc-

136 2016 260 2065 trina,
285 2021 330 2056 et
358 2016 583 2056 omnifaria
612 2015 813 2063 lectione,
843 2021 973 2069 atque
1005 2014 1278 2055 humanitatis
1308 2021 1353 2055 et
1382 2015 1563 2069 philoso-

137 2084 248 2138 phiae
270 2084 407 2125 omnis
433 2088 618 2136 ἀφροδίτην
642 2087 702 2122 καὶ
728 2088 864 2136 χάριτα
886 2097 1039 2124 vocare
1068 2097 1150 2124 non
1174 2083 1401 2132 dubitavit,
1425 2084 1566 2139 cujus-

136 2168 222 2208 que
254 2153 542 2194 cruditionem
573 2151 731 2192 Petrus
768 2151 967 2192 Nannius
999 2151 1119 2192 initio
1154 2151 1223 2192 lib.
1250 2166 1288 2192 v.
1322 2151 1564 2195 Miscellan.

136 2222 302 2277 magnis
336 2222 532 2262 laudibus
565 2220 747 2268 extollit,
784 2219 859 2261 hoc
894 2221 1147 2275 opusculum
1183 2221 1390 2262 extremis
1421 2221 1567 2276 digitis

135 2291 294 2346 attigit.
359 2291 532 2332 Deinde
554 2289 746 2331 Jacobus
769 2289 971 2345 Micyllus
993 2290 1341 2344 Argentinensis,
1362 2298 1564 2332 accurato

137 2362 201 2401 vir
231 2361 417 2414 ingenio,
443 2361 608 2414 aliquas
634 2359 958 2400 observationes
986 2359 1167 2407 addidit,
1193 2359 1348 2413 quibus
1371 2373 1452 2400 non
1475 2374 1564 2401 me-

136 2430 328 2471 diocrem
349 2429 523 2470 laudem
547 2428 716 2469 meruit.
763 2427 851 2468 Hic
872 2427 1037 2483 Micylli
1060 2442 1214 2469 nomen
1238 2428 1429 2477 retinuit,
1446 2429 1563 2483 quod

136 2513 246 2554 puer
267 2499 372 2540 scite
395 2512 623 2553 personam
644 2498 805 2554 egisset
829 2497 1009 2553 Micylli,
1029 2497 1155 2538 unius
1176 2511 1231 2538 ex
1250 2497 1563 2538 interlocutori-

139 2568 217 2609 bus
249 2568 291 2608 in
325 2567 494 2622 dialogo
519 2567 714 2616 Luciam,
739 2568 813 2622 qui
837 2565 985 2619 ’Όνεφος
1010 2567 1030 2614 ἢ
1058 2568 1270 2619 Ἀλεκτρυὼν
1296 2566 1566 2608 inscribitur:

139 2637 454 2679 Ovidianorum
485 2644 630 2678 autem
663 2652 840 2692 operum
870 2637 1139 2684 recensione,
1165 2644 1211 2676 et
1234 2636 1359 2676 variis
1385 2635 1567 2678 Luciani

138 2707 269 2748 latine
291 2707 486 2755 redditis,
511 2713 600 2748 tum
623 2707 758 2761 poesi,
782 2712 827 2748 et
850 2706 1016 2748 duobus
1039 2705 1332 2747 arithmetices
1353 2705 1563 2762 logisticae
