1830 3220
664 179 826 228 NUX‚
861 178 1114 221 ELEGIA.

185 296 254 343 At
278 296 400 344 mihi
427 311 519 343 nec
546 295 755 358 grando,
784 296 922 343 duris
948 296 1108 342 invisa
1131 295 1338 351 colonis,

255 374 365 422 Nec
389 380 571 421 ventus
594 373 774 431 fraudi,
803 374 955 430 solve,
985 374 1162 436 geluve
1187 373 1299 421 fuit.

1508 182 1595 225 469

1503 300 1595 346 105

1431 376 1565 438 [cem
1583 394 1594 434 ;

187 451 402 498 Fructus
432 451 605 508 obest;
652 450 913 514 peperisse
948 458 1119 509 nocet3
1161 458 1309 499 nocet
1337 468 1449 500 esse
1472 452 1599 502 fera-

255 527 487 591 Quaeque
513 527 609 574 fuit
633 527 821 584 multis,
850 534 902 575 et
933 527 1055 574 mihi
1080 529 1254 592 praeda
1277 529 1408 577 malo
1435 538 1529 578 est.

186 604 369 653 Praeda
393 606 541 663 malo,
563 604 836 670 Polydore,
856 605 951 653 fuit
974 606 1067 653 tibi
1091 623 1100 654 :
1140 607 1314 670 praeda
1338 606 1567 655 nefandae

259 683 506 746 Conjugis
532 682 751 729 Aonium
778 682 916 730 misit
940 682 990 729 in
1017 699 1154 731 arma
1176 685 1354 732 virum.

1509 688 1603 732 110

190 759 424 824 Hesperii
452 760 584 823 regis
611 760 837 825 pomaria
860 768 969 808 tuta
995 760 1237 820 fuissent3

259 838 375 886 Una
400 839 490 886 sed
515 839 787 886 immensas
814 840 961 886 arbor
987 840 1210 887 habebat
1236 855 1376 904 opes.

188 915 258 963 At
282 917 453 974 rubus,
482 924 533 965 et
557 924 726 966 sentes
751 918 1102 966 tantummodo
1128 918 1311 965 laedere
1338 925 1485 975 natae,

262 994 523 1059 Spinaque
547 995 770 1043 vindicta
793 1002 964 1043 cetera
989 1001 1099 1042 tuta
1125 1011 1216 1043 sua
1242 1003 1335 1043 est.

190 1071 295 1129 Me,
317 1073 439 1137 quia
462 1089 556 1121 nec
583 1089 757 1131 noceo,
780 1089 874 1121 nec
896 1074 1106 1121 obuncis
1133 1073 1358 1121 vindicor
1382 1073 1560 1132 hamis,

261 1149 426 1199 Missa
450 1158 631 1216 petunt
655 1151 802 1199 avida
827 1168 950 1200 saxa
974 1159 1208 1216 proterva
1232 1169 1401 1200 manu.

679 1242 699 1263 ι

242 1276 314 1308 106.
333 1276 397 1308 Nec
414 1283 521 1308 ventus
524 1276 672 1319 fraudi]
687 1277 788 1308 Fraus
802 1288 868 1308 ver—

193 1325 270 1356 bum
299 1326 396 1358 Juris.
450 1325 517 1357 Alii
546 1336 712 1369 perperam
747 1326 869 1367 legunt,

194 1376 323 1406 damno.-
347 1375 432 1417 quod
460 1376 619 1416 glossema
647 1382 705 1407 est.
741 1376 870 1407 Terent.

196 1423 228 1455 in
253 1425 473 1456 Heautontim.
495 1430 558 1457 act.
579 1425 626 1458 iii.
650 1436 693 1457 sc.
718 1425 738 1457 i.
754 1437 784 1457 v.
806 1427 869 1458 33:

194 1478 215 1492 ‘³
233 1474 272 1505 In
288 1474 435 1506 eamdem
453 1474 595 1505 fraudem
616 1486 655 1506 ex
676 1474 736 1506 hac
758 1486 802 1512 re,
819 1480 867 1506 at-

197 1535 259 1567 que
275 1535 314 1556 ex
330 1525 388 1555 illa
404 1524 562 1556 incides.''

241 1575 315 1606 107.
333 1574 468 1606 Fructus
483 1576 579 1612 obest;
600 1577 747 1616 peperisse
762 1582 869 1614 nocet,-

197 1631 282 1655 nocet
297 1635 356 1655 esse
366 1624 539 1666 feracem]
568 1624 767 1667 Expressisse
783 1624 868 1656 vide-

199 1679 249 1706 tur
265 1685 304 1705 ex
321 1673 519 1716 Epigramm.
536 1674 662 1710 Graeco,
684 1673 766 1705 unde
790 1674 871 1716 peti-

200 1729 266 1755 tum
283 1723 432 1754 duximus
452 1722 547 1755 totius
563 1723 682 1764 Elegiae
703 1734 871 1764 argumen-

201 1780 278 1805 tum.
326 1773 453 1810 Malim,
480 1774 600 1816 feraci,
630 1774 656 1804 si
689 1784 744 1815 per
779 1774 875 1805 libros

200 1823 307 1855 liceat.
347 1823 400 1854 Sic
421 1822 478 1854 lib.
497 1823 541 1855 ix.
563 1823 638 1854 477.
663 1823 745 1853 Met.
770 1834 874 1854 verum

200 1880 287 1905 nocet
309 1884 367 1904 esse
390 1874 484 1903 sorori
496 1884 506 1910 ,·
539 1878 572 1904 et
592 1872 713 1914 ubique
739 1872 814 1909 fere,
839 1878 875 1903 ut

197 1923 264 1965 jam
277 1921 467 1954 notavimus.

248 1973 322 2004 108.
354 1972 409 2003 Est
441 1971 547 2012 mihi]
589 1971 736 2008 Querelae
776 1971 876 2013 magis

202 2022 349 2054 convenit
372 2022 465 2054 lectio
490 2021 709 2063 manuscripti,
731 2023 779 2053 hei
803 2023 878 2053 mihi

200 2074 305 2113 praeda
330 2073 411 2102 malo
431 2072 495 2102 est!
519 2071 679 2103 Convenit
705 2071 801 2103 etiam
822 2082 877 2102 ex-

203 2121 317 2164 emplis
362 2120 504 2152 tristibus
550 2120 700 2162 Polydori
737 2120 877 2163 Trojani,

202 2170 389 2214 Amphiarai
411 2171 571 2207 Thebani,
599 2170 741 2201 Atlantis
768 2171 879 2213 Libys.

203 2223 311 2253 FABR.

251 2264 323 2304 109.
354 2271 466 2302 Praeda
494 2271 585 2306 malo,
615 2269 776 2310 Polydore,
800 2270 877 2310 etc.]

206 2321 285 2353 Vid.
315 2321 459 2363 Euripid.
483 2320 607 2352 Hecub.
634 2325 666 2350 et
686 2320 778 2361 Virg.
798 2321 878 2351 AEn.

204 2372 250 2404 iii.
280 2373 333 2405 45.
395 2372 506 2403 Praecla
551 2370 692 2412 nefanda?
729 2372 880 2412 conjugis.

206 2422 385 2464 Eryphiles,
412 2432 496 2463 quae,
522 2425 653 2462 accepto
678 2431 697 2451 a
728 2419 880 2461 Polynice

206 2471 327 2508 monili,
348 2471 431 2513 quod
461 2470 641 2502 Hermionae
672 2469 747 2500 olim
769 2470 881 2501 Venus

206 2522 289 2554 dono
311 2522 454 2557 dederat,
470 2520 699 2563 Amphiaraum
714 2520 880 2562 conjugem

207 2572 240 2603 in
269 2571 389 2603 bellum
418 2571 589 2613 Trojanum
625 2569 764 2606 immisit,
796 2569 881 2611 quod

207 2622 268 2664 ipsi
293 2621 389 2652 fatale
411 2626 488 2652 erat.
528 2619 606 2651 Vid.
628 2620 708 2651 Stat.
731 2620 832 2651 Theb.
849 2619 881 2650 ii.

209 2673 274 2704 265
288 2684 296 2711 ;
319 2671 397 2703 ibid.
417 2671 469 2702 vii.
482 2670 546 2702 viii.
562 2672 694 2702 Aonium
710 2676 816 2702 autem
833 2669 881 2701 di-

208 2721 263 2758 cit,
285 2721 371 2764 quod
394 2726 426 2752 et
451 2720 670 2763 Apollineum,
695 2721 771 2763 quia
795 2725 882 2751 vates

212 2777 244 2803 et
259 2782 359 2813 augur
374 2769 520 2804 celebris.

1513 1156 1605 1201 116

986 1279 1057 1308 111.
1076 1278 1216 1318 Hesperii
1231 1280 1321 1320 regis,
1337 1279 1417 1320 etc.]
1433 1279 1521 1310 Nota
1536 1279 1611 1311 satis

938 1327 1048 1358 fabula
1063 1327 1103 1358 de
1121 1327 1216 1358 hortis
1229 1327 1451 1370 Hesperidum.
1478 1329 1611 1360 Marcus

939 1384 1043 1408 autem
1070 1378 1170 1409 Varro
1197 1377 1282 1408 mala
1310 1388 1416 1414 aurea,
1442 1389 1553 1420 capros
1581 1384 1613 1410 et

938 1437 1012 1457 oves
1024 1427 1244 1469 interpretatur
1258 1427 1315 1465 (de
1330 1428 1379 1459 Re
1392 1428 1539 1464 Rustica,
1553 1428 1611 1460 lib.

938 1475 988 1517 ii.)
1006 1487 1086 1518 quas
1102 1477 1257 1508 Hercules
1278 1488 1317 1508 ex
1340 1478 1453 1509 Africa
1474 1477 1506 1509 in
1521 1479 1612 1510 Grae-

939 1526 1020 1558 ciam
1042 1527 1231 1569 exportavit.
1272 1528 1320 1559 Ea
1348 1526 1433 1559 enim
1455 1538 1512 1559 sua
1535 1539 1613 1560 voce

939 1577 1046 1609 Graeci
1073 1578 1168 1613 mala,
1197 1578 1291 1619 μῆλα
1321 1577 1496 1620 adpellant.
1542 1578 1612 1611 Hoc

939 1626 1025 1657 idem
1047 1626 1179 1657 Diodor.
1196 1626 1252 1658 lib.
1265 1638 1294 1658 v.
1326 1628 1509 1658 Draconem
1525 1638 1612 1665 vero,

940 1675 1099 1706 hortorum
1124 1675 1275 1707 custodire
1293 1676 1506 1718 praepositum,
1522 1676 1616 1708 intel-

940 1725 1086 1756 lexerunt
1102 1725 1186 1757 Plin.
1201 1731 1232 1756 et
1244 1726 1341 1757 Solin.
1357 1727 1511 1758 flexuosos
1522 1727 1617 1759 maris

942 1780 1080 1810 meatus,
1105 1775 1160 1815 qui
1180 1775 1321 1816 pomaria
1339 1775 1481 1806 Atlantis
1500 1775 1615 1807 circui-

941 1824 1030 1854 bant.
1066 1825 1164 1855 Plura
1179 1824 1218 1854 ad
1236 1825 1320 1855 Met.
1337 1825 1391 1855 ubi
1412 1824 1503 1856 limes
1520 1825 1617 1857 histo-

942 1873 1020 1904 riam
1037 1874 1118 1904 inter
1133 1880 1164 1905 et
1179 1874 1321 1905 fabulam
1337 1874 1550 1906 conterminus
1569 1886 1617 1907 re-

944 1923 1136 1954 centioribus
1151 1923 1350 1954 documentis
1367 1923 1595 1966 adsignabitur.

991 1974 1066 2004 113.
1079 1975 1121 2004 At
1139 1975 1242 2009 rubus,
1257 1980 1286 2004 et
1301 1980 1395 2004 sentes
1412 1977 1619 2007 tantummodo

947 2024 1052 2054 laedere
1072 2023 1181 2064 natan]
1210 2022 1374 2054 Persimile
1398 2023 1484 2065 apud
1502 2024 1619 2056 Teren-

946 2073 1036 2109 tium,
1055 2073 1089 2104 in
1112 2072 1314 2110 Phormione,
1337 2079 1399 2104 act.
1415 2073 1460 2104 iii.
1481 2084 1577 2106 scena
1597 2074 1619 2107 i.

949 2123 1009 2154 16:
1035 2127 1055 2141 “
1073 2147 1081 2155 .
1098 2146 1106 2154 .
1120 2147 1128 2154 .
1146 2147 1154 2155 .
1170 2124 1244 2154 Non
1265 2129 1331 2154 rete
1353 2123 1496 2165 accipitri
1517 2124 1619 2155 tendi-

946 2180 1007 2210 tur,
1032 2184 1134 2215 neque
1157 2172 1277 2208 milvio,
1304 2173 1368 2210 Qui
1396 2173 1479 2204 male
1500 2173 1620 2206 faciunt

946 2223 1055 2254 nobis:
1079 2223 1155 2260 illis,
1171 2223 1226 2264 qui
1242 2222 1287 2253 nil
1308 2223 1442 2260 faciunt,
1460 2223 1621 2264 tenditur3

948 2272 1034 2310 Quia
1049 2272 1133 2303 enim
1149 2272 1181 2303 in
1198 2272 1262 2302 illis
1279 2272 1399 2304 fructus
1415 2279 1462 2304 est
1477 2285 1485 2312 3
1512 2273 1544 2305 in
1559 2274 1622 2306 illis

947 2332 1044 2364 opera
1070 2321 1224 2352 luditur.’'
1281 2323 1323 2352 At
1353 2324 1449 2354 rubus
1477 2329 1503 2354 et
1527 2330 1622 2356 sentes

949 2374 1054 2404 laedere
1069 2378 1159 2403 mztae.
1204 2372 1265 2402 Pro
1286 2379 1366 2403 natae
1385 2374 1424 2403 ud
1442 2373 1621 2406 (cedendum.

948 2424 1062 2455 Graece
1093 2420 1210 2463 potius,
1235 2432 1333 2464 quam
1357 2423 1492 2454 Latine:
1518 2430 1621 2465 πεφυ-

948 2467 1035 2498 κυῖαι
1056 2465 1234 2506 βλάπτειν.
1281 2466 1485 2508 Quamquam
1515 2467 1620 2498 Graeci

950 2515 1093 2559 πέφυκεν
1124 2522 1276 2559 usurpant
1308 2515 1402 2547 simili
1433 2516 1537 2554 modo,
1566 2528 1622 2559 pro

948 2568 1033 2598 solet.
1058 2567 1096 2597 E.

999 2617 1070 2647 116.
1091 2616 1170 2646 Sana
1190 2616 1360 2657 proterva]
1387 2615 1509 2647 Eodem
1529 2617 1623 2649 modo

949 2667 1108 2706 impudens
1124 2667 1199 2706 lapis
1215 2665 1331 2696 dicitur
1346 2665 1386 2696 ab
1403 2666 1552 2703 Homero,
1568 2667 1623 2709 qui

951 2716 1193 2748 commendatur
1205 2716 1244 2746 ab
1262 2715 1360 2748 Arist.
1375 2715 1485 2748 lib.iii.
1497 2717 1620 2749 Rheto-

951 2766 1099 2798 ricorum.
1123 2766 1219 2797 C1of.
