1809 3220
254 161 341 203 380
788 163 1133 206 EXCURSUS

256 283 422 318 rentem
446 284 607 318 tantum
629 285 674 319 et
695 278 919 328 heliacum,
944 280 1020 321 sed
1045 282 1275 322 cosmicum
1297 286 1342 322 et
1361 295 1510 322 verum
1531 295 1660 336 expo-

255 346 406 393 suisse,
429 352 472 386 et
493 353 590 401 post
609 348 702 402 ejus
723 353 929 402 tempora,
953 349 1257 391 accedentibus
1285 349 1375 390 aliis
1398 350 1541 398 etiam,
1565 364 1662 404 quae

257 429 312 455 ex
341 414 404 455 his
434 416 594 457 ortibus
622 423 667 457 et
691 416 910 458 occasibus
939 419 1135 460 notandis
1162 419 1455 474 sperabantur,
1479 433 1661 460 commo-

257 483 335 531 dis,
360 490 478 525 certo
499 492 542 526 et
564 486 787 527 artificiose
817 486 1073 542 reliquorum
1104 488 1230 529 etiam
1263 489 1448 529 siderum
1471 493 1665 543 tempora

257 558 403 593 notata
423 568 518 594 esse
542 554 794 596 invenimus.
838 555 1137 597 Cernebantur
1159 557 1246 598 haec
1264 557 1486 598 commoda
1501 556 1543 596 in
1563 556 1663 598 anni

257 627 561 676 tempestatum
584 625 792 665 variarum
821 639 877 666 ex
906 626 1093 667 siderum
1121 627 1303 668 motibus
1324 627 1549 681 praesagio,
1573 630 1663 666 tum

256 691 308 731 ad
332 691 648 746 agriculturam,
668 698 758 733 tum
782 694 834 734 ad
856 709 1024 735 omnem
1045 695 1175 736 vitam
1200 695 1434 736 utilissimo.
1496 694 1664 735 Meteo-

256 759 391 815 rologi
412 761 539 809 euim,
555 761 663 802 sicut
686 762 808 803 hodie
826 763 867 803 id
892 770 1037 818 agunt,
1054 771 1102 804 ut
1123 778 1146 804 e
1169 764 1281 806 lunae
1305 764 1481 805 diversis
1497 762 1662 804 vicibus

257 834 561 883 tempestatum
583 832 840 873 mutationes
863 833 1132 888 praesagiant,
1158 840 1259 874 tunc
1283 833 1485 887 temporis
1515 846 1662 874 omnes

257 898 366 938 aeris
398 899 654 940 mutationes
688 907 731 940 et
765 902 1008 955 temperieS,
1040 908 1202 950 ventos,
1239 902 1416 957 pluvias,
1451 907 1535 942 etc.
1565 915 1661 942 cum

256 967 383 1007 certis
409 967 596 1008 siderum
625 969 785 1010 ortibus
814 977 858 1009 et
887 971 1108 1012 occasibus
1137 972 1385 1027 conjunctas
1413 985 1523 1019 esse,
1547 975 1592 1012 et
1617 984 1662 1011 re

259 1049 359 1076 vera
387 1036 440 1076 ab
468 1036 516 1077 iis
545 1038 751 1091 pendere,
775 1038 1110 1087 arbitrabantur;
1143 1046 1272 1095 atque
1303 1045 1582 1095 tempestates
1603 1039 1664 1080 ita

256 1119 380 1159 aeque
399 1120 447 1146 ac
471 1106 656 1147 siderum
678 1113 818 1148 motus
836 1115 953 1149 certo
971 1123 1046 1150 suo
1064 1115 1255 1165 tempore
1271 1109 1411 1150 redire
1429 1115 1474 1150 et
1489 1108 1664 1164 praedici

257 1188 382 1227 posse
403 1175 652 1217 credebant.

315 1243 551 1286 Maximam
572 1244 661 1286 haec
683 1260 751 1286 res
773 1246 825 1286 ad
847 1247 1097 1301 popularem
1119 1262 1239 1287 usum
1264 1247 1347 1287 vim
1369 1246 1529 1287 habuit.
1578 1245 1662 1287 Ce-

255 1312 468 1354 leberrimi
494 1314 622 1368 igitur
650 1315 742 1369 ejus
771 1317 974 1370 temporis
996 1317 1238 1365 astronomi,
1263 1316 1496 1357 rationibus
1518 1315 1572 1356 ad
1594 1329 1659 1356 as-

255 1382 503 1422 tronomiam
528 1382 775 1436 sphaericam
799 1385 1032 1432 subductis,
1050 1385 1225 1439 singulis
1243 1385 1394 1425 diebus
1413 1391 1502 1425 tum
1523 1389 1663 1425 certos

253 1450 440 1492 siderum
463 1458 579 1492 ortus
602 1459 645 1493 et
667 1468 857 1502 occasus,
878 1461 921 1495 et
944 1469 1066 1495 veros
1087 1461 1131 1496 et
1152 1461 1409 1509 apparentes
1428 1459 1495 1508 (ut
1516 1453 1660 1495 kalen-

254 1519 371 1560 daria
393 1535 448 1561 ex
467 1520 514 1560 iis
533 1530 738 1576 excerpta
759 1523 957 1574 docent3)
986 1530 1076 1564 tum
1100 1530 1239 1564 certas
1263 1529 1541 1578 tempestates
1564 1537 1660 1563 cum

252 1587 302 1628 iis
322 1590 584 1643 conjunctas,
601 1597 811 1645 quatenus
829 1593 1099 1646 experientia
1117 1593 1336 1640 docuerat,
1353 1592 1660 1646 adposuerunt.

254 1658 416 1706 Aleion,
440 1659 655 1707 Eudoxus,
687 1660 942 1709 Euctemon,
970 1661 1258 1709 Democritus,
1287 1660 1509 1716 Calippus,
1536 1660 1662 1702 Dosi-

255 1727 392 1775 theus,
415 1728 584 1768 nomina
612 1728 683 1769 illa
711 1729 897 1770 celebria
925 1730 1062 1778 fuere,
1086 1731 1127 1771 in
1154 1744 1333 1785 quorum
1356 1729 1661 1770 observationi-

252 1797 344 1845 bus,
367 1811 451 1837 non
485 1812 632 1838 eorum
666 1799 801 1840 solum
835 1806 1026 1854 tempore
1059 1801 1134 1841 sed
1167 1808 1212 1840 et
1243 1805 1408 1855 postea,
1433 1799 1604 1854 plurimi
1637 1814 1661 1841 e

254 1866 419 1907 Graeeis
448 1874 493 1906 et
514 1866 720 1908 Romanis
751 1869 804 1909 ob
834 1869 1091 1924 singularem
1121 1869 1363 1917 utilitatem,
1389 1868 1468 1909 etsi
1500 1868 1553 1910 ob
1582 1868 1663 1910 aevi

252 1940 296 1975 et
325 1924 430 1975 situs
459 1936 751 1977 diversitatem
778 1937 914 1978 minus
938 1938 1230 1987 convenirent,
1253 1937 1529 1992 acquiescere
1551 1937 1662 1978 soliti

248 2005 377 2044 sunt‘.
443 2003 506 2044 Ut
526 2005 568 2045 in
590 2005 709 2045 fastis
740 2007 963 2060 postmodo
989 2006 1140 2048 Romae
1163 2007 1324 2048 factum
1344 2012 1426 2054 est,
1449 2005 1510 2046 ita
1535 2006 1656 2047 tabu-

251 2071 317 2119 lae,
342 2071 382 2112 in
406 2072 558 2126 quibus
581 2073 671 2115 haec
694 2080 840 2115 notata
862 2075 998 2124 fuere,
1021 2076 1063 2116 in
1088 2074 1271 2117 Graeciae
1292 2074 1469 2116 urbibus
1490 2074 1660 2129 publice

252 2141 461 2194 expositae
501 2147 545 2181 et
584 2142 737 2184 adfixae
774 2150 896 2184 erant
935 2145 1067 2195 (unde
1106 2147 1410 2197 παράπῆγματα,)
1448 2148 1506 2192 et,
1548 2149 1596 2184 ut
1636 2158 1661 2185 e

251 2209 455 2250 Theoneu
484 2211 665 2259 videtur,
689 2227 773 2253 non
803 2213 1065 2268 singulorum
1095 2218 1259 2253 tantum
1288 2212 1363 2253 sed
1393 2212 1662 2268 undeviginti

295 2358 303 2375 ¹
332 2356 427 2388 Valet
455 2357 494 2388 de
525 2358 572 2389 his
600 2359 809 2391 observation.
837 2361 921 2402 quod

252 2405 315 2436 alia
336 2405 375 2436 de
394 2417 425 2436 re
443 2407 553 2438 Festus
568 2407 709 2440 Avienus
725 2409 841 2451 Progn.
857 2411 898 2441 45
913 2422 918 2439 :

251 2460 270 2472 ‘¹
287 2454 380 2486 Illius
401 2455 441 2487 ad
464 2467 610 2488 numeros
630 2458 751 2499 prolixa
765 2459 921 2491 decennia

250 2515 372 2536 rursum
387 2505 552 2548 Adjecisse
568 2508 678 2538 Meton
694 2508 849 2551 Cecropia
871 2508 918 2539 di—

251 2554 333 2586 citur
356 2561 439 2587 arte.-
474 2556 648 2598 Inseditque
674 2561 794 2595 animis,
817 2559 920 2590 tenuit

250 2615 316 2635 rem
332 2605 459 2637 Graecia
474 2606 583 2639 sollers
599 2607 756 2644 Protinus,
771 2614 798 2639 et
821 2610 920 2651 longos

251 2661 408 2686 znventum
424 2658 503 2686 misit
521 2659 552 2687 in
568 2669 672 2687 annos.

293 2710 306 2724 ¹¹
329 2705 415 2736 Theo
440 2706 478 2737 ad
497 2706 586 2738 Arati
608 2707 718 2738 Phaen.
735 2707 761 2737 oi
787 2706 819 2738 δὲ
840 2710 918 2749 μετὰ

992 2360 1135 2392 Μέτωνα
1159 2360 1358 2403 ἀστρονόμοι
1381 2361 1435 2392 καὶ
1459 2360 1604 2399 πίνακας
1625 2361 1663 2393 ἐν

991 2412 1064 2448 ταῖς
1097 2411 1213 2442 πόλεσι
1247 2411 1370 2450 ἔθηκαν
1400 2412 1475 2453 περὶ
1505 2414 1574 2443 τῶν
1604 2412 1661 2442 τσῦ

991 2459 1087 2498 ἡλίου
1104 2464 1286 2503 περιφορῶν
1300 2464 1369 2493 τῶν
1383 2459 1661 2493 ἐννεακαιδεκαετ-

990 2509 1124 2552 ηρὶὃων,
1153 2511 1203 2542 ὅτι
1238 2510 1307 2542 καθ’
1337 2510 1478 2543 ἕκαστον
1505 2510 1660 2543 ἐνιαυτὸν

989 2560 1113 2592 τοιόσδε
1129 2562 1221 2593 ἔσται
1235 2561 1368 2604 χειμὼν,
1382 2563 1438 2593 καὶ
1450 2560 1575 2594 τοιόνδε
1589 2562 1658 2604 ἔαρ,

988 2612 1040 2642 καὶ
1066 2610 1190 2644 τοιόνδε
1208 2611 1316 2654 θέρος.
1334 2613 1389 2643 καὶ
1408 2611 1530 2644 τοιόνδε
1550 2612 1659 2654 φθινό-

990 2672 1103 2702 πωρον
1123 2662 1177 2692 καὶ
1199 2661 1314 2694 τοιοῖόε
1336 2663 1450 2703 ἄνεμοι
1469 2663 1523 2694 καὶ
1547 2663 1659 2694 πολλὰ

988 2712 1072 2751 πρὸς
1099 2712 1268 2754 βιωφελεῖς
1297 2713 1408 2754 χρείας
1437 2713 1506 2750 τοῖς
1533 2712 1659 2754 ἀνθρώ-
