1830 3220
521 179 872 222 FASTORUM
908 179 1028 221 Llss.
1064 180 1101 221 Ῐ.
1467 185 1521 224 15

104 296 359 361 Tempora
383 297 613 344 commisi
640 297 902 344 nascentia
926 298 1075 345 rebus
1103 299 1330 361 agendis,

170 374 329 422 Totus
357 375 420 422 ab
447 374 673 439 auspicio
700 391 762 421 ne
788 373 919 422 foret
944 391 1104 422 annus
1132 376 1282 424 iners.

106 451 338 515 Quisque
366 468 483 501 suas
510 458 642 500 artes
669 452 734 498 ob
761 451 896 499 idem
924 453 1119 500 delibat
1142 455 1372 516 agendo:

176 529 286 577 Nec
312 530 426 594 plus
455 546 608 593 quam
634 529 840 576 solitum
865 529 1174 578 testificatur
1196 548 1342 596 opus.

1435 537 1528 581 170

107 607 235 655 Mox
261 624 356 671 ego
379 625 388 656 :
427 608 549 665 Cur,
576 607 806 671 quamvis
833 608 1047 656 aliorum
1077 609 1288 658 numina
1312 611 1528 675 placem,

171 684 203 732 J
208 701 318 743 ane,
347 686 438 733 tibi
465 686 627 750 primo
654 693 768 733 tura
794 703 1094 750 merumque
1120 687 1261 735 fero?

109 762 183 810 Ut
208 780 298 827 per
323 780 403 811 me
429 764 595 828 possis
623 763 833 819 aditum,
863 764 951 827 qui
979 764 1153 812 limina
1179 782 1339 822 servo,

176 841 257 888 Ad
284 858 639 905 quoscumque
666 842 821 889 velim
848 858 1055 906 prorsus
1081 843 1270 891 habere
1297 844 1452 893 Deos.

109 918 179 966 At
204 935 293 966 cur
318 920 434 967 laeta
457 920 558 967 tuis
583 919 822 966 dicuntur
846 920 1001 967 verba
1028 919 1306 979 Kalendis3

1437 926 1529 971 175

179 996 247 1045 Et
271 998 450 1045 damus
478 998 718 1055 alternas,
747 997 1131 1062 accipimusque
1158 1000 1370 1062 preces?

109 1075 240 1123 Tum
262 1076 403 1124 Deus
415 1076 715 1125 incumbens
728 1076 926 1134 baculo,
941 1092 1095 1140 quem
1111 1077 1293 1125 dextra
1304 1079 1531 1141 gerebat:

182 1154 369 1202 Omina
393 1154 673 1220 principiis,
702 1155 884 1219 inquit,
914 1155 1082 1203 inesse
1108 1155 1291 1203 solent.

111 1231 192 1279 Ad
219 1232 431 1297 primam
456 1250 633 1282 vocem
658 1234 861 1281 timidas
889 1233 1150 1282 advertitis
1177 1251 1352 1282 aures:

182 1309 250 1358 Et
272 1310 432 1358 visam
458 1311 676 1375 primum
703 1312 923 1360 consulit
948 1328 1103 1375 auger
1128 1328 1291 1359 avem.

1438 1316 1531 1360 180

113 1387 329 1453 Templa
338 1396 531 1453 patent,
545 1406 798 1455 auresque
812 1391 978 1440 Deum
995 1408 1004 1440 :
1024 1390 1300 1453 neclingua
1311 1391 1531 1439 caducas

184 1466 424 1532 Concipit
448 1467 533 1515 illa
557 1484 765 1532 preces;
808 1469 1049 1532 dictaque
1075 1469 1272 1533 pondus
1298 1469 1506 1517 habent.

116 1544 353 1593 Desierat
379 1545 583 1609 paucis:
626 1563 718 1594 nec
744 1546 896 1610 longa
922 1547 1124 1594 silentia
1147 1545 1273 1604 feci;

184 1623 289 1672 Sed
313 1623 458 1687 tetigi
482 1624 649 1673 verbis
675 1625 855 1673 ultima
879 1625 1033 1673 verba
1057 1624 1182 1672 meis
1203 1641 1212 1672 :

114 1774 196 1799 artes
209 1773 296 1799 recte
312 1767 447 1800 dicatur.
470 1768 545 1811 Ipse
560 1768 684 1806 suadet,
700 1770 790 1805 Quis-

115 1829 171 1859 que
190 1829 259 1849 suas
275 1824 378 1859 partes
395 1819 490 1849 obiter
511 1820 625 1850 delibat
647 1822 766 1861 agendo
780 1833 790 1858 ,-

114 1867 233 1898 etenim
264 1879 357 1910 agere
379 1875 483 1908 partes
507 1878 575 1900 esse
602 1869 731 1900 obvium
760 1876 792 1902 et

116 1917 248 1959 vulgare
264 1930 272 1956 ;
296 1923 328 1949 et
343 1918 426 1955 illos,
440 1929 519 1960 quos
534 1919 658 1950 Auctor
672 1919 791 1951 intelli-

116 1973 182 2009 gat,
201 1968 414 2010 perfunctorie
435 1974 560 2000 tantum
584 1980 662 2011 opus
686 1981 791 2008 suum,

117 2023 153 2048 ut
168 2017 200 2048 in
214 2028 310 2049 scena
324 2018 502 2055 histriones,
519 2018 672 2050 delibare.

164 2067 347 2098 171—-174,
373 2068 498 2099 Primus
513 2069 546 2099 in
563 2071 655 2099 sacris
673 2071 792 2100 invoca-

120 2124 174 2148 tur
186 2118 316 2159 Janus.]
336 2117 417 2149 Inde
433 2117 511 2149 etin
523 2118 636 2150 Senec.
659 2119 793 2161 Apocol.

117 2167 238 2209 primus
268 2167 459 2199 sententiam
487 2173 614 2209 rogatur
639 2167 672 2199 in
699 2169 793 2201 coelo.

121 2217 229 2248 Causa
246 2217 315 2259 ejus
331 2217 458 2249 honoris
479 2228 542 2248 non
558 2229 622 2249 una
642 2218 794 2251 redditur.

121 2268 164 2305 Q.
189 2267 308 2298 Fabius
334 2267 443 2298 Pictor
470 2267 567 2298 habet
596 2267 692 2304 hanc,
720 2268 796 2310 quia

121 2318 226 2349 Janus
247 2316 368 2359 primus
388 2317 436 2348 far
458 2323 490 2348 et
504 2317 614 2348 vinum
633 2317 673 2348 ad
695 2318 792 2349 sacri-

124 2367 198 2398 ficia
220 2367 382 2406 docuerit3
406 2367 519 2399 Cicero
539 2368 617 2399 Nat.
633 2368 676 2399 D.
692 2367 726 2400 ii.
741 2369 794 2400 27.

124 2417 201 2460 quia
213 2417 316 2459 prima
332 2422 364 2449 et
379 2423 521 2449 extrema
536 2417 682 2449 omnibus
697 2417 730 2449 in
748 2429 796 2449 re-

122 2467 183 2499 bus
205 2466 379 2498 maximam
396 2467 460 2498 vim
485 2468 645 2506 habeant3
669 2468 797 2499 Macro-

123 2517 196 2549 bius
215 2517 247 2548 d.
261 2517 283 2548 l.
299 2517 375 2559 quia
388 2519 493 2550 Janus
513 2517 546 2548 in
564 2517 661 2548 Italia
679 2517 799 2560 primus

126 2566 200 2598 Diis
237 2567 357 2609 templa
393 2565 522 2604 fecerit3
560 2567 684 2602 Festus,
723 2566 799 2608 quia

127 2615 234 2648 Chaos
249 2614 390 2647 omnium
405 2615 552 2658 primum.
590 2616 650 2646 Far
665 2615 694 2646 ei
712 2616 798 2647 obla-

127 2670 195 2696 tum
214 2675 296 2702 esse,
313 2665 432 2696 Fabius
450 2670 559 2697 auctor
581 2664 660 2704 fuit3
685 2666 802 2697 Noster

128 2720 161 2747 et
188 2715 347 2747 Martialis
370 2722 444 2747 tura
469 2720 664 2755 memorant3
689 2726 802 2758 nempe

129 2772 200 2796 tura
210 2765 302 2807 ferre
321 2770 376 2796 aut
399 2767 473 2796 dare
496 2765 629 2796 formula
655 2764 803 2796 solemnis

859 1781 926 1813 pro,
942 1782 1033 1802 sacra
1057 1770 1172 1801 facere.
1219 1770 1334 1811 Itaque
1359 1771 1494 1801 Metam.
1515 1770 1536 1801 i.

860 1820 1011 1862 369.jam
1024 1820 1063 1851 de
1075 1818 1285 1850 Deucalionis
1298 1819 1395 1850 sacris
1408 1819 1534 1861 legitur,

860 1873 980 1902 aditum
1002 1872 1042 1901 ad
1066 1870 1155 1901 Deos.
1202 1868 1309 1900 Etiam
1325 1869 1444 1900 Arnob.
1461 1869 1535 1901 adv.

861 1921 961 1952 Gent.
978 1919 1023 1950 iii.
1038 1931 1070 1961 p.
1088 1919 1162 1949 117.
1179 1929 1252 1949 eum
1268 1918 1347 1948 dicit
1363 1920 1442 1949 viam.
1457 1930 1534 1959 pan-

861 1971 931 2001 dere
949 1970 1084 2000 Deorum
1098 1971 1137 1999 ad
1153 1970 1358 1999 audientiam.

910 2019 1096 2050 175-132,
1124 2018 1171 2049 De
1203 2019 1276 2048 laetis
1303 2019 1536 2057 precationibus.

865 2069 980 2107 Quem;
1008 2068 1160 2100 Heinsius
1178 2067 1271 2099 malit
1288 2070 1377 2108 quod,
1394 2068 1470 2110 quia
1486 2070 1536 2099 ba-

862 2120 967 2150 culum
988 2125 1099 2150 neutro
1117 2128 1233 2160 genere
1258 2118 1393 2148 Metam.
1408 2118 1441 2148 ii.
1459 2120 1536 2149 789.

863 2168 988 2211 legitur.
1026 2168 1089 2199 Sed
1105 2179 1166 2199 non
1182 2173 1241 2203 est,
1259 2178 1314 2198 cur
1329 2167 1437 2199 invitis
1450 2168 1539 2199 libris

862 2229 932 2250 eam
951 2218 1082 2249 formam
1100 2217 1298 2259 adoptemus.
1335 2218 1458 2253 Omina,
1474 2224 1538 2249 etc.

864 2269 978 2310 Itaque
999 2274 1030 2299 et
1048 2278 1173 2310 operam
1195 2267 1317 2298 dabant
1331 2266 1484 2303 Romani,
1503 2273 1540 2299 ut

863 2318 1020 2349 orationes
1035 2317 1138 2348 verbis
1158 2318 1239 2348 bene
1264 2315 1412 2347 ominatis
1433 2319 1538 2359 auspi<

865 2374 1024 2400 carentur.
1076 2367 1228 2403 Consulit,
1262 2366 1405 2407 auspicia
1442 2367 1540 2408 capit.

868 2419 1008 2454 Cqucae,
1026 2427 1096 2459 quae
1121 2415 1241 2447 cadunt
1265 2415 1305 2446 ad
1327 2414 1460 2453 irritum,
1477 2427 1539 2448 non

866 2467 1091 2499 exaudiuntur.
1139 2466 1304 2505 Concipere
1339 2476 1440 2504 preces
1477 2476 1539 2496 non

866 2516 960 2548 modo
977 2516 1016 2547 de
1033 2520 1139 2546 mente
1152 2514 1280 2550 (licitur,
1294 2525 1365 2555 quae
1381 2525 1434 2546 eas
1446 2525 1541 2546 exco-

867 2566 959 2608 gitat,
972 2565 1027 2597 sed
1039 2570 1071 2596 et
1083 2564 1122 2596 de
1136 2564 1246 2605 lingua
1257 2574 1328 2605 quae
1339 2573 1394 2594 eas
1404 2565 1521 2606 profert
1534 2577 1542 2603 3

868 2616 1004 2647 Metam.
1017 2614 1082 2646 viii.
1096 2615 1171 2646 682.
1203 2614 1327 2645 Pondus
1340 2615 1459 2651 habent,
1472 2615 1541 2656 qui-

868 2665 928 2696 bus
943 2670 1075 2696 eventus
1090 2669 1215 2696 constat
1230 2675 1238 2702 3
1256 2664 1389 2694 Metam.
1405 2663 1449 2695 ix.
1467 2664 1541 2695 495.

869 2717 981 2746 samnia
996 2716 1112 2755 pondus
1127 2715 1246 2744 habent.

918 2764 1102 2796 183-226.
1129 2765 1255 2798 Strenae,
1277 2762 1317 2793 de
1341 2761 1455 2802 quibus
1480 2762 1543 2794 vid.
