1830 3220
804 170 950 212 IBIS.

1505 174 1588 215 501

170 286 296 335 Haec
321 287 432 344 tibi,
460 302 612 351 quem
638 287 830 335 meritis
855 285 1093 351 precibus
1120 301 1234 334 mea
1258 287 1472 336 devovet
1496 288 1585 347 ira,

237 365 503 421 Eveniant,
533 371 621 412 aut
644 363 723 411 his
749 380 849 412 non
877 363 1064 411 leviora
1088 364 1233 412 malis
1254 381 1264 413 :

1486 368 1585 414 416

170 442 348 498 Qualis
374 441 764 489 Achaemenides
794 441 968 489 Sicula
992 441 1225 490 desertus
1252 442 1302 489 in
1328 442 1495 499 AEtna‚

238 520 420 569 Troica
444 536 603 584 quum
628 519 752 566 vidit
775 519 888 567 vela
911 518 1096 574 venire,
1124 519 1219 566 fuit
1239 537 1248 567 :

169 598 346 654 Qualis
372 606 480 647 erat
504 614 597 646 nec
624 614 723 646 non
748 597 950 645 fortuna
974 597 1248 645 binominis
1276 597 1361 655 Iri,

241 676 448 741 Quique
473 683 650 725 tenent
676 683 900 740 pontem,
923 692 1037 739 quae
1064 676 1155 723 tibi
1182 678 1326 741 pejor
1351 678 1462 726 erit.
1490 681 1591 727 420

171 754 328 803 Filius
354 762 407 803 et
435 754 635 803 Cereris
660 754 846 802 frustra
871 755 963 802 tibi
991 771 1192 819 semper
1216 763 1427 812 ametur,

241 832 604 896 Destituatque
630 840 744 880 tuas
770 847 934 896 usque
960 832 1152 897 petitus
1177 849 1319 897 opes.

174 909 348 974 thue
375 926 464 975 per
489 911 709 958 alternos
736 911 872 958 unda
897 911 1102 959 labente
1129 927 1365 959 recursus

242 988 571 1036 Subtrahitur
595 1005 772 1053 presso
798 989 963 1037 mollis
991 1005 1143 1038 arena
1168 989 1316 1054 pedi;

174 1065 260 1114 Sic
287 1073 375 1115 tua
399 1066 572 1114 nescio
598 1083 701 1131 quo
727 1082 930 1131 semper
954 1067 1154 1116 fortuna
1179 1067 1447 1132 liquescat,
1495 1070 1593 1117 425

242 1144 511 1210 Lapsaque
538 1162 628 1210 per
653 1146 845 1193 medias
872 1147 1044 1194 effluat
1069 1162 1232 1210 usque
1259 1162 1455 1194 manus,

176 1222 351 1286 thue
378 1231 521 1288 pater
547 1224 708 1272 solitae
734 1224 898 1272 varias
925 1233 1124 1273 mutare
1149 1225 1354 1288 figuras,

244 1297 436 1349 Plenus
462 1303 771 1350 inexstincta
794 1302 1032 1352 deficiare
1058 1303 1207 1351 fame.

177 1379 288 1427 Nec
314 1380 461 1444 dapis
488 1381 723 1428 humanae
749 1382 957 1429 venient
980 1382 1212 1439 fastidia3
1254 1398 1460 1445 quaque

245 1457 398 1506 Parte
424 1464 588 1522 potes,
617 1457 827 1522 Tydeus
855 1459 1096 1524 temporis
1124 1460 1275 1522 hujus
1302 1459 1416 1507 eris.

221 1664 296 1695 419.
323 1664 431 1698 Qualis
452 1664 547 1705 emh]
581 1664 651 1695 Irus
675 1665 854 1697 Ithacensis

179 1713 355 1750 mendicus,
383 1713 518 1745 celebris
542 1713 682 1745 carmine
710 1714 854 1746 Homeri.

178 1763 240 1796 Hic
278 1764 310 1795 in
348 1764 564 1795 mendicitatis
601 1764 853 1806 objurgationem

176 1824 300 1857 semper
323 1813 482 1856 objicitur.
529 1814 700 1846 Binominis
724 1814 854 1851 dicitur,

177 1864 328 1906 quoniam
341 1864 469 1895 Arneus
483 1863 560 1895 olim
576 1871 625 1896 est
640 1864 821 1907 adpellatus
837 1875 855 1896 a

178 1920 296 1946 matre:
332 1915 388 1946 sed
418 1914 523 1945 dictus
552 1914 623 1946 Irus
654 1915 694 1946 ab
726 1914 808 1952 aliis,
837 1925 855 1946 a

178 1963 372 2006 loquacitate
388 1963 604 1995 mendicandi.

223 2015 300 2045 420.
327 2013 447 2054 Quique
467 2020 570 2045 tenent
590 2014 742 2055 pontem]
770 2013 855 2045 Vide

179 2063 279 2094 Mart.
305 2061 362 2093 lib.
389 2073 425 2093 x.
451 2063 514 2104 Ep.
547 2074 577 2094 v.
623 2063 701 2094 Juv.
731 2064 798 2094 Sat.
825 2074 855 2095 v.

178 2112 218 2144 de
247 2114 350 2154 egenis
376 2111 409 2143 in
436 2112 588 2155 pontibus
613 2113 777 2145 considere
807 2124 854 2145 so-

178 2161 256 2193 litis.

223 2213 299 2243 421,
324 2212 428 2243 Filius
447 2219 476 2243 et
494 2211 643 2253 Cereris]
673 2212 769 2243 Hunc
789 2222 856 2243 om-

179 2272 236 2293 nes
256 2262 360 2293 locum
386 2272 456 2293 meo
474 2261 605 2303 quidem
620 2261 755 2304 judicio,
778 2261 858 2292 falso

179 2311 438 2354 interpretantur,
463 2322 563 2353 quum
589 2311 629 2343 de
651 2311 857 2355 Triptolemo,

181 2367 238 2394 aut
254 2362 379 2393 Asterio
390 2361 588 2403 intelligunt.
625 2362 757 2393 Plutum
772 2362 857 2393 enim

180 2412 344 2454 intelligit,
356 2412 406 2454 cuj
412 2423 449 2444 us
462 2412 494 2443 in
504 2412 690 2454 Theogonia
700 2412 859 2443 Hesiodus

181 2461 264 2493 hanc
286 2461 431 2493 fabulam
454 2462 560 2493 refert.
607 2462 689 2493 Cum
709 2461 810 2498 Jasi0‚
826 2461 857 2492 in

179 2511 312 2553 templo,
341 2510 426 2553 quod
456 2510 517 2542 fuit
545 2511 579 2542 in
608 2511 727 2554 Tripoli
754 2511 857 2543 Cretae

180 2560 325 2595 civitate,
342 2560 440 2592 Ceres
462 2560 655 2592 concubuit:
683 2572 722 2592 ex
743 2561 860 2603 quibus

181 2610 296 2642 Plutus
315 2616 410 2641 natus
429 2616 492 2647 est,
510 2611 566 2653 qui
586 2613 741 2652 opulentia
763 2611 860 2643 inter·

182 2665 335 2703 pretatur.
369 2660 482 2696 Dives,
497 2660 680 2703 quicunque
693 2661 777 2693 hunc
792 2661 860 2693 adi-

182 2710 251 2747 bat,
278 2709 490 2742 efficiebatur.
543 2710 622 2742 Ideo
653 2721 738 2742 nunc
767 2717 862 2753 poeta

182 2760 376 2803 imprecatur
414 2760 594 2792 mendicam
632 2761 664 2793 in
697 2760 860 2793 inimicum

1498 1462 1598 1507 430

924 1664 1044 1695 vitam:
1062 1669 1094 1695 et
1106 1664 1192 1705 quod
1204 1662 1229 1694 si
1246 1663 1325 1694 forte
1342 1663 1471 1694 Plutum
1488 1663 1601 1701 adiret,

923 1713 1013 1756 cupit
1032 1719 1067 1744 ut
1087 1714 1126 1744 ab
1143 1724 1180 1744 eo
1204 1719 1381 1756 spernatur,
1397 1713 1449 1744 cui
1473 1718 1506 1744 et
1527 1712 1601 1744 odio

924 1764 974 1794 sit.
1000 1763 1084 1794 Zau.

969 1815 1043 1844 427.
1065 1813 1288 1854 thuepater.]
1302 1812 1599 1849 Erisichthon,suc-

924 1863 991 1894 cisa
1027 1874 1156 1905 quercu,
1191 1863 1359 1905 Dryadum
1398 1862 1546 1904 precibus
1583 1873 1603 1894 a

926 1914 1039 1945 Cerere
1059 1914 1140 1944 irata
1163 1919 1254 1944 tanta
1276 1914 1359 1944 fame
1383 1913 1602 1955 torquebatur,

924 1969 959 1994 ut
989 1969 1118 1994 coactus
1146 1963 1187 1994 sit
1215 1963 1352 1994 vendere
1376 1963 1489 1999 filiam,
1515 1963 1602 2006 Dry-

925 2013 1040 2055 opida:
1068 2013 1119 2043 vel
1150 2018 1184 2044 ut
1212 2012 1267 2044 alii
1297 2013 1408 2044 volunt
1439 2013 1601 2044 Mestram.

926 2062 1068 2093 Vendita
1089 2061 1182 2092 modo
1206 2073 1261 2104 pro
1279 2061 1413 2103 virgine,
1431 2062 1526 2093 modo
1547 2073 1603 2104 pro

926 2112 998 2143 aliis
1019 2112 1247 2149 animantibus,
1263 2112 1345 2155 patri
1370 2111 1525 2143 alimenta
1547 2112 1602 2144 diu

925 2161 1194 2193 subministravit:
1225 2162 1282 2193 sed
1311 2162 1442 2193 tandem
1472 2167 1604 2193 coactus

923 2216 972 2242 est
994 2211 1087 2242 miser
1113 2222 1219 2244 morsu
1242 2211 1384 2255 proprios
1408 2217 1495 2243 artus
1516 2212 1603 2243 lace-

924 2271 1005 2292 rare.

969 2311 1046 2342 429.
1072 2311 1137 2342 Nec
1159 2313 1246 2351 dapis
1270 2310 1439 2352 Mimanta]
1471 2310 1604 2352 Tydeus

926 2361 1020 2392 OEnei
1045 2361 1128 2403 regis
1148 2361 1244 2397 filius,
1261 2361 1323 2398 vel,
1341 2367 1377 2392 ut
1404 2360 1470 2398 alii,
1487 2361 1603 2392 Martis

926 2417 957 2442 et
973 2411 1113 2447 Altheae,
1131 2411 1162 2442 in
1181 2411 1267 2442 bello
1282 2410 1435 2442 Thebano
1451 2421 1470 2442 a
1486 2412 1603 2442 Mena-

926 2459 1015 2503 lippo
1045 2460 1157 2492 lethali
1182 2460 1313 2492 vulnere
1342 2470 1510 2503 percussus
1535 2466 1604 2492 est:

928 2510 1134 2542 moribundus
1151 2511 1291 2553 Tydeus,
1307 2509 1487 2553 Menalippi
1506 2515 1605 2552 caput

929 2560 970 2592 ad
985 2571 1017 2592 se
1034 2560 1147 2592 deferri
1160 2561 1256 2603 jussit
1270 2573 1275 2590 ε
1304 2560 1390 2602 quod
1406 2560 1576 2602 Capaneus
1588 2570 1611 2592 e>

929 2610 1062 2652 vestigio
1086 2610 1118 2641 in
1144 2610 1243 2654 ipsius
1266 2609 1369 2652 Tydei
1398 2615 1609 2651 conspectum-

929 2661 1086 2703 portavit:
1122 2672 1185 2703 quo
1214 2661 1282 2692 viso
1309 2660 1437 2692 laetatus
1465 2659 1606 2702 Tydeus,

931 2712 1096 2743 cerebrum
1114 2710 1264 2742 dentibus
1281 2710 1421 2747 corrosit,
1437 2715 1472 2741 ut
1487 2710 1606 2743 Statius

932 2761 964 2792 in
979 2769 1091 2792 octavo
1105 2760 1286 2792 Thebaidos
1301 2759 1418 2792 scribit.
1443 2759 1523 2791 ΖΑΗ.
