1830 3220
559 171 903 213 FASTORUM
940 171 1060 214 [ΑΒ.
1096 172 1178 214 IV.

1493 174 1576 214 211

150 285 244 334 Ille
271 287 478 335 domum
505 287 734 350 glandes,
763 304 1086 353 excussaque
1113 305 1252 336 mora
1278 288 1469 336 rubetis

216 364 411 420 Portat,
440 374 491 413 et
517 366 702 413 arsuris
729 366 869 414 arida
894 366 1032 429 ligna
1057 366 1198 415 focis.

1471 368 1569 414 510

150 441 277 490 Filia
301 459 454 507 parva
478 442 606 490 duas
632 443 896 506 redigebat
922 460 1047 507 rupe
1073 444 1326 507 capellas3

217 519 284 567 Et
309 527 452 569 tener
478 521 527 568 in
554 521 699 569 cunis
724 521 857 568 filius
883 537 1017 584 aeger
1043 530 1167 569 erat.

149 597 332 654 Mater,
360 599 429 647 ait
453 598 608 662 virgo,
637 605 775 646 mota
800 607 878 646 est
906 598 1018 647 Dea
1043 599 1246 646 nomine
1272 599 1464 655 matris,

214 675 350 732 Quid
376 677 499 726 facis
526 678 576 724 in
602 677 722 725 solis
749 677 1044 725 incomitata
1063 678 1237 741 jugis?

1472 680 1568 724 514

147 754 360 803 Restitit
383 762 436 804 et
462 756 644 812 senior,
673 757 905 819 quamvis
930 772 1058 803 onus
1084 763 1259 819 urget3
1301 761 1353 803 et
1377 761 1501 811 orat,

211 832 371 882 Tecta
396 850 501 882 suae
529 834 710 881 subeat
735 834 1206 898 quantulacumque
1232 849 1383 881 casae.

145 911 240 960 Illa
264 919 446 976 negat;
489 912 751 960 simularat
776 928 946 967 anum,
975 912 1229 976 mitraque
1255 910 1468 974 capillos

212 990 507 1049 Presserat3
550 990 756 1038 instanti
784 990 906 1038 talia
930 989 1068 1038 dicta
1094 989 1273 1039 refert:

147 1068 337 1134 Sospes
360 1085 464 1126 eas,
484 1086 788 1134 semperque
806 1085 1012 1134 parens;
1043 1069 1165 1117 mihi
1184 1068 1287 1116 filia
1302 1073 1447 1132 rapta
1467 1073 1562 1115 est.

214 1147 358 1196 Heu!
399 1149 575 1197 melior
601 1156 792 1213 quanto
820 1165 927 1196 sors
954 1156 1042 1196 tua
1067 1154 1201 1196 sorte
1227 1145 1367 1194 mea!

1468 1148 1567 1193 520

147 1225 312 1275 Dixit:
341 1234 407 1284 et,
426 1235 483 1274 ut
501 1227 755 1292 lacrymae,
774 1243 942 1290 neque
967 1227 1102 1275 enim
1123 1227 1403 1290 lacrymare
1430 1223 1565 1271 Deo-

214 1303 422 1353 Decidit
446 1305 496 1352 in
521 1305 721 1369 tepidos
742 1305 912 1352 lucida
937 1312 1082 1368 gutta
1107 1304 1276 1360 sinus;
1310 1305 1444 1366 [rum
1470 1307 1565 1357 est,

146 1381 294 1430 Flent
318 1382 520 1447 pariter,
550 1383 726 1431 molles
753 1383 922 1437 animi,
952 1383 1213 1446 virgoque,
1242 1389 1524 1443 senexque.

214 1458 255 1507 E
283 1460 471 1525 quibus
497 1460 606 1509 haec
628 1460 754 1525 justi
784 1461 938 1509 verba
962 1460 1100 1509 fuere
1128 1459 1291 1509 senis:

140 1628 242 1649 rerum
272 1617 447 1650 referenda.
501 1619 676 1650 Eleusinem
707 1620 818 1651 urbem

143 1668 271 1700 Eleusin
288 1668 377 1700 heros
393 1668 548 1705 condidit,
564 1669 656 1712 cujus
677 1676 755 1700 aetas
771 1669 817 1700 in-

141 1724 230 1751 certa
252 1725 340 1757 erat;
369 1719 558 1755 Pausanias,
584 1719 688 1750 Attic.
714 1731 745 1759 p.
761 1721 816 1750 93.

144 1769 311 1804 Quo—hoc
326 1768 449 1799 scilicet
465 1769 546 1800 loco.
572 1769 728 1805 Glaucles‚·
746 1769 818 1800 vide

142 1830 206 1850 ver.
225 1820 302 1851 399.
350 1818 500 1850 Excutere
526 1818 654 1850 omnino
680 1820 818 1855 demere.

142 1879 308 1908 amovere3
334 1868 421 1900 Fast.
438 1881 470 1899 v.
487 1870 551 1900 215
565 1882 571 1900 :
588 1869 682 1911 foliis
697 1881 818 1901 excussa

139 1922 268 1962 pruina,
289 1929 402 1961 nempe
418 1919 514 1950 radiis
529 1919 615 1951 solis.

185 1971 250 2002 513
279 1980 350 2011 sqq.
386 1969 464 2000 Haec
493 1968 600 2001 omnia
630 1969 732 2007 aliter,
763 1970 818 2002 sed

140 2030 295 2064 perquam
324 2019 469 2062 jucunde
503 2019 680 2062 priscaeque
714 2020 818 2052 aetatis

142 2071 282 2102 moribus
304 2070 532 2101 convenienter
547 2070 579 2100 in
595 2069 705 2112 hymn.
752 2070 817 2102 Ho-

142 2131 220 2152 mer.
240 2120 301 2151 105
317 2130 387 2162 sqq.
405 2125 585 2151 narrantur.
629 2119 677 2150 Ibi
694 2130 713 2151 a
729 2120 819 2152 Celei

141 2171 268 2202 filiabus
297 2169 338 2201 ad
365 2169 560 2201 Metaniram
590 2176 723 2201 matrem
749 2170 822 2202 Dea

143 2221 323 2257 deducitur,
354 2220 486 2263 ejusque
522 2220 654 2251 filiolum
692 2219 820 2251 unicum

141 2271 368 2314 Demophonta
391 2270 596 2302 educandum
617 2276 649 2301 et
669 2270 819 2302 alendum

142 2321 273 2364 recipit;
297 2320 342 2352 sic
365 2326 398 2352 et
413 2320 639 2363 Apollodorus.
685 2320 772 2362 Juga
788 2320 820 2351 in

142 2382 218 2414 agro
233 2371 385 2402 Eleusino
401 2381 450 2401 me
466 2370 644 2401 offendunt.
684 2370 821 2413 Recepit

142 2422 201 2453 hoc
227 2431 341 2452 nomen
366 2420 516 2452 Heinsius
540 2431 578 2451 ex
605 2419 761 2452 Vossiano
789 2425 822 2451 et

142 2471 304 2504 nonnullis
318 2471 389 2502 aliis
400 2482 409 2510 ;
425 2470 532 2502 caeteri
549 2472 631 2506 locis,
642 2469 728 2513 quod
741 2481 820 2513 prae-

142 2522 308 2554 ferendum
325 2521 462 2552 videtur.
496 2520 601 2552 Etiam
617 2521 754 2552 Metam.
769 2520 821 2552 vii.

144 2574 220 2605 819.
236 2573 301 2604 loca
313 2573 388 2603 sola.

186 2623 261 2654 517.
286 2623 459 2653 Simularat
482 2620 604 2661 auum]
641 2620 680 2650 In
704 2619 821 2662 hymno

143 2671 315 2705 Homerico
331 2672 421 2703 sedet
437 2672 515 2714 γρηὶ·
532 2671 730 2713 παλαιγενεῖ
746 2670 820 2702 ἐνα-

141 2723 281 2767 λίγκιος.
319 2723 372 2754 Sic
388 2728 420 2754 et
436 2722 522 2766 apud
543 2721 723 2764 Pamphum
735 2732 744 2760 ;
765 2721 822 2752 sed

142 2773 230 2817 apud
263 2773 427 2816 Hyginum
460 2772 617 2804 nutricem
648 2771 822 2803 lactantem

887 1619 1060 1651 simulavit.
1108 1619 1159 1649 De
1184 1620 1288 1654 mitra,
1314 1615 1493 1647 vetularum
1519 1615 1566 1645 in-

887 1669 981 1711 signi,
998 1668 1038 1699 ad
1061 1668 1106 1699 iii.
1123 1669 1200 1699 669.
1252 1667 1417 1701 Presserat,
1435 1670 1567 1695 texerat.

888 1720 1008 1759 Semper
1030 1729 1152 1759 parens,
1177 1727 1341 1759 nunquam
1369 1715 1496 1746 amittas
1526 1714 1564 1744 li-

889 1770 992 1800 beros.

931 1821 1009 1851 521.
1037 1819 1141 1860 Neque
1158 1821 1342 1859 lacrymare,
1358 1815 1438 1855 ete]
1478 1815 1564 1846 Con-

890 1869 934 1901 fer
958 1871 1095 1902 Metam.
1118 1869 1152 1901 ii.
1170 1869 1245 1899 622.
1303 1866 1392 1898 Alibi
1419 1866 1451 1896 in
1479 1865 1567 1896 luctu

888 1921 1029 1952 Deorum
1044 1919 1195 1961 lacrymis
1213 1917 1448 1949 substituuntur
1467 1914 1567 1957 gemi-

888 1976 950 2007 tus,
980 1970 1040 2001 hoc
1069 1970 1138 2001 loco
1169 1970 1275 2000 lucida
1301 1973 1406 2010 gutta.
1458 1965 1568 1996 Molles

887 2022 997 2051 animi.
1030 2019 1186 2051 Homines
1202 2024 1237 2050 ut
1252 2016 1413 2049 interdum
1428 2027 1567 2056 corpora,

889 2070 933 2102 sic
955 2075 988 2101 et
1006 2071 1102 2101 animi
1123 2069 1294 2108 dicuntur3
1318 2067 1340 2098 i.
1355 2067 1438 2098 297:
1455 2065 1569 2108 felices

888 2123 996 2152 animi.
1032 2120 1122 2151 Male
1135 2120 1295 2150 Teubner.
1312 2117 1371 2148 hoe
1388 2117 1456 2148 loco
1471 2118 1568 2147 animi

890 2182 946 2213 pro
964 2170 1106 2213 genitivo
1127 2169 1237 2201 haberi
1253 2169 1391 2204 volebat,
1408 2166 1566 2209 quemad-

890 2220 1018 2252 modum
1042 2222 1154 2252 dubius
1178 2221 1274 2250 animi
1298 2218 1427 2260 legitur.
1474 2217 1567 2248 Flent

888 2272 1028 2311 pai-item
1054 2269 1100 2301 vis
1115 2268 1320 2311 sympathiae.
1366 2267 1489 2303 Justns,
1509 2267 1566 2298 fre-

890 2331 992 2362 quens
1009 2319 1174 2362 epitheton
1187 2318 1271 2350 senis
1285 2330 1293 2357 3
1319 2316 1451 2349 Heroid.
1466 2316 1488 2348 i.
1504 2318 1569 2356 29;

892 2371 1026 2401 Metam.
1043 2369 1110 2400 viii.
1127 2369 1204 2399 704.
1238 2368 1289 2400 Sic
1305 2369 1373 2403 tibi,
1391 2372 1455 2398 etc.
1489 2366 1566 2397 Pre-

890 2431 942 2451 cor
958 2426 988 2451 te
1004 2430 1060 2462 per
1075 2419 1210 2451 salutem
1226 2418 1300 2449 filiae
1324 2422 1434 2460 raptae,
1450 2422 1486 2447 ut
1500 2427 1568 2448 sur-

889 2481 957 2513 gas.
981 2470 1030 2501 Sz'c
1042 2471 1170 2513 ponitur
1185 2468 1228 2500 ita
1243 2468 1276 2500 in
1291 2466 1567 2503 obtestationibus,

890 2521 1006 2562 quibus
1022 2519 1112 2552 alteri
1129 2530 1192 2561 quo
1207 2518 1319 2550 fortius
1333 2527 1405 2549 eum
1421 2516 1568 2560 impella-

890 2581 960 2602 mus
977 2570 1017 2601 ad
1029 2568 1152 2612 aliquid
1163 2567 1361 2604 faciendum,
1374 2573 1464 2609 grata
1477 2576 1567 2608 quae-

890 2620 964 2652 dam
979 2631 1146 2663 precamur
1161 2631 1169 2658 3
1193 2618 1352 2654 Tibullus,
1368 2618 1412 2648 II.
1429 2628 1461 2647 v.
1482 2617 1537 2646 121
1555 2628 1562 2645 2

891 2676 910 2688 “
924 2671 1044 2702 Adnue
1057 2683 1065 2709 3
1082 2671 1127 2702 sic
1143 2669 1202 2701 tibi
1215 2670 1278 2701 sint
1288 2667 1416 2704 intonsi,
1429 2667 1565 2703 Phoebe,

892 2721 1037 2764 capilli.'’
1084 2721 1202 2753 Celeus
1219 2719 1314 2761 igitur
1329 2724 1361 2749 et
1375 2717 1512 2759 graviter
1533 2721 1567 2747 et

893 2770 1074 2802 humaniter
1090 2775 1181 2812 urget
1200 2770 1359 2802 Cererem.
