1809 3220
225 185 312 227 132

621 184 673 225 Ρ.
707 183 926 226 OVIDII
960 183 1248 226 NASONIS

228 301 487 367 Nympha,
508 316 672 354 mone,
693 299 885 348 nemori
902 306 1185 364 stagnoque
1201 308 1410 365 operata
1427 300 1605 348 Dianae
1628 317 1638 349 ε

297 379 556 444 Nympha,
587 376 769 424 Numae
795 379 1000 441 conjux,
1029 379 1092 426 ad
1118 385 1209 426 tua
1233 378 1368 426 facta
1391 378 1522 426 veni.

229 457 391 505 Vallis
418 456 635 504 Aricinae
662 455 806 519 sylva
830 455 1136 519 praecinctus
1162 472 1324 521 opaca

300 536 395 584 Est
420 537 576 592 lacus,
605 534 817 599 antiqua
842 535 1101 598 relligione
1129 551 1288 583 sacer.

231 692 323 733 turm]
343 690 525 723 Secundum
535 689 705 722 Plutarch.
719 689 818 720 Num.
830 699 903 732 cap.

232 743 285 773 13.
308 748 421 773 octavo
443 740 532 783 regni
555 741 672 771 Numae
695 750 790 776 anno,
807 749 906 781 quum

230 793 327 835 pestis
345 802 401 834 per
422 790 548 823 Italiam
568 789 703 827 saeviret,
719 796 816 831 atque
839 788 905 819 Ro-

231 853 316 873 mam
338 842 436 874 etiam
461 840 643 873 exhauriret
666 839 802 876 civibus,
821 839 909 882 pelta

231 903 321 924 aenea
349 903 366 924 e
397 893 480 924 coelo
511 890 682 922 delabitur.
730 890 839 921 Numa
869 900 908 920 ex

232 941 349 983 Egeria
373 941 542 983 Musisque
568 951 601 971 se
631 939 676 971 ait
704 938 909 981 comperisse,

233 991 361 1022 missam
387 991 476 1022 illam
501 1001 570 1021 esse
594 990 628 1020 in
650 988 737 1020 urbis
762 988 909 1025 salutem,

233 1040 485 1082 servandamque
533 1050 604 1070 cum
651 1038 802 1070 undecim
840 1038 910 1069 aliis

234 1091 333 1122 scutis
369 1090 511 1132 ejusdem
541 1089 661 1120 formae.
706 1090 779 1126 Quo
814 1088 909 1123 sacto,

235 1141 362 1172 morbus
376 1139 524 1171 cessavit.
572 1138 657 1169 Hinc
675 1149 727 1169 rex
744 1137 846 1169 Salios
862 1138 909 1168 in-

235 1190 348 1227 stituit,
372 1190 529 1233 peltarum
550 1189 682 1220 istarum
706 1188 853 1219 custodes
880 1195 911 1219 et

235 1241 403 1272 ministros.
451 1240 587 1282 Dionys.
607 1239 640 1270 ii.
662 1239 716 1269 71.
735 1238 795 1269 hoe
811 1249 909 1269 unum

235 1296 354 1327 narrat,
383 1296 509 1321 scutum
540 1289 702 1332 quoddam
732 1288 764 1319 in
794 1288 907 1319 Nnmae

235 1340 324 1382 regia
342 1339 507 1371 inventum
529 1350 610 1375 esse,
639 1349 657 1370 a
679 1339 765 1369 nullo
786 1339 910 1369 mortali

235 1389 371 1420 illatum.
417 1389 535 1420 Verum
549 1387 686 1419 Ovidius
703 1388 753 1418 vel
768 1388 847 1430 ipse,
862 1388 911 1419 vel

237 1439 314 1470 alios
338 1444 480 1469 auctores
504 1446 643 1474 secutus,
665 1437 750 1468 aliud
777 1437 911 1469 miracu-

237 1488 302 1518 lum
328 1486 510 1523 immiscuit,
535 1486 619 1529 quod
648 1486 814 1517 Plutarch.
841 1496 912 1529 cap.

241 1538 294 1569 15.
323 1538 428 1569 refert.
473 1537 633 1568 Arnobius
659 1543 777 1571 autem,
799 1537 857 1568 lib.
883 1548 913 1568 v.

238 1598 316 1631 pag.
336 1589 408 1619 154.
424 1598 462 1618 ex
479 1587 609 1618 Antiate
625 1586 738 1629 repetit
754 1592 786 1617 ct
802 1586 910 1628 exagi—

238 1643 295 1669 tat.
320 1638 469 1680 Namque
485 1636 619 1668 fulmina
632 1647 730 1678 quum
742 1637 913 1678 aliquando

238 1687 376 1730 plurima
399 1686 599 1722 cecidissent,
626 1689 744 1721 huma,
766 1692 913 1717 monente

240 1735 369 1779 Egeria,
393 1736 504 1767 Picum
531 1742 563 1767 et
590 1736 745 1772 Faunum,
771 1736 800 1766 vi
822 1736 912 1766 adhi-

239 1787 318 1824 bita,
335 1786 471 1818 consulit
484 1785 524 1817 de
540 1786 577 1817 iis
591 1786 768 1828 expiandis.
795 1786 913 1817 lIorum

241 1842 306 1868 arte
325 1836 453 1879 Jupiter
474 1836 598 1867 coelcsti
621 1847 637 1866 e
658 1836 731 1866 seule
755 1836 794 1867 ad
816 1835 913 1867 collo-

241 1887 351 1929 quium
378 1897 449 1918 cum
481 1887 589 1918 Numa
614 1886 749 1922 elicitur,
778 1897 914 1928 eumque

241 1937 346 1973 docet,
368 1946 432 1979 qua
454 1935 575 1967 ratione
599 1935 734 1968 fulmina
759 1935 822 1966 sint
844 1946 915 1977 pro-

244 1985 404 2024 curanda;
429 1986 507 2028 quin
529 1985 661 2028 pignora
682 1985 804 2027 imperii
831 1992 917 2017 certa

243 2035 272 2067 ei
288 2034 454 2078 promittit.
510 2035 703 2066 Promissum
721 2034 798 2065 fides
813 2034 918 2076 sequi-

245 2091 319 2124 tur;
343 2085 441 2116 altero
462 2084 545 2116 enim
563 2084 615 2116 die
637 2085 718 2115 iuter
738 2084 875 2115 tonitrua
889 2090 921 2115 et

245 2134 370 2176 fulgura
392 2140 517 2166 scutum
544 2134 668 2170 leniter,
691 2134 809 2176 populo
830 2145 920 2177 spec-

245 2190 335 2215 tante
356 2190 388 2215 et
412 2184 625 2220 acclamante,
645 2183 776 2215 decidit.
822 2184 859 2215 ld
883 2196 921 2215 ne

246 2234 328 2265 furto
352 2233 466 2265 auferri
488 2234 594 2275 possit,
617 2234 796 2264 Mamurius
816 2233 921 2276 opifex

242 2284 373 2326 jubetur
402 2283 494 2325 plura
523 2290 613 2314 scuta
642 2283 783 2325 ejusdem
813 2284 920 2325 figurae

248 2333 365 2364 facere.

291 2384 476 2414 259-262.
502 2383 777 2414 Novaiuvocatio.
824 2383 923 2414 Marti

251 2432 387 2463 Gradivo
411 2432 487 2463 lecti
511 2438 600 2462 erant
624 2432 713 2468 Salii,
738 2432 808 2464 Liv.
825 2432 847 2462 i.
868 2434 922 2463 20.

249 2488 281 2513 et
301 2481 332 2512 in
356 2481 425 2512 aede
449 2481 517 2523 ejus
538 2492 624 2512 arma
649 2481 792 2512 coelestia
815 2492 920 2512 serva-

250 2531 378 2562 bantur.
422 2531 473 2561 De
498 2531 654 2561 Mamurio
676 2530 750 2561 vide
767 2541 829 2562 ver.
847 2532 922 2562 383.

250 2581 365 2621 Egeria
381 2591 452 2611 mox
471 2580 613 2621 Nympha
625 2587 678 2611 aut
690 2581 754 2610 Dea
769 2587 920 2620 vocatur3

250 2639 323 2659 mox
342 2628 445 2660 Musis
463 2635 708 2666 annumeratur;
736 2630 873 2671 Dionys.
891 2629 924 2662 ii.

252 2678 306 2709 60.
352 2677 382 2708 A
402 2678 472 2709 Liv.
493 2678 514 2709 i.
529 2680 583 2709 21.
602 2678 738 2710 concilia
757 2679 923 2710 Musarum

252 2737 324 2758 cum
340 2726 453 2769 Egeria
471 2735 693 2758 memorantur.
730 2726 820 2758 Idem
837 2738 921 2758 eam-

250 2775 322 2807 dem
351 2786 383 2808 et
411 2779 569 2818 conjugem
596 2776 709 2808 Numae
740 2783 844 2813 vocat,
868 2777 919 2808 ubi

974 690 1113 721 Strothio
1151 689 1220 720 liaec
1260 699 1319 719 vox
1348 688 1426 719 forte
1458 687 1524 718 sine
1554 697 1652 719 causa

975 747 1124 783 suspecta
1140 745 1219 771 erat.
1261 738 1442 770 Secundum
1460 737 1538 769 alios
1553 737 1651 780 scrip-

976 796 1057 821 tores
1073 800 1134 820 non
1156 789 1215 820 nisi
1237 793 1407 819 nocturnos
1429 797 1502 819 cum
1519 797 1558 819 ea
1577 797 1652 819 con·

976 850 1102 882 gressus
1123 838 1235 870 habuit
1250 838 1282 869 in
1304 844 1394 869 antro
1409 837 1560 880 quodam.
1605 837 1654 869 Ea

978 900 1062 920 nunc
1079 888 1243 921 commode
1259 888 1437 925 invocatur,
1449 887 1567 930 quippe
1578 898 1652 930 pars

978 939 1095 971 sabulae
1108 950 1175 981 seq.
1192 939 1244 970 De
1253 949 1371 969 nemore
1382 943 1414 969 et
1424 943 1532 980 stagno
1543 937 1654 969 Diome

978 1000 1050 1020 mox
1066 989 1168 1031 plura.
1186 989 1235 1019 Ibi
1248 987 1396 1030 Egeriam
1409 989 1529 1028 operari
1542 987 1654 1019 Dianae

978 1045 1063 1070 recte
1089 1038 1153 1070 dici
1184 1044 1279 1079 negat
1306 1038 1418 1069 Heius.
1443 1036 1520 1080 quia
1549 1037 1655 1080 potius

977 1089 1098 1130 gemitu
1118 1094 1298 1130 questuque
1319 1092 1339 1105 ‘¹
1353 1098 1445 1119 sacra
1463 1087 1579 1119 Dianai
1595 1087 1654 1118 im-

978 1138 1099 1181 pedit,”
1132 1140 1267 1170 Metam.
1298 1149 1352 1169 xv.
1386 1138 1464 1169 489.
1524 1138 1655 1178 Operari

978 1187 1073 1219 ctiam
1091 1195 1138 1219 est
1154 1198 1280 1230 operam
1297 1187 1394 1224 dare;
1425 1186 1480 1218 sed
1499 1193 1573 1218 tunc
1591 1187 1654 1218 fere

979 1247 1093 1269 nomen
1110 1237 1154 1268 rei
1171 1237 1311 1273 additur,
1327 1247 1390 1268 non
1409 1235 1482 1267 loci.
1527 1237 1577 1268 Ad
1600 1243 1656 1267 ιιιιι

969 1287 1064 1329 sacta
1090 1290 1170 1324 veni,
1198 1287 1274 1318 ades
1304 1286 1344 1318 ad
1379 1286 1464 1317 sacta
1492 1292 1548 1317 tua
1577 1285 1655 1317 mihi

980 1337 1227 1380 suppeditanda.

1024 1388 1210 1418 263—275.
1248 1386 1372 1417 Nemus
1405 1386 1520 1417 Dianae
1561 1396 1657 1429 prope

981 1436 1135 1473 Ariciam,
1149 1437 1257 1467 urbem
1276 1435 1370 1472 Latii,
1387 1442 1419 1467 et
1434 1435 1466 1466 iu
1482 1446 1519 1467 eo
1535 1436 1656 1478 Egeriae

982 1486 1050 1517 fons
1071 1485 1271 1518 describitur.
1317 1485 1411 1518 Conf.
1427 1486 1510 1517 Met.
1527 1497 1578 1517 xv.
1595 1487 1659 1518 479

981 1547 1064 1579 sqq;
1087 1537 1178 1579 Virg.
1202 1537 1277 1567 AEn.
1299 1536 1351 1566 vii.
1374 1537 1434 1567 761
1461 1547 1533 1578 sqq.
1557 1543 1589 1568 et
1609 1536 1657 1568 in-

982 1586 1091 1629 primis
1107 1587 1231 1622 Strabo,
1248 1586 1304 1617 lib.
1321 1598 1349 1617 v.
1368 1597 1441 1629 pag.
1457 1587 1535 1617 239.
1583 1587 1657 1618 Non

983 1637 1119 1679 pertinet
1135 1636 1185 1668 hic
1202 1636 1290 1668 locus
1306 1636 1347 1667 ad
1363 1647 1440 1673 rem,
1454 1635 1510 1667 sed
1524 1636 1661 1668 insertus

982 1693 1030 1718 est
1051 1686 1213 1718 varietatis
1231 1692 1262 1717 et
1283 1687 1380 1729 copiae
1402 1696 1512 1718 causa.
1556 1686 1660 1730 I'rope

983 1737 1134 1773 Ariciam,
1166 1737 1224 1768 sub
1253 1735 1382 1767 Albano
1412 1742 1530 1772 monte,
1557 1749 1662 1769 nemus

983 1792 1052 1817 erat
1074 1796 1146 1816 cum
1170 1786 1252 1822 lacu,
1268 1786 1300 1816 in
1321 1796 1385 1827 quo
1409 1796 1534 1817 nemore
1554 1786 1661 1818 Diana

984 1836 1147 1867 colebatur
1166 1835 1331 1878 peregrino
1350 1845 1448 1871 more,
1465 1835 1520 1877 qui
1534 1836 1662 1878 Scythi-

985 1895 1058 1916 cum
1088 1883 1184 1916 ritum
1213 1884 1381 1916 referebat.
1429 1883 1514 1916 Hinc
1552 1884 1663 1918 fabula

986 1943 1061 1967 nata
1088 1935 1213 1967 videtur
1249 1935 1290 1966 de
1320 1935 1428 1966 Diana
1453 1934 1592 1968 Taurica
1621 1937 1662 1968 ab

986 1986 1112 2022 Oreste,
1127 1985 1273 2016 Thoante
1293 1995 1367 2026 rege
1387 1985 1564 2022 interfecto,
1584 1985 1661 2018 illuc

987 2034 1150 2065 translata.
1196 2035 1235 2065 In
1261 2034 1373 2066 eodem
1400 2034 1521 2077 templo
1545 2035 1662 2068 Dianae

988 2083 1078 2115 heros
1092 2083 1243 2125 indigena
1260 2083 1392 2115 Virbius
1411 2083 1527 2121 cultus,
1542 2095 1581 2116 ex
1597 2096 1662 2128 quo

988 2133 1117 2165 seriores
1130 2133 1333 2175 Hippolytum
1345 2134 1461 2165 fecere.
1485 2134 1562 2166 Vid.
1574 2135 1665 2178 Hey·

989 2183 1033 2214 nii
1044 2184 1122 2214 Exc.
1135 2183 1200 2214 viii.
1212 2183 1252 2214 ad
1267 2185 1344 2215 AEn.
1358 2183 1411 2215 vii.
1435 2183 1486 2215 De
1499 2183 1662 2227 Hippolyti

991 2233 1062 2263 fatis
1076 2241 1107 2264 et
1125 2232 1205 2264 tristi
1227 2241 1326 2264 morte
1343 2233 1406 2264 vid.
1426 2233 1467 2264 ad
1484 2234 1568 2265 Met.
1585 2234 1664 2267 dict.

990 2283 1053 2313 loc.
1083 2283 1199 2319 Furiis,
1217 2282 1332 2320 furore,
1350 2282 1479 2325 gravius
1493 2289 1540 2315 est
1555 2294 1664 2326 quam,

991 2332 1076 2373 quod
1092 2332 1165 2363 olim
1186 2332 1351 2369 edebatur,
1370 2333 1452 2370 loris,
1468 2343 1663 2376 quamquam

992 2382 1076 2424 apud
1106 2382 1184 2413 alios
1208 2388 1351 2414 auctores
1376 2384 1509 2414 tororum
1538 2394 1665 2426 quoque

992 2432 1109 2462 mentio
1129 2432 1175 2469 fit,
1194 2432 1244 2463 ubi
1268 2431 1435 2474 Hippolyti
1460 2441 1569 2464 necem
1590 2443 1664 2464 nar-

992 2487 1073 2512 rant.
1119 2481 1291 2523 Sequentia
1315 2482 1411 2512 vullis
1430 2483 1532 2512 initur
1553 2481 1668 2524 (vulgo

991 2530 1116 2571 aditur)
1135 2533 1227 2572 equis,
1244 2537 1331 2562 notat
1350 2531 1446 2562 etiam
1467 2530 1535 2574 ipse
1551 2531 1667 2573 virgil.

991 2590 1089 2611 causa
1112 2581 1240 2612 addita:
1273 2580 1402 2612 “Unde
1428 2581 1523 2612 etiam
1548 2581 1663 2612 Triviae

992 2630 1110 2672 templo
1140 2630 1283 2673 lucisque
1309 2631 1440 2662 sacratis
1470 2630 1666 2674 Cornipedes

991 2687 1137 2710 arcentur
1176 2680 1262 2722 equi,
1289 2681 1373 2722 quod
1410 2680 1502 2712 litore
1539 2691 1665 2712 currum

992 2730 1030 2759 Et
1053 2730 1204 2771 juvenem
1224 2730 1370 2762 monstris
1394 2730 1501 2773 pavidi
1524 2730 1664 2762 effudere

991 2779 1154 2811 marinis-’³
