1830 3220
263 384 606 440 PUBLII
665 389 988 444 OVIDII
1046 393 1478 448 NASONIS

600 542 1136 607 PASTORUM

538 690 784 733 LIBER
830 692 1202 736 TERTIUS.

735 842 1001 875 -*—

153 953 499 1026 BELLICE,
528 971 773 1036 depositis
799 973 984 1037 clypeo
1010 974 1269 1039 paulisper
1295 982 1346 1024 et
1370 975 1534 1034 hasta,

221 1044 380 1103 Mars,
409 1047 560 1107 ades;
603 1058 655 1098 et
679 1051 864 1099 nitidas
891 1053 1090 1100 casside
1116 1054 1252 1101 solve
1280 1071 1470 1103 comas.

153 1121 386 1173 Forsitan
412 1127 520 1191 ipse
548 1145 711 1191 roges,
740 1130 864 1193 quid
890 1130 955 1178 sit
979 1147 1097 1178 cum
1124 1130 1291 1179 Marte
1318 1140 1511 1197 poetae:

215 1202 261 1249 A
288 1211 353 1259 te,
382 1205 469 1268 qui
495 1207 707 1264 canitur,
736 1209 940 1256 nomina
964 1210 1153 1257 mensis
1180 1210 1352 1258 habet.

148 1280 268 1346 Ipse
294 1283 434 1331 vides
461 1285 694 1334 manibus
722 1287 895 1351 peragi
920 1287 1025 1335 fera
1049 1288 1184 1335 bella
1209 1287 1484 1337 Minervae:
1542 1292 1572 1336 5

216 1360 355 1408 Num
381 1362 548 1410 minus
574 1363 807 1427 ingenuis
834 1365 1026 1413 artibus
1054 1365 1140 1412 illa
1163 1366 1350 1412 vacat?

148 1438 373 1487 Palladis
400 1442 654 1506 exemplo,
683 1444 932 1507 ponendae
958 1451 1189 1508 tempora
1215 1460 1359 1491 sume

215 1518 488 1583 Cuspidis:
529 1520 755 1569 invenies
781 1529 833 1569 et
858 1522 995 1585 quod
1022 1522 1226 1569 inermis
1252 1538 1391 1585 agas.
1453 1522 1569 1585 [dos

142 1596 272 1645 Tum
294 1614 499 1662 quoque
516 1599 720 1649 inermis
737 1617 865 1657 eras,
887 1617 1046 1665 quum
1069 1607 1120 1649 te
1144 1600 1379 1648 Romana
1398 1616 1565 1648 sacer-

211 1676 382 1742 Cepit,
411 1684 467 1725 ut
491 1677 607 1726 huic
635 1679 745 1726 urbi
771 1679 965 1727 semina
990 1679 1146 1742 digna
1169 1679 1334 1726 dares.
1503 1681 1564 1725 10

188 1803 282 1833 1—8.
309 1802 424 1833 DIartis
439 1802 617 1843 invocatio]
645 1802 690 1833 Ut
704 1802 775 1833 libri
792 1803 814 1833 i.

139 1858 172 1883 et
188 1852 232 1883 iv.
249 1851 339 1883 initia
359 1852 435 1884 Jani
457 1858 488 1883 et
510 1852 646 1883 Veneris
666 1852 818 1883 laudibus

138 1903 239 1940 dedit,
255 1903 299 1934 sic
320 1913 416 1938 nunc,
432 1903 586 1934 Martium
602 1913 743 1934 mensem
760 1903 813 1934 de-

137 1954 273 1985 scribere
285 1953 484 1996 aggrediens,
498 1953 642 1989 Martem,
652 1952 706 1994 qui
723 1953 816 1984 modo

136 2004 310 2036 advenerat
338 2003 374 2034 ii.
414 2005 488 2035 861.
519 2003 671 2046 appellat,
702 2014 813 2045 quam-

137 2065 235 2097 quam
260 2054 366 2085 Deum
387 2053 489 2096 poetis
509 2052 660 2089 alienum,
684 2063 812 2095 compa-

136 2104 258 2136 ratione
274 2114 346 2135 cum
370 2104 515 2134 Minerva
534 2103 698 2134 commode
716 2103 811 2135 facta.

136 2155 231 2186 Pacis
245 2165 324 2196 opus
343 2153 492 2185 tractanti
508 2153 584 2184 dum
606 2153 693 2184 Mars
710 2153 810 2190 adest,

136 2210 172 2236 ut
187 2206 316 2244 deponat
331 2214 418 2235 arma
431 2210 569 2245 rogatur,
583 2203 668 2245 quod
684 2203 769 2234 idem
779 2210 810 2235 et

134 2254 347 2297 respirationis
358 2264 456 2285 causa
464 2253 541 2284 facit
552 2265 561 2292 3
577 2253 697 2284 Statius
707 2253 809 2284 Theb.

135 2303 189 2335 vii.
208 2305 258 2335 10.
296 2304 412 2335 Confer
426 2303 507 2335 infra
522 2314 585 2334 ver.
606 2303 680 2333 171.
697 2302 751 2334 ubi
768 2314 807 2334 ex

134 2360 224 2397 parte
239 2360 329 2396 paret
344 2353 491 2396 precibus
506 2359 621 2396 poetae.
646 2355 671 2384 A
688 2360 727 2390 te,
741 2359 806 2384 etc.

132 2416 196 2436 non
219 2404 312 2435 docet
334 2405 487 2439 Martem,
512 2403 595 2434 unde
615 2403 731 2434 mensis
751 2414 805 2434 no-

133 2465 209 2486 men
230 2455 358 2491 habeat,
375 2454 431 2485 sed
451 2454 510 2484 hoc
530 2453 589 2484 sibi
605 2452 694 2484 vult:
722 2452 807 2484 adsis

130 2505 222 2541 mihi,
241 2504 299 2536 hoc
315 2505 399 2535 enim
410 2504 478 2546 jam
494 2514 564 2545 ago,
582 2509 616 2534 ut
630 2513 771 2534 mensem
788 2513 807 2534 a

131 2562 162 2588 te
178 2555 300 2587 dictum
316 2565 440 2586 canam.
471 2555 628 2590 Manibus,
644 2554 759 2585 virtute
775 2560 806 2585 et

131 2606 238 2638 armis.
284 2605 368 2636 Vide
390 2605 478 2636 Cort.
505 2604 546 2635 ad
571 2603 701 2634 Sallust.
728 2604 806 2646 Jug.

131 2656 243 2688 xxxix.
258 2656 286 2686 l.
310 2656 433 2687 Sumere
442 2661 574 2695 tempora
582 2653 804 2690 bonalocutio,

131 2706 172 2737 de
196 2717 261 2748 qua
284 2704 441 2742 Vorsffius,
464 2704 503 2735 de
529 2703 702 2735 Latinitate
726 2703 804 2734 falso

130 2763 290 2800 suspecta,
324 2766 395 2798 cap.
428 2756 480 2787 15.
530 2755 670 2785 Palladis
697 2759 802 2786 autem

886 1803 1068 1846 exemplum
1098 1813 1194 1844 quam
1228 1803 1291 1833 vim
1331 1802 1460 1838 habeat,
1490 1801 1563 1833 vide

885 1865 950 1885 ver.
966 1854 1039 1885 176.
1066 1854 1220 1888 Invenies,
1239 1858 1303 1883 etc.
1328 1852 1380 1883 Sic
1393 1851 1558 1883 commode

885 1903 968 1935 viam
987 1903 1047 1934 sibi
1063 1902 1167 1933 munit
1183 1902 1224 1933 ad
1240 1913 1312 1944 sqq.

926 1955 959 1986 9.
985 1953 1127 1984 Primum
1145 1954 1235 1983 Mars
1253 1951 1452 1993 recognoscit
1466 1962 1558 1983 suum

881 2004 1017 2042 furtum3
1045 2013 1190 2034 accessus
1201 2002 1269 2044 ejus
1280 2001 1321 2033 ad
1337 2001 1469 2032 Silviam
1486 2001 1557 2032 dor-

881 2053 1032 2084 mientem
1047 2051 1080 2083 in
1095 2051 1233 2083 nummis
1248 2062 1374 2093 quoque
1390 2061 1557 2093 expressus

880 2109 940 2135 est.
988 2104 1104 2134 Noster
1127 2101 1304 2145 phantasiae
1325 2112 1390 2132 suae
1413 2111 1472 2143 ope
1490 2111 1555 2132 rem

879 2154 1055 2186 exornavit.
1091 2154 1233 2185 Vocatur
1250 2152 1391 2182 Romana
1405 2153 1555 2187 sacerdos,

880 2209 1036 2246 quatenus
1054 2202 1128 2234 inde
1145 2201 1231 2244 origo
1251 2201 1390 2232 Romani
1409 2200 1556 2232 nominis.

878 2255 985 2286 Etiam
1005 2253 1167 2289 Horatius,
1183 2252 1247 2283 III.
1270 2252 1334 2284 Od.
1348 2252 1392 2283 ix.
1411 2253 1443 2283 8.
1491 2251 1553 2282 Ro-

877 2316 967 2335 mana
985 2303 1058 2334 Ilia.
1094 2303 1225 2338 Moneri,
1242 2301 1394 2344 incipere.
1431 2300 1552 2338 Livius,

879 2354 914 2386 ii.
931 2356 984 2386 58.
1001 2358 1021 2371 “
1037 2358 1166 2389 motam,
1180 2358 1317 2393 coeptam,
1330 2351 1489 2383 remittere
1505 2351 1552 2382 in-

877 2404 1031 2436 dustriam
1044 2404 1074 2443 ;’'
1107 2415 1137 2434 ν.
1164 2403 1218 2434 24.
1248 2413 1363 2434 movere
1391 2404 1549 2439 actionem,

876 2454 1026 2496 incipere.
1071 2453 1218 2484 Solemne
1239 2463 1354 2483 munus
1369 2451 1550 2483 Vestalium

875 2510 942 2536 erat
957 2515 1050 2545 aquas
1066 2510 1168 2543 petere
1185 2501 1225 2533 ad
1241 2513 1328 2533 sacra
1343 2511 1422 2532 vasa
1439 2500 1550 2532 lavan-

875 2554 927 2590 da,
950 2560 982 2585 et
999 2552 1176 2596 penetralia
1197 2551 1362 2583 lustranda
1374 2563 1382 2590 3
1405 2551 1438 2581 in
1453 2561 1549 2592 quem

874 2615 965 2635 usum
993 2604 1030 2634 iis
1063 2604 1172 2634 Numa
1209 2602 1327 2632 fontem
1366 2599 1552 2642 assignavit.

877 2653 1042 2686 Plutarch.
1058 2654 1156 2684 Num.
1176 2651 1226 2683 13.
1250 2651 1312 2683 Sed
1327 2651 1441 2682 frustra
1457 2660 1545 2692 quae-

873 2709 956 2740 runt,
972 2703 1058 2735 unde
1073 2703 1172 2735 Silvia
1188 2701 1340 2734 hauserit.
1370 2701 1436 2732 Res
1452 2700 1544 2731 Albae

872 2759 959 2795 gesta
972 2758 1032 2784 est.
