1809 3220
193 206 280 248 110

584 202 636 243 P.
670 199 891 243 OVIDII
926 200 1212 244 NASONIS

196 322 350 379 Quid,
376 320 551 376 victor,
578 318 805 383 gaudes?
842 318 951 366 haec
979 325 1029 368 te
1054 318 1266 368 victoria
1289 319 1501 384 perdet:

263 399 381 449 Heu
407 405 598 463 quanto
625 396 794 461 regnis
821 413 923 445 nox
949 397 1095 446 stetit
1120 413 1222 445 una
1246 397 1374 445 tuis!

192 479 414 542 Jamque
439 484 548 526 erat
572 483 682 525 orta
705 475 846 524 dies:
888 475 1053 540 passis
1081 475 1229 524 sedet
1254 475 1341 524 illa
1364 475 1583 540 capillis,

268 556 338 603 Ut
364 556 494 603 solet
519 554 583 602 ad
603 553 710 601 nati
735 560 898 601 mater
924 553 1056 602 itura
1080 570 1258 617 rogum
1283 570 1293 601 ε

197 634 645 696 Grandaevumque
670 639 869 696 patrem
892 631 995 680 fido
1020 648 1137 680 cum
1163 634 1383 696 conjuge
1409 632 1588 680 castris

264 712 488 770 Evocat;
531 719 582 759 et
607 710 775 775 posita
799 711 938 759 venit
963 718 1177 776 uterque
1204 727 1361 760 mora.

1523 714 1621 759 816

198 791 375 856 thue
399 791 576 839 vident
613 789 862 845 habitum,
894 806 1009 854 quae
1043 790 1212 838 luctus
1247 806 1421 848 causa,
1453 789 1624 854 requi-

268 871 366 919 Cui
388 877 532 935 paret
546 869 839 933 exsequias,
861 886 1026 934 quove
1046 870 1112 918 sit
1132 871 1233 918 icta
1259 870 1424 918 malo?
1453 870 1620 933 [runt3

199 949 295 998 Illa
319 949 406 996 diu
426 949 623 1004 reticet,
652 948 1059 1012 pudibundaque
1085 949 1218 997 celat
1238 948 1427 997 amictu

268 1028 401 1076 Ora:
424 1027 590 1074 fluunt
614 1027 1023 1092 lacrymae,more
1044 1027 1282 1091 perennis
1303 1043 1468 1091 aquae.
1523 1029 1623 1074 820

196 1106 331 1154 Hinc
345 1112 507 1171 pater,
520 1105 637 1152 hinc
654 1106 844 1168 conjux
856 1105 1108 1170 lacrymas
1125 1106 1376 1164 solantur;
1393 1112 1445 1154 et
1459 1111 1621 1162 orant,

266 1184 494 1232 Indicet:
525 1191 578 1232 et
603 1199 740 1231 caeco
766 1183 995 1248 flentque
1023 1193 1317 1250 paventque
1343 1191 1500 1234 metu.

196 1263 296 1312 Ter
321 1270 504 1311 conata
524 1263 683 1327 loqui,
707 1270 783 1310 ter
808 1263 1006 1311 destitit
1027 1280 1038 1311 z
1069 1279 1298 1328 ausaque
1323 1270 1522 1328 quarto,

266 1341 384 1389 Non
411 1342 586 1389 oculos
613 1341 741 1389 adeo
768 1342 978 1389 sustulit
1002 1343 1089 1390 illa
1115 1359 1250 1391 suos.

198 1419 312 1468 Hoc
330 1436 537 1484 quoque
554 1419 831 1484 Tarquinio
847 1421 1178 1469 debebimus?
1199 1422 1426 1486 eloquar,
1438 1419 1623 1485 inquit,

268 1497 494 1561 Eloquar
519 1497 696 1546 infelix
721 1498 947 1547 dedecus
974 1500 1085 1565 ipsa
1109 1516 1297 1548 meum.

1526 1501 1623 1548 826

197 1575 434 1640 Quaeque
459 1584 629 1642 potest
654 1584 850 1626 narrat:
881 1579 1143 1626 restabant
1168 1579 1374 1637 ultima3
1410 1577 1566 1634 flevit,

267 1654 335 1703 Et
360 1656 666 1704 matronales
692 1656 941 1705 erubuere
967 1674 1126 1721 genae.

199 1732 340 1781 Dant
362 1734 562 1782 veniam
587 1734 721 1782 facto
747 1735 944 1797 genitor
969 1737 1265 1800 conjuxque
1289 1741 1485 1784 coacto.

268 1811 451 1869 Quam,
479 1812 625 1870 dixit,
652 1813 852 1862 veniam
878 1831 965 1863 vos
991 1815 1141 1873 datis,
1170 1815 1282 1880 ipsa
1307 1831 1455 1879 nego.

242 2003 320 2034 815.
349 2003 473 2035 Patrem
497 2004 602 2035 Roma
625 2006 782 2042 evocavit,
799 2016 875 2037 auc—

198 2059 264 2085 tore
288 2053 393 2084 Livio.
433 2054 531 2097 Apud
556 2054 693 2097 Dionys.
716 2055 785 2098 ipsa
811 2067 877 2087 car-

199 2109 295 2145 pento
328 2103 454 2134 vehitur
490 2105 627 2135 Romam
666 2105 706 2136 ad
741 2112 876 2148 patrem.

201 2153 328 2191 Evocat,
359 2154 414 2196 qui
445 2154 586 2196 aliquem
615 2154 745 2186 aliunde
773 2156 814 2187 ad
843 2167 877 2188 se

197 2203 306 2234 venire
342 2204 446 2246 jubet.
502 2204 581 2239 Icta,
612 2215 775 2246 percussa,
806 2217 876 2248 per-

201 2253 304 2284 culsa.
352 2253 519 2294 Lat-rymas
546 2255 643 2285 verbo
669 2255 798 2297 attingit
824 2256 877 2286 Li-

202 2303 283 2339 vius,
314 2303 369 2345 qui
405 2304 506 2334 multo
535 2304 649 2335 melius
679 2305 819 2337 animum
846 2312 878 2337 et

202 2353 353 2385 affectum
369 2354 510 2385 mulieris
525 2365 685 2396 generosoe
697 2355 877 2398 descripsit.

202 2403 331 2433 Etenim
357 2403 521 2435 mulierem
543 2404 586 2434 nil
612 2405 671 2435 nisi
699 2405 877 2447 lacryman-

202 2459 266 2484 tem
287 2458 321 2484 et
343 2464 394 2484 res
414 2459 522 2495 turpes
542 2454 648 2495 eloqui
666 2454 877 2493 dubitantem,

202 2508 269 2533 tum
288 2502 371 2534 viros
394 2503 628 2544 lacrymantem
655 2504 795 2536 solantes
820 2517 875 2536 no-

203 2559 270 2584 tare
297 2553 370 2595 quis
390 2564 450 2584 non
475 2552 585 2584 valet}
616 2554 758 2596 lneptior
783 2557 879 2587 etiam

202 2602 364 2634 inducitur
387 2613 406 2634 a
422 2603 557 2644 Dionys.
574 2603 680 2634 Halic.
717 2604 812 2636 Tales
828 2605 877 2636 in-

201 2652 297 2695 eptiae
327 2652 478 2684 facillime
510 2652 687 2684 sentiuntur
716 2665 879 2697 compara—

205 2701 291 2733 tione
335 2713 408 2734 cum
451 2702 599 2745 exemplo
636 2702 751 2734 illustri
789 2705 877 2736 insti-

203 2757 286 2784 tuta.

252 2804 328 2835 821.
344 2803 512 2846 anrymas
531 2806 637 2841 solari,
655 2805 810 2837 consolari
833 2807 879 2837 la—

1525 1817 1623 1863 830

946 2017 1070 2049 crymas
1086 2006 1285 2043 fundentem,
1299 2007 1386 2037 bona
1401 2004 1533 2038 locutio.
1561 2006 1628 2037 Ca:-

945 2069 1010 2093 cus,
1027 2058 1120 2100 cujus
1135 2067 1234 2089 causa
1252 2057 1341 2088 latet.

990 2108 1065 2139 825.
1093 2107 1159 2138 Hoc
1190 2106 1331 2148 Neapol.
1359 2106 1450 2138 intel.
1480 2111 1626 2148 stuprum

946 2156 1087 2196 illatum3
1123 2158 1294 2189 Constant.
1318 2157 1456 2188 Paneas.
1482 2161 1516 2187 et
1541 2157 1626 2188 Bur-

947 2217 1033 2238 man.
1056 2218 1129 2239 vero
1155 2207 1319 2249 eloquium
1342 2206 1428 2238 illius
1450 2206 1628 2238 dedecoris.

949 2257 1027 2294 Hoc,
1044 2257 1130 2300 quod
1154 2267 1248 2299 cogor
1270 2256 1339 2299 ipsa
1359 2256 1501 2288 dedecus
1519 2266 1626 2287 meum

948 2307 1067 2349 eloqui.
1111 2307 1223 2338 Minus
1252 2306 1437 2338 verecunda
1465 2312 1515 2338 est
1541 2306 1628 2348 apud

948 2357 1085 2401 Dionys.
1102 2357 1156 2389 ubi
1182 2356 1268 2400 λέγει
1290 2358 1389 2389 ἅπαν
1410 2358 1448 2388 τὸ
1474 2358 1629 2399 πρᾶγμα,

946 2408 979 2443 «ἶὲ
1007 2408 1120 2450 ἀρχῆς
1144 2408 1385 2448 ἀναλαβοῦσα.
1425 2407 1525 2449 Apud
1554 2407 1626 2439 Liv.

948 2459 1118 2500 eloquitur,
1131 2470 1203 2501 quae
1219 2459 1299 2490 scire
1314 2469 1394 2500 opus
1409 2463 1494 2489 erat:
1511 2462 1532 2476 '⁶
1547 2457 1628 2489 Ves-

949 2509 1025 2550 tigia
1055 2508 1111 2539 viri
1143 2508 1252 2545 alieni,
1283 2508 1458 2545 Collatiae,
1482 2507 1514 2540 in
1544 2507 1629 2540 lecto

948 2564 1022 2589 sunt
1048 2560 1264 2590 tuo—Sextus
1286 2564 1335 2590 est
1353 2558 1558 2601 TarquiniuS‚
1573 2558 1629 2600 qui

948 2608 1048 2640 hostis
1063 2620 1122 2651 pro
1137 2609 1301 2652 hospite,’'
1319 2614 1382 2640 etc.

993 2660 1068 2690 829.
1084 2659 1172 2690 Dant
1185 2661 1315 2696 veniam,
1326 2659 1408 2700 etc.]
1421 2658 1543 2690 Melius
1552 2669 1627 2690 cou-

948 2709 1090 2741 solantur
1099 2720 1217 2752 aegrarn
1233 2709 1341 2747 animi,
1358 2709 1533 2741 avertendo
1549 2720 1626 2740 nox-

951 2770 1001 2790 am
1032 2761 1072 2791 ab
1101 2767 1213 2792 coacta
1246 2760 1278 2792 in
1304 2766 1464 2792 auctorem
1493 2759 1625 2791 delicti:

950 2816 1087 2841 mentem
1104 2821 1249 2853 peccare,
1267 2822 1328 2842 non
1343 2821 1468 2853 corpus.
