1830 3220
585 196 932 240 FASTORUM
971 197 1091 240 LIB.
1129 199 1211 242 IV.

1535 204 1621 245 185

192 310 409 377 Templa
426 314 576 377 jubet
602 313 788 362 Veneri
813 315 950 364 fieri:
984 316 1169 380 quibus
1196 317 1369 364 ordine
1396 317 1559 375 factis,

260 389 387 438 Inde
413 389 588 439 Venus
609 408 754 440 verso
780 394 984 442 nomina
1008 395 1161 442 corde
1186 402 1344 444 tenet.

1525 400 1618 446 160

191 467 407 534 Semper
429 469 492 517 ad
508 469 762 518 AEneadas
789 471 1008 536 placido,
1034 473 1389 537 pulcherrima,
1407 476 1549 524 vultu

258 545 508 612 Respice;
551 555 732 612 totque
759 555 889 605 tuas,
921 549 1066 607 Diva,
1091 558 1233 599 tuere
1259 568 1431 600 nurus.

190 623 326 672 Dum
346 625 555 689 loquor:
596 627 740 674 elatae
768 628 1072 676 metuendus
1095 629 1328 678 acumine
1354 631 1529 679 caudae

258 702 497 769 Scorpios
524 704 575 752 in
598 704 783 753 virides
810 706 1160 771 praecipitatur
1185 724 1362 772 aquas.

188 779 317 828 Nox
335 782 422 830 ubi
444 783 715 840 transierit,
738 783 1026 848 coelumque
1042 786 1311 835 rubescere
1330 787 1490 851 primo
1519 790 1610 835 165

256 860 499 926 Coeperit,
528 869 580 911 et
603 870 752 911 tactae
779 879 888 910 rore
915 871 1191 927 querentur
1217 880 1362 921 aves;

183 1097 290 1118 eorum
328 1088 466 1131 corrupti
497 1094 571 1121 sunt
609 1090 648 1121 ad
685 1090 861 1122 libidinem.

183 1137 263 1168 Labi
286 1136 326 1169 de
351 1138 455 1175 rebus,
475 1150 546 1181 quae
572 1138 604 1171 in
628 1138 767 1171 deterius
791 1151 859 1171 mu-

183 1193 310 1228 tantur;
349 1188 473 1225 Cicero,
504 1189 581 1232 Leg.
608 1189 641 1221 ii.
669 1191 727 1222 15:
768 1202 861 1222 mores

181 1238 258 1278 lapsi
295 1240 335 1269 ad
372 1240 550 1275 mollitiem,·
592 1239 700 1271 Livius
737 1241 860 1283 praefat.

182 1291 204 1306 “
218 1288 346 1320 labente
358 1289 513 1331 paulatim
525 1289 728 1332 disciplina‚'’
739 1297 770 1322 et
780 1302 859 1333 pau-

179 1337 210 1369 lo
233 1344 323 1381 post:
350 1344 370 1356 “
388 1345 422 1370 ut
444 1349 546 1371 mores
569 1340 670 1381 magis
691 1340 858 1383 magisque

180 1387 261 1430 lapsi
285 1388 384 1419 sint.’'
429 1389 545 1432 Neque
576 1391 636 1421 labi
661 1403 679 1421 a
703 1392 858 1431 pudicitia

179 1437 292 1469 vitiose
307 1438 449 1479 dictum3
474 1438 610 1477 Plinius,
626 1451 658 1471 v.
676 1439 779 1483 Epist.
799 1442 854 1472 1οε

178 1489 216 1518 ab
236 1489 289 1519 hoc
310 1489 474 1531 archetypo
490 1490 574 1521 labor
588 1497 618 1522 et
639 1492 757 1522 decido-
804 1491 857 1523 Sic

177 1537 276 1580 igitur
292 1539 365 1570 ferri
385 1539 454 1571 haec
473 1539 567 1571 lectio
590 1546 703 1583 potest.
748 1541 856 1573 Multo

177 1589 283 1620 minus
319 1589 480 1622 offendere
525 1601 721 1633 quemquam
759 1591 856 1623 debet

176 1639 379 1682 apostrophe,
403 1651 475 1683 quae
499 1645 548 1672 est
570 1640 604 1671 in
627 1652 704 1673 voce
729 1648 854 1673 veterem

177 1689 229 1720 De
248 1690 371 1721 Cumaea
386 1701 451 1721 anu
461 1690 535 1722 vide
552 1690 593 1721 ad
610 1691 692 1722 Met.
704 1690 769 1724 xiv.
783 1692 855 1723 101.

176 1739 281 1776 hebet,
307 1751 422 1783 nempe
448 1740 583 1782 Sibylla.
632 1741 760 1778 Ordine,
785 1741 855 1773 rite.

177 1789 338 1821 Caeterum
367 1791 545 1822 Pausanias
574 1791 682 1822 Boeot.
707 1802 779 1834 cap.
805 1793 854 1824 16.

175 1851 253 1882 pag.
270 1841 347 1873 742.
361 1841 586 1884 perantiquum
602 1841 727 1883 signum
744 1842 852 1874 Vene-

174 1890 216 1923 ris
239 1891 463 1935 Apostrophiae
494 1900 659 1929 memorat,
685 1891 852 1935 additque,

174 1952 245 1973 eam
261 1942 306 1974 sic
327 1942 458 1980 dictam,
474 1948 509 1974 ut
525 1942 670 1974 homines
685 1953 704 1973 a
718 1941 851 1975 libidine

172 1991 360 2023 inconcessa
369 1992 566 2035 impurisque
579 1992 672 2023 factis
683 1997 851 2024 averteret.

220 2042 296 2073 163.
337 2043 469 2074 Occasus
498 2043 616 2082 Scor-pii
646 2043 847 2084 matutinus]

173 2092 331 2124 Occidere
355 2099 498 2136 coeperat
513 2093 582 2135 jam
606 2093 646 2124 ad
668 2092 752 2124 diem
774 2092 850 2124 xvii.

171 2143 248 2175 Kal.
272 2143 414 2186 Aprilis3
438 2144 510 2176 vide
527 2143 573 2173 iii.
593 2144 667 2174 711.
714 2143 766 2174 De
790 2143 849 2174 hoc

171 2192 272 2225 sidere
305 2194 547 2225 accommodate
577 2194 617 2225 ad
643 2193 758 2235 scorpii
782 2193 849 2224 ani-

171 2243 265 2274 malis
280 2250 425 2275 naturam
442 2243 593 2286 loquitur.
634 2243 749 2275 Cauda
764 2243 849 2274 enim

170 2294 239 2336 ejus
257 2295 343 2326 elata
364 2294 397 2326 in
418 2300 583 2326 curvatam
604 2293 772 2336 cuspidem
793 2293 848 2325 de-

170 2343 257 2381 sinit,
272 2349 305 2375 et
320 2354 444 2386 semper
459 2343 492 2375 in
509 2349 596 2375 motu
612 2349 673 2380 est,
692 2353 731 2375 ne
746 2354 847 2385 quan-

170 2393 211 2425 do
239 2393 323 2426 desit
352 2393 535 2433 occasioni3
562 2394 697 2430 Plinius,
724 2394 767 2425 xi.
794 2395 847 2425 25.

170 2443 276 2474 Etiam
301 2444 439 2475 Metam.
458 2443 492 2475 ii.
511 2445 591 2476 199:
617 2445 749 2475 vulnera
774 2455 846 2475 cnr-

171 2500 241 2525 vata
256 2495 422 2524 minitatur
437 2495 568 2533 cuspidi.
614 2494 687 2530 Pro,
705 2493 763 2524 hoc
778 2492 846 2536 ipso

168 2543 233 2581 die,
256 2542 372 2574 maluit
390 2541 552 2574 varietatis
574 2553 683 2579 causa,
703 2544 777 2574 dum
803 2544 844 2574 lo-

168 2605 257 2636 quor.

216 2645 288 2676 165.
321 2643 442 2675 Nonar.
464 2641 507 2673 iv.
533 2642 697 2673 Pleiadum
725 2654 846 2675 occasus

167 2697 215 2727 vel
231 2696 378 2730 heliacus,
392 2695 439 2725 vel
454 2695 653 2734 vespertinus.
678 2692 765 2724 Illud
779 2693 846 2725 vult

169 2744 337 2787 Neapolis,
361 2744 420 2775 hoc
444 2743 644 2778 Taubnerus,
666 2741 720 2784 qui
745 2741 844 2775 helia-

169 2806 243 2827 cum
269 2801 340 2837 post
360 2794 490 2826 tertium
517 2792 647 2829 deinum
670 2793 757 2824 diem
779 2792 845 2824 fieri

217 2845 320 2876 VOL.
339 2846 378 2876 V.

931 1090 1108 1122 contendit.
1152 1091 1303 1127 Pleiades,
1323 1091 1435 1124 Latine
1459 1093 1609 1135 Vergilicr,

930 1145 1053 1182 septem
1074 1140 1176 1172 stellae
1192 1141 1225 1172 in
1241 1141 1334 1173 dorso
1344 1142 1453 1179 Tauri,
1470 1143 1612 1175 Atlantis

930 1189 1027 1228 ffliae;
1067 1189 1226 1232 Hyginus,
1267 1191 1330 1223 fab.
1364 1193 1435 1223 192.
1498 1193 1610 1223 Nox——

929 1250 1012 1279 οριιε.
1037 1239 1186 1271 Pluribus
1203 1245 1328 1282 tempus
1344 1242 1535 1273 matutinum
1552 1242 1608 1275 dc-

931 1289 1047 1330 signat.
1096 1290 1193 1325 Queri
1217 1290 1257 1322 de
1278 1299 1374 1323 cantu
1391 1292 1518 1332 avium3
1542 1294 1610 1325 Ho-

929 1344 989 1371 rat.
1011 1340 1114 1383 Epod.
1130 1339 1163 1372 ii.
1180 1341 1237 1372 26.
1264 1341 1451 1376 Queruntur
1472 1344 1506 1373 in
1527 1345 1610 1375 silvis

928 1401 1008 1421 aves.
1048 1390 1154 1422 Etiam
1181 1390 1220 1423 de
1247 1391 1335 1423 molli
1357 1398 1389 1423 et
1411 1393 1499 1424 suavi
1522 1393 1608 1425 tibiae

928 1451 1003 1472 sono
1019 1440 1154 1481 dicitur3
1179 1442 1357 1479 Lucretius,
1374 1443 1416 1474 iv.
1433 1444 1514 1482 5883
1539 1444 1608 1475 Ho-

927 1490 1037 1528 ratius,
1061 1491 1126 1522 ΙΙΙ.
1150 1491 1215 1523 Od.
1235 1492 1290 1523 vii.
1309 1494 1363 1524 30.
1410 1494 1462 1525 De
1478 1493 1608 1536 facibus

926 1540 1083 1573 viatorum
1105 1542 1178 1573 vide
1201 1543 1243 1574 ad
1266 1542 1301 1574 ii.
1322 1545 1397 1575 500.
1444 1544 1607 1582 Humerus,

925 1595 989 1622 etc.
1013 1591 1118 1628 Atlas,
1140 1591 1308 1624 Pleiadum
1339 1600 1440 1635 pater,
1469 1594 1608 1626 humeris

924 1646 1030 1682 gestat
1053 1642 1185 1673 coelum.
1232 1641 1298 1674 Ubi
1319 1642 1416 1685 igitur
1432 1643 1505 1675 filiae
1523 1645 1606 1676 occi-

924 1690 1017 1727 dunt,
1030 1691 1155 1734 paterni
1166 1692 1290 1723 humeri
1306 1693 1497 1726 relevantur.
1521 1694 1606 1727 Con-

924 1746 983 1778 tra,
1000 1752 1098 1784 quum
1121 1753 1236 1774 novum
1261 1743 1349 1775 sidus
1365 1744 1449 1775 coelo
1465 1744 1605 1783 additur,

923 1792 1014 1822 Atlas
1034 1794 1127 1823 sentit
1145 1794 1289 1833 pondus;
1314 1794 1453 1825 Metam.
1469 1793 1512 1826 ix.
1528 1796 1605 1826 273.

923 1841 1004 1878 Quae
1030 1841 1098 1884 jam
1129 1841 1168 1873 de
1202 1842 1384 1874 nominibus
1410 1850 1443 1874 et
1471 1854 1603 1876 numero

922 1889 1092 1922 Pleiadum
1113 1898 1339 1929 memorantur,
1355 1892 1387 1924 in
1409 1893 1448 1924 iis
1471 1904 1606 1926 consen·

922 1940 961 1971 tit
976 1941 1093 1972 Noster
1115 1952 1188 1973 cum
1214 1942 1345 1984 reliquis
1364 1943 1556 1986 mythologis
1572 1951 1604 1977 et

921 1989 1109 2022 astronomis
1123 2002 1132 2029 ;
1149 1991 1222 2022 vide
1234 1991 1414 2034 Hyginum,
1429 1992 1495 2025 fab.
1511 1995 1602 2033 192.;

920 2040 1011 2071 Poet.
1030 2041 1119 2072 Astr.
1137 2041 1170 2072 ii.
1186 2043 1241 2072 21.
1259 2048 1302 2079 et,
1320 2053 1390 2084 quae
1408 2042 1449 2074 ad
1464 2043 1599 2086 priorem

920 2090 1025 2122 locum
1054 2091 1233 2123 Munkerus
1265 2092 1406 2134 collegit.
1453 2094 1602 2136 Hyginus

920 2140 1010 2182 ipse:
1044 2145 1064 2158 ‘³
1087 2142 1156 2174 Nec
1187 2153 1330 2185 unquam
1369 2143 1464 2175 ullius
1499 2145 1601 2176 oculis

919 2197 1041 2222 certum
1063 2197 1121 2229 est,
1138 2202 1193 2223 sex
1216 2202 1256 2224 an
1277 2198 1399 2235 septem
1416 2193 1600 2226 existimen-

919 2241 1006 2273 tur.'’
1052 2241 1160 2273 Schol.
1187 2241 1318 2273 Pindari
1348 2243 1389 2274 ad
1418 2243 1515 2275 Nem.
1546 2246 1599 2277 13.

919 2290 963 2322 ait
977 2292 1064 2323 κατὰ
1080 2292 1145 2331 τὴν
1157 2291 1306 2334 ἱστορίαν
1320 2303 1390 2324 esse
1405 2300 1527 2334 septem,
1540 2294 1597 2326 sed

918 2342 1003 2373 κατὰ
1028 2342 1094 2381 τὴν
1116 2341 1197 2384 ὄψιν
1219 2354 1280 2374 sex.
1320 2343 1402 2374 Inde
1427 2343 1487 2375 hoc
1511 2344 1599 2375 sidus

917 2391 1015 2423 etiam
1030 2391 1204 2434 ἑξάστερον
1218 2392 1352 2424 dictum.
1390 2393 1510 2425 Omnes
1525 2405 1597 2437 por-

916 2452 949 2472 ro
961 2441 1168 2479 dubitabant,
1183 2442 1352 2474 obscurata
1363 2442 1458 2474 stella
1469 2443 1597 2475 Electra

917 2497 1011 2528 esset,
1027 2502 1069 2523 an
1091 2492 1237 2535 Merope.
1284 2492 1407 2532 Sterope
1435 2493 1596 2524 nonnullis

916 2543 1060 2582 Asterope
1083 2542 1241 2574 scribitur.
1281 2542 1370 2577 Quod
1395 2542 1492 2583 Trqjae
1512 2554 1595 2583 spec-

916 2599 983 2623 tare
1000 2593 1110 2624 ‘ruinas
1130 2604 1191 2623 non
1213 2593 1301 2628 tulit,
1318 2598 1385 2630 aut,
1400 2592 1497 2635 quod,
1513 2603 1596 2624 moe-

915 2652 987 2674 rens
1009 2643 1061 2674 Ilii
1084 2642 1256 2678 excidium,
1275 2653 1293 2673 a
1309 2642 1432 2674 choreis
1451 2652 1590 2673 sororum

913 2703 946 2724 se
971 2693 1118 2730 removit,
1142 2699 1240 2735 atque
1262 2693 1295 2723 in
1319 2693 1440 2724 circulo
1463 2691 1594 2722 Arctico

913 2743 1016 2784 passis
1040 2743 1165 2786 capillis
1189 2742 1342 2779 constitit,
1369 2742 1451 2773 unde
1476 2742 1503 2772 ei
1529 2741 1594 2772 Co-

914 2799 1007 2824 metae
1025 2803 1140 2824 nomen
1155 2793 1291 2824 inditum
1305 2804 1314 2830 3
1338 2791 1496 2833 Hyginus.

1052 2844 1078 2872 Β
1095 2843 1115 2872 1)
