1809 3220
188 201 275 244 112

590 199 641 240 P.
675 196 894 240 OVIDII
930 195 1216 239 NASONIS

190 318 391 366 Vulnus
416 317 565 364 inane
590 322 761 380 patet:
795 314 987 362 Brutus
1013 313 1234 360 clamore
1261 310 1488 366 Quirites

259 396 517 450 Concitat,
545 401 597 442 et
621 393 754 457 regis
779 392 914 441 facta
939 390 1160 440 nefanda
1184 389 1353 438 refert.

1514 391 1613 436 850

189 472 496 538 Tarquinius
522 487 638 520 cum
663 471 804 536 prole
825 470 982 533 fugit:
1022 468 1160 533 capit
1185 483 1354 516 annua
1377 467 1557 516 consul

257 551 410 599 Jura:
440 551 549 598 dies
575 549 744 613 regnis
770 549 857 596 illa
877 563 1117 612 suprema
1141 546 1252 594 fuit.

191 628 539 678 FALLIMUR?
577 643 640 676 an
666 626 796 675 veris
824 625 1110 691 praenuntia
1134 625 1273 673 venit
1298 623 1529 680 hirundo,

261 707 328 756 Et
352 707 550 764 metuit,
578 724 641 755 ne
668 722 771 771 qua
790 721 935 754 versa
960 712 1185 753 recurrat
1209 704 1407 752 hiems?

194 787 345 851 Saepe
384 793 571 842 tamen,
614 784 831 841 Procne,
872 783 1085 832 nimium
1136 797 1438 848 properasse
1489 796 1613 845 que-

396 863 519 912 reris
537 863 556 911 ἲ

258 942 452 1006 Virque
477 949 565 989 tuo
590 939 783 989 Tereus
809 939 992 1003 frigore
1019 939 1167 987 laetus
1193 939 1304 987 erit.

1516 939 1614 985 856

189 1020 219 1067 J
230 1037 431 1072 AMQUE
459 1019 573 1067 duae
599 1026 792 1067 restant
817 1025 992 1067 noctes
1018 1019 1082 1067 de
1109 1035 1284 1067 mense
1311 1016 1554 1073 secundo,

259 1097 506 1161 Marsque
533 1114 650 1145 suos
671 1097 866 1161 junctis
891 1097 1124 1144 curribus
1150 1104 1299 1160 urget
1324 1112 1502 1160 equos.

192 1175 273 1223 Ex
298 1192 414 1224 vero
439 1176 662 1240 positum
688 1176 966 1241 permansit
993 1175 1205 1240 Equiria
1229 1191 1432 1232 nomen,

262 1253 389 1309 Quae
419 1253 560 1303 Deus
586 1255 637 1302 in
662 1270 843 1319 campo
869 1254 1116 1319 prospicit
1141 1254 1252 1319 ipse
1277 1269 1386 1301 suo.

194 1435 328 1477 quisque
344 1434 447 1465 scelus
462 1434 583 1476 regium
599 1444 637 1465 ac
653 1434 717 1465 vim
731 1445 868 1476 quemn<

194 1493 254 1517 tur.
303 1485 415 1520 Inane,
443 1491 600 1526 apertum.
648 1486 718 1516 Hoc
746 1485 777 1515 in
807 1486 871 1516 foro

193 1535 342 1567 omnibus
367 1534 629 1576 conspiciendum
659 1535 872 1577 praebebatur.

194 1587 309 1616 Annua
323 1587 417 1625 jura,
442 1594 580 1615 aunuum
603 1584 781 1626 imperium.
828 1585 870 1615 E-

195 1635 273 1666 tiam
287 1635 357 1666 Liv.
374 1644 488 1665 novam
509 1634 648 1665 civitatis
668 1635 798 1666 sormam
816 1646 872 1677 per

195 1696 314 1715 annuos
328 1686 527 1725 magistratus
539 1683 700 1715 declarat:
717 1690 760 1720 et,
773 1695 872 1725 quum

195 1735 342 1766 consules
370 1733 477 1765 omnia
501 1735 586 1776 jura,
609 1733 715 1765 omnia
739 1733 874 1775 insignia

197 1784 281 1826 regis
301 1790 456 1820 tenerent,
473 1783 589 1815 diserte
609 1790 716 1815 monet
735 1783 769 1814 ii.
789 1785 818 1814 l.
836 1784 873 1815 li-

195 1835 351 1866 bertatem
379 1833 412 1864 in
439 1845 477 1865 eo
507 1833 614 1870 fuisse,
641 1833 728 1876 quod
756 1846 874 1865 annum

197 1883 364 1926 imperium
388 1884 553 1915 consulare
576 1883 680 1915 suerit.
728 1884 802 1916 Dies
823 1895 875 1915 su-

196 1946 299 1975 prema
316 1935 376 1965 fuit
389 1945 464 1966 ann.
482 1935 523 1965 U.
534 1935 572 1966 C.
588 1935 665 1965 244.

241 1986 320 2016 853.
337 1985 529 2016 Hirundinis
546 1984 694 2025 reditus]
714 1983 876 2015 Coluinel.

198 2034 241 2066 xi.
256 2035 288 2066 2.
304 2034 345 2065 ad
369 2034 454 2065 diem
479 2034 554 2065 Kal.
575 2034 631 2065 vii.
649 2034 748 2064 Mart.
766 2032 873 2064 hirun-

197 2084 306 2116 dinem
322 2084 462 2126 conspici
479 2083 534 2115 ait.
558 2084 642 2115 Plin.
655 2083 736 2114 ii.47
753 2095 758 2113 :
777 2088 797 2100 “
813 2083 874 2114 Fa-

198 2133 327 2165 vonium
349 2133 479 2175 quidam
505 2144 534 2165 a.
550 2133 583 2164 d.
602 2133 677 2164 Kal.
693 2132 760 2164 viii.
778 2132 875 2164 Mart.

199 2182 424 2215 Chelidoniam
439 2190 555 2214 vocant
572 2184 612 2214 ab
634 2181 813 2214 hirundinis
829 2183 874 2213 vi-

198 2233 271 2265 su.'’
303 2233 444 2264 Vocatur
460 2236 537 2265 'veris
551 2235 755 2275 p²·oe11u111i‹c,·
773 2233 875 2264 AElia-

199 2295 272 2320 nus,
291 2283 378 2315 Hist.
395 2283 503 2314 Anim.
520 2283 542 2315 i.
557 2285 611 2315 52.
628 2287 691 2323 τῆς
709 2284 799 2325 ὥρας
814 2286 876 2323 τῆς

199 2333 339 2375 ἀρίστης
353 2332 576 2375 ὑποσημαίνει
595 2334 661 2373 τὴν
674 2332 876 2376 ἐπιδημίαν3

201 2383 341 2425 Oppian.
357 2382 500 2414 Halieut.
516 2383 561 2414 iii.
577 2384 656 2415 244.
674 2383 803 2425 εἰαρίνη
822 2387 877 2415 Ζε-

199 2432 302 2475 φύρου
342 2432 579 2476 πρωτάγγελος
616 2434 707 2475 ὄρνις
720 2446 728 2473 3
766 2434 878 2466 Horat.

200 2484 230 2515 I.
245 2483 348 2526 Epist.
363 2482 416 2514 vii.
436 2483 489 2514 13.
505 2494 639 2514 vernum
656 2490 780 2526 tempus
795 2482 876 2514 indi-

205 2539 351 2565 caturus:
377 2536 398 2549 “
417 2532 499 2563 Cum
525 2532 677 2575 Zephyris
706 2540 739 2564 et
770 2532 877 2565 hirun-

203 2582 276 2614 dine
292 2581 430 2624 prima.'’
478 2582 608 2613 Favonii
624 2582 799 2613 secundum
816 2582 876 2614 Co-

201 2632 310 2664 lumel.
337 2630 389 2663 die
419 2631 563 2674 septimo,
591 2631 769 2662 secundum
790 2632 877 2664 Plin.

200 2688 292 2714 sexto
307 2687 380 2712 ante
396 2680 583 2712 Februarias
603 2681 681 2712 Idus
696 2682 814 2723 spirare
830 2681 877 2713 in-

202 2731 377 2775 cipiebant,
402 2736 434 2762 et
463 2730 586 2762 mollire
614 2730 782 2762 hibernum
810 2742 876 2763 coe-

203 2782 280 2814 lum.
326 2781 359 2812 Is
372 2780 442 2813 dies
457 2780 552 2823 igitur
573 2780 763 2823 principium
781 2781 876 2813 habe-

1520 1254 1619 1300 860

940 1436 1034 1467 batur
1050 1434 1143 1467 veris.
1171 1434 1234 1466 Sed
1247 1433 1400 1476 quoniam
1415 1431 1528 1465 moniti
1544 1431 1620 1464 coeli

942 1487 988 1517 vis
1004 1485 1103 1518 serius
1118 1485 1327 1520 sentiebatur,
1343 1483 1482 1515 hirundo
1498 1487 1622 1526 poterat

943 1536 1023 1568 veris
1056 1537 1234 1576 prcrnuntia
1262 1535 1379 1566 vocari.
1436 1533 1489 1565 Ad
1525 1533 1621 1565 finem

942 1587 1038 1618 etiam
1056 1591 1207 1627 vergente
1225 1585 1410 1620 Februario,
1427 1585 1519 1615 hiems
1531 1582 1621 1615 iden-

940 1637 1039 1668 tidem
1070 1637 1257 1671 recurrebat,
1282 1642 1316 1666 et
1339 1634 1416 1666 Kal.
1439 1634 1540 1665 Mart.
1565 1633 1620 1665 de-

942 1697 1028 1717 mum
1060 1685 1206 1717 cedebat.
1237 1685 1281 1716 iii.
1311 1685 1387 1715 235.
1445 1683 1527 1719 Qua,
1557 1693 1623 1725 qua

941 1742 1041 1779 parte.
1087 1735 1284 1766 Hirundines
1315 1733 1474 1765 interdum
1506 1733 1623 1764 damno

942 1797 998 1818 suo
1012 1785 1146 1817 reditum
1156 1791 1336 1825 properant.
1363 1783 1447 1815 Plin.
1459 1782 1598 1815 xviii.57
1613 1795 1619 1813 :

938 1840 961 1852 “
980 1836 1136 1866 Notatum
1161 1841 1221 1872 est,
1246 1834 1388 1866 advenas
1411 1833 1557 1865 volucres
1580 1832 1622 1864 ad

943 1885 1062 1917 diem.''
1110 1885 1186 1916 Kal.
1211 1884 1253 1916 vi.
1273 1885 1368 1916 Febr.
1391 1888 1412 1901 “
1427 1894 1517 1926 spem
1541 1883 1624 1915 veris

944 1935 1100 1971 attulisse,
1122 1946 1194 1967 mox
1218 1935 1394 1966 saevissima
1417 1933 1523 1965 hieme
1546 1943 1622 1965 con-

944 1985 1115 2016 flictatas.”
1164 1985 1216 2016 De
1246 1985 1377 2021 Procne,
1411 1983 1509 2021 Terei,
1540 1982 1624 2025 regis

942 2034 1099 2071 Thraciae,
1130 2045 1225 2066 uxore
1254 2033 1287 2065 in
1317 2033 1519 2065 hirundinem
1553 2043 1622 2065 mu-

944 2090 1023 2121 tata,
1036 2083 1107 2116 vide
1120 2085 1257 2115 Metam.
1268 2084 1312 2114 vi.
1323 2084 1387 2115 425
1402 2094 1474 2126 sqq.
1498 2083 1623 2125 Progne

944 2133 1080 2166 deterior
1110 2134 1266 2176 scriptura
1297 2140 1356 2170 est,
1388 2143 1484 2176 quam
1514 2138 1623 2165 tamen

945 2182 978 2215 h.
995 2183 1018 2214 l.
1033 2194 1142 2216 omnes
1166 2183 1238 2215 libri
1263 2189 1402 2215 tuentur.
1448 2183 1506 2215 Est
1521 2183 1623 2214 verior

947 2234 1082 2277 Πρόκνη
1103 2234 1233 2265 Procne.
1269 2233 1353 2265 Vide
1369 2232 1482 2265 Heius.
1494 2231 1536 2264 ad
1550 2233 1625 2264 Me-

945 2290 1023 2316 tam.
1038 2283 1071 2315 d.
1083 2284 1104 2316 l.

991 2335 1066 2366 857.
1094 2334 1225 2375 Equiria
1249 2333 1326 2365 Kal.
1353 2333 1400 2364 iii.
1425 2333 1527 2364 Mart.
1553 2332 1626 2364 scil.

946 2384 998 2416 die
1014 2385 1056 2415 27
1074 2385 1168 2416 Febr.
1202 2384 1255 2415 De
1270 2383 1309 2414 iis
1324 2383 1456 2414 Festus:
1482 2387 1504 2400 ‘¹
1523 2381 1624 2425 Equi-

946 2434 1004 2471 ria,
1028 2434 1108 2470 ludi,
1127 2444 1206 2476 quos
1230 2432 1392 2465 Romulus
1411 2432 1512 2465 Marti
1531 2432 1624 2464 insti-

947 2485 1008 2516 tuit
1041 2495 1097 2527 per
1135 2495 1289 2526 equorum
1326 2494 1468 2519 cursum,
1496 2482 1552 2525 qui
1590 2481 1624 2514 in

947 2544 1061 2577 campo
1090 2534 1210 2566 Manio
1245 2532 1512 2566 exercebantur-’¹
1574 2534 1624 2565 Ea:

948 2596 1026 2621 vero,
1043 2595 1081 2615 ex
1099 2595 1131 2615 re
1152 2584 1234 2627 ipsa.
1286 2583 1353 2615 Tua
1375 2585 1519 2623 tempora,
1535 2593 1623 2615 men-

946 2633 990 2665 sis
1015 2645 1034 2665 a
1057 2639 1088 2666 te
1112 2634 1229 2666 dictus.
1276 2634 1391 2665 Locum
1409 2639 1550 2674 poscunt,
1569 2645 1622 2665 vo-

947 2683 1018 2714 lunt
1038 2683 1106 2726 jam
1137 2694 1156 2715 a
1185 2694 1236 2715 me
1265 2683 1350 2721 cani,
1372 2689 1487 2715 exacto
1515 2693 1624 2716 mense

948 2734 1128 2766 Februario.
