1830 3220
568 176 919 220 FASTORUM
954 179 1015 221 LI
1025 180 1077 222 B.
1101 179 1186 222 IV.

1498 182 1586 223 ‘2123

164 294 344 342 Noctis
370 301 480 343 erat
503 296 745 353 medium,
774 297 1070 361 placidique
1097 296 1298 345 silentia
1319 298 1511 355 somni;

228 371 599 437 Triptolemum
626 375 816 438 gremio
842 375 1048 423 sustulit
1073 376 1160 424 illa
1187 391 1310 423 suo:

1490 379 1590 424 550

161 448 365 514 Terque
386 468 540 500 manu
566 453 833 517 permulsit
858 469 1004 510 eum;
1046 454 1140 501 tria
1167 453 1391 501 carmina
1410 453 1556 511 dixit,

234 527 474 578 Carmina
498 530 699 578 mortali
726 547 826 578 non
851 530 1118 579 referenda
1143 547 1294 579 sono:

164 603 330 669 Inque
355 607 467 656 foco
493 608 636 673 pueri
663 624 848 673 corpus
872 609 1072 658 vivente
1098 608 1267 657 favilla

235 682 436 743 Obruit,
465 686 743 734 humanum
771 694 954 751 purget
981 694 1037 734 ut
1062 687 1194 751 ignis
1220 703 1364 734 onus.

166 760 439 811 Excutitur
464 781 641 813 somno
667 765 821 813 stulte
848 765 932 830 pia
957 772 1146 823 mater;
1188 772 1240 812 et
1264 781 1459 822 amens,
1495 769 1593 814 555

235 840 371 897 Quid
388 841 539 891 facis?
566 844 846 902 exclamat3
877 844 1210 908 membraque
1231 844 1294 890 ab
1313 843 1427 907 igne
1447 844 1594 908 rapit.

167 918 266 967 Cui
295 919 434 980 Dea3
480 921 617 968 Dum
644 938 743 970 non
770 938 843 978 es,
872 921 1018 978 dixit,
1048 921 1297 970 scelerata
1320 921 1478 979 fuisti,

235 996 384 1048 Irrita
409 1007 638 1048 materno
666 1007 785 1048 sunt
809 1016 924 1049 mea
949 1000 1084 1047 dona
1109 1010 1266 1048 metu,

167 1074 271 1124 Iste
299 1078 509 1141 quidem
535 1078 760 1126 mortalis
787 1078 908 1137 erit;
952 1077 1043 1126 sed
1070 1079 1262 1143 primus
1289 1078 1466 1136 arabit,

236 1153 304 1203 Et
329 1163 479 1214 seret,
507 1164 558 1204 et
583 1156 722 1204 culta
747 1156 953 1221 praemia
979 1156 1125 1204 tollet
1149 1156 1322 1204 humo.

1498 1160 1598 1205 560

168 1232 342 1282 Dixit:
383 1241 435 1283 et
460 1234 726 1299 egrediens
753 1236 942 1283 nubem
968 1235 1140 1291 trahit,
1167 1235 1323 1299 inque
1349 1235 1597 1284 dracones

234 1310 452 1370 Transit,
481 1320 534 1361 et
559 1314 747 1377 aligero
774 1313 966 1361 tollitur
991 1329 1088 1361 axe
1117 1312 1295 1360 Ceres.

171 1391 366 1439 Sunion
393 1392 702 1457 expositum,
731 1391 1000 1456 Piraeaque
1026 1399 1137 1440 tuta
1162 1408 1367 1440 recessu

238 1468 460 1535 Linquit,
490 1478 542 1520 et
566 1471 616 1519 in
638 1471 876 1520 dextrum
906 1487 1020 1536 quae
1041 1472 1182 1536 jacet
1206 1487 1293 1520 ora
1316 1471 1467 1519 latus.

169 1633 286 1676 posuit,
305 1639 337 1666 et
360 1634 445 1676 quod
472 1633 554 1676 ignis
580 1634 793 1670 absumserat,
816 1633 848 1664 id

168 1683 307 1716 interdiu
336 1684 520 1727 inungendo
551 1695 666 1727 corpus
694 1683 850 1715 ambrosia

170 1733 327 1765 restituit:
370 1735 414 1766 sic
450 1734 504 1766 ille
541 1734 684 1777 quotidie
719 1734 850 1766 mirifice

170 1784 345 1815 crescebat.
395 1785 503 1816 Mater
533 1795 632 1826 quum
662 1795 679 1815 e
710 1783 851 1815 thalamo

170 1844 227 1865 suo
248 1834 432 1871 observans,
448 1833 551 1864 filium
574 1833 641 1875 igni
666 1833 850 1876 impositum

171 1884 303 1921 videret,
330 1884 478 1927 ejulavit.
526 1884 601 1921 Quo
627 1884 726 1920 facto,
753 1884 852 1915 Ceres

171 1934 279 1975 ignem
303 1933 469 1970 exstinxit,
487 1933 580 1965 matri
603 1933 772 1965 stultitiam
796 1943 851 1964 ex-

172 1983 346 2026 probravit,
367 1994 466 2026 puero
494 1982 726 2025 Demophonti‚
752 1993 852 2025 quum

172 2033 384 2065 immortalem
407 2033 540 2065 reddere
558 2033 626 2075 jam
650 2043 713 2064 non
734 2039 852 2075 posset,

174 2083 323 2115 honorem
334 2083 552 2126 incorruptum
564 2082 720 2126 promisit,
729 2082 854 2124 sibique

173 2144 264 2165 sacra
287 2133 410 2165 institui
428 2133 535 2176 jussit.
580 2132 633 2164 Sic
655 2133 768 2175 hymn.
784 2133 852 2163 Ho-

175 2185 284 2217 meric.
313 2195 395 2216 vers.
423 2183 623 2223 235—274;
656 2183 702 2214 sic
732 2183 796 2214 fere
824 2188 856 2214 et

177 2235 328 2279 Apollod.
353 2234 536 2266 Secundum
549 2233 640 2265 illum
654 2233 856 2274 Triptolemus

176 2297 267 2329 aeque
293 2296 331 2317 ac
358 2286 488 2322 Celeus,
508 2284 568 2316 fuit
594 2284 700 2316 incola
723 2284 855 2321 Atticae,

177 2348 241 2369 ver.
262 2338 343 2376 155;
368 2336 545 2368 secundum
561 2335 647 2367 hunc
664 2334 769 2366 senior
783 2336 856 2366 Me-

178 2387 288 2418 tanirae
303 2386 398 2418 filius.
444 2387 541 2417 Hunc
556 2384 685 2428 plurimi
707 2383 858 2416 arationis

178 2445 211 2469 et
230 2437 361 2468 sationis
381 2442 544 2468 auctorem
563 2435 595 2466 in
615 2434 743 2467 Graecia
759 2434 857 2466 facie-

179 2488 279 2526 bant3
303 2485 458 2517 hordeum
478 2486 518 2517 ab
541 2496 578 2516 eo
592 2485 625 2516 in
645 2494 720 2526 agro
735 2484 858 2515 Rhario

179 2543 284 2569 satum
309 2546 391 2573 esse,
414 2536 592 2567 Pausanias
615 2535 636 2567 i.
660 2536 714 2566 38.
740 2542 859 2566 narrat.

181 2588 374 2623 Carminum,
385 2586 418 2617 id
430 2591 478 2617 est
489 2585 693 2617 formularum
706 2596 856 2628 quarum·

179 2638 265 2674 dam,
282 2647 417 2679 quarum
432 2646 568 2678 magnus
588 2646 664 2667 usus
684 2641 752 2667 erat
770 2641 803 2666 et
824 2634 858 2666 in

180 2687 275 2719 rebus
299 2686 453 2728 magicis3
469 2686 551 2717 Met.
568 2684 621 2716 vii.
639 2686 700 2716 137
713 2697 720 2724 ;
735 2697 767 2717 x.
782 2685 859 2716 397.

183 2738 326 2775 Mortali‚
343 2743 404 2769 etc.
420 2736 503 2768 conf.
518 2735 566 2768 iii.
584 2737 648 2767 323
664 2746 713 2778 sq.

227 2789 302 2820 557.
331 2787 402 2819 Hoc
426 2796 600 2828 oxymoron
621 2785 769 2823 Ovidius,
785 2786 858 2817 Me-

920 1640 995 1666 tam.
1022 1634 1068 1666 iii.
1096 1637 1138 1674 55
1176 1633 1218 1664 ix.
1245 1634 1321 1665 408.
1348 1633 1392 1664 sic
1424 1634 1597 1676 expressit:

920 1688 943 1701 “
963 1684 1047 1715 facto
1077 1684 1148 1726 pius
1178 1689 1210 1715 et
1239 1683 1414 1714 sceleratus
1444 1683 1600 1715 eodem.'’

921 1735 1127 1776 Quamquam
1166 1733 1323 1764 scelerata
1360 1745 1418 1764 non
1456 1745 1495 1769 es,
1526 1733 1602 1776 quia

920 1784 1014 1815 unice
1037 1794 1125 1815 amas
1141 1784 1253 1820 filium,
1269 1794 1359 1826 aeque
1374 1789 1481 1815 tamen
1501 1784 1530 1815 ei
1548 1795 1601 1815 no-

921 1833 1026 1870 cuisti,
1043 1844 1080 1865 ac
1096 1834 1121 1865 si
1138 1844 1211 1865 eum
1227 1833 1358 1864 odisses.

965 1885 1040 1916 561.
1078 1883 1175 1926 Apud
1206 1883 1450 1926 Apollodorum,
1477 1882 1604 1923 ἑαυτὴν

921 1933 1063 1977 ἐξέφῃνε,
1086 1945 1120 1965 se
1144 1933 1290 1965 exhibuit
1310 1934 1427 1970 Deam,
1447 1933 1545 1976 idque
1570 1934 1604 1965 in

922 1984 1033 2026 hymn.
1057 1984 1227 2015 Homerico
1253 1984 1330 2015 275.
1354 1983 1432 2014 fecit
1455 1983 1604 2026 deposita

923 2040 1101 2070 senectute,
1133 2038 1274 2064 resumta
1312 2033 1413 2064 forma
1451 2039 1602 2075 augusta,

923 2084 1018 2115 odore
1047 2089 1140 2125 grato
1175 2090 1207 2114 et
1243 2082 1413 2125 splendore
1448 2082 1602 2125 quodam.

923 2134 987 2165 Hic
1012 2134 1120 2164 nubem
1144 2134 1254 2170 trahit,
1276 2132 1309 2163 id
1333 2138 1391 2169 est,
1408 2132 1551 2170 attrahit,
1572 2139 1605 2165 et

924 2184 1046 2216 incedit
1059 2183 1259 2215 circumdata
1272 2183 1370 2214 nube.
1418 2183 1517 2225 Inque
1531 2186 1605 2215 dra-

925 2245 1023 2273 cones,
1041 2240 1106 2265 etc.
1152 2234 1249 2264 Nube
1265 2232 1463 2264 circumdata
1482 2233 1515 2264 in
1533 2244 1605 2265 cur-

926 2295 995 2316 rum
1011 2284 1133 2320 transit,
1150 2282 1202 2314 cui
1222 2283 1377 2314 dracones
1386 2282 1505 2325 juncti.
1552 2284 1605 2315 De

926 2334 1023 2366 sacris
1046 2333 1075 2366 ei
1094 2334 1161 2377 jarn
1184 2334 1224 2365 ab
1241 2333 1416 2364 Eleusiniis
1435 2333 1603 2371 institutis,

927 2385 966 2417 de
983 2385 1098 2427 quibus
1119 2384 1256 2426 hymnus
1270 2384 1373 2415 multa
1393 2384 1502 2421 habet,
1519 2385 1604 2416 Nos-

928 2441 975 2467 ter
997 2435 1077 2466 nihil
1096 2434 1206 2472 tradit,
1221 2434 1276 2466 sed
1296 2434 1477 2476 catalogum
1499 2446 1606 2466 rursus

927 2485 1068 2517 locorum
1083 2484 1187 2521 struit,
1204 2494 1277 2526 quae
1293 2483 1367 2514 Dea
1380 2485 1607 2526 pererraverit3

927 2535 1059 2566 amabat
1073 2533 1158 2566 enim
1173 2534 1255 2565 tales
1269 2533 1445 2575 catalogos.

971 2585 1049 2617 563.
1074 2585 1192 2616 Sunion
1214 2584 1462 2626 promontorium
1480 2593 1499 2614 a
1513 2590 1606 2626 portu

929 2634 1047 2666 Piraeeo
1083 2635 1149 2666 xlv.
1179 2633 1283 2665 millia
1314 2644 1465 2676 passuum
1501 2634 1604 2670 abest,

928 2684 1082 2726 (Plinius,
1095 2684 1139 2716 iv.
1157 2683 1226 2725 11.)
1240 2683 1373 2726 finitque
1388 2683 1420 2714 id
1436 2682 1511 2713 litus
1527 2683 1607 2713 Hel-

929 2735 1030 2772 lados,
1046 2734 1133 2777 quod
1155 2740 1282 2776 spectat
1303 2733 1477 2771 orientem;
1505 2732 1606 2770 Mela,

930 2785 978 2816 II.
994 2784 1040 2816 iii.
1054 2785 1108 2816 99.
1157 2784 1333 2824 Eapnsitum
1355 2782 1516 2821 fluctibus,
1535 2793 1607 2826 pro-
