1830 3220
487 188 836 231 FASTORUM
872 187 993 229 LIB.
1031 187 1123 229 111.

1414 188 1497 229 167

77 306 288 355 Pallade
314 307 531 370 placata,
560 306 725 354 lanam
751 305 944 353 mollire
971 291 1154 369 puellae

144 385 374 441 Discant,
402 391 454 432 et
478 384 654 449 plenas
681 399 957 431 exonerare
984 383 1142 430 colos.

76 463 173 511 Illa
197 462 351 511 etiam
378 469 573 510 stantes
608 461 747 508 radio
773 476 1064 524 percurrere
1091 461 1219 508 telas

146 541 354 599 Erudit3
397 548 448 588 et
473 555 639 588 rarum
665 538 869 603 pectine
895 538 1076 586 denset
1100 555 1246 602 opus.

1402 543 1499 586 820

78 617 225 667 Hanc
251 619 377 675 cole,
407 618 494 682 qui
520 617 745 665 maculas
768 617 901 664 laesis
928 616 991 664 de
1012 617 1239 665 vestibus
1265 616 1461 675 aufers3

147 696 294 744 Hanc
316 697 443 753 cole,
471 695 741 744 velleribus
768 694 1002 758 quisquis
1025 695 1188 742 ahena
1214 711 1360 759 paras
1383 712 1392 743 :

82 774 192 822 Nec
214 774 488 839 quisquam
514 773 671 821 invita
695 772 848 820 faeiat
872 773 1003 821 bene
1030 772 1233 820 vincula
1258 773 1444 836 plantae

149 852 389 901 Pallade:
431 852 497 900 sit
522 851 719 916 Tychio
746 852 942 899 doctior
966 852 1051 900 ille
1078 852 1225 905 licet;

82 929 148 978 Et
172 931 291 979 licet
316 931 529 995 antiquo
555 930 789 978 manibus
816 930 1031 978 collatus
1061 929 1204 994 Epeo

1405 933 1500 977 825

152 1009 231 1056 Sit
255 1009 418 1073 prior;
462 1009 590 1056 irata
615 1008 829 1056 Pallade
857 1024 1066 1056 maneus
1093 1008 1202 1056 erit.

79 1086 184 1135 Vos
205 1104 428 1151 quoque,
457 1087 685 1135 Phoebea
710 1088 912 1135 morbos
939 1087 1025 1151 qui
1052 1087 1240 1152 pellitis
1263 1094 1385 1143 arte,

149 1164 368 1214 Munera
391 1166 455 1214 de
481 1164 660 1213 vestris
687 1181 852 1229 pauca
876 1165 1058 1214 referte
1088 1165 1227 1213 Deae.

126 1344 202 1376 817.
226 1344 361 1387 Propter
383 1343 622 1375 multitudinem
645 1344 757 1375 inven-

83 1400 185 1425 torum
212 1393 428 1425 Athenienses
454 1393 546 1436 primi
577 1392 759 1425 Minervam

82 1443 255 1487 Ἐργάνην
270 1449 481 1486 cognomento
497 1444 740 1486 appellaverunt
751 1456 760 1484 3

82 1494 260 1527 Pausanias
283 1493 388 1526 Attio.
417 1505 488 1537 cap.
510 1495 554 1525 24
567 1506 575 1533 ;
599 1494 761 1526 Diodorus

82 1544 220 1582 Siculus,
235 1552 314 1576 tom.
328 1545 349 1576 i.
366 1556 439 1587 pag.
457 1546 534 1577 340.
583 1545 668 1576 Hinc
690 1555 761 1576 eam

83 1601 114 1627 et
132 1594 292 1626 Arnobius
309 1594 381 1626 adv.
395 1595 528 1632 Gentes,
542 1594 588 1626 iii.
601 1605 674 1637 pag.
690 1596 761 1626 118.

83 1650 102 1662 “
120 1644 317 1687 Magisteriis
343 1645 457 1676 artium
473 1650 506 1676 et
521 1643 762 1687 disciplinarum

82 1694 291 1727 varietatibus
306 1695 486 1727 eruditam'⁷
503 1695 658 1738 appellat.
681 1696 762 1726 Eam

85 1746 126 1777 ob
142 1755 274 1776 causam
293 1745 424 1788 opifices
438 1745 466 1776 ei
482 1745 691 1787 supplicasse,
707 1746 764 1776 ob-

85 1801 193 1827 servat
222 1795 410 1826 Lactantius
434 1795 475 1826 de
505 1795 577 1826 sals.
605 1795 713 1836 Relig.
736 1795 763 1825 Ι.

86 1845 173 1877 xviii.
189 1846 245 1877 23.
292 1845 373 1876 Inde
393 1845 514 1887 pendet
530 1845 616 1876 locus
631 1856 680 1887 sq.
725 1846 764 1876 In

86 1896 124 1927 iis
136 1895 258 1927 artibus
269 1895 373 1938 prima
385 1902 433 1927 est
441 1895 618 1938 ὑφαντικὴ,
634 1895 764 1927 texendi

88 1956 160 1984 ars;
187 1945 347 1982 AElianus,
372 1944 493 1977 Histor.
518 1945 629 1977 Anim.
647 1945 689 1977 vi.
711 1946 764 1977 57.

88 1998 291 2038 Quapropter
309 1998 429 2036 operari
446 1997 595 2027 Mineruae
615 1996 764 2027 dicuntur

90 2046 206 2088 puellae
223 2046 310 2088 operi
333 2047 466 2078 textorio
481 2057 609 2089 operam
626 2046 740 2078 dantes
755 2059 762 2085 ;

85 2096 243 2133 Tibullus,
273 2095 320 2128 ΙΙ.
346 2096 369 2127 i.
401 2097 454 2129 65.
502 2097 649 2128 Mollitia·
676 2096 763 2133 lana,

87 2157 186 2187 quum
199 2146 334 2178 trahitur
344 2152 380 2178 ut
395 2147 519 2178 tenuior
530 2146 597 2183 fiat.
608 2147 666 2178 hoc
683 2147 764 2184 loco,

89 2207 189 2238 quum
205 2196 339 2228 trahitur
354 2196 387 2227 in
404 2197 552 2229 stamina.

135 2246 211 2277 819.
242 2247 362 2278 Confer
390 2247 528 2278 Metam.
553 2246 594 2278 vi.
623 2247 665 2278 54
695 2258 764 2289 sqq.

90 2295 174 2332 Tela,
196 2302 297 2327 trama
322 2296 505 2333 staminum,
527 2296 624 2328 series
647 2297 766 2339 duplex

88 2345 272 2377 staminum.
309 2347 438 2378 Dicitur
453 2353 537 2378 stans
552 2353 584 2378 et
601 2346 677 2378 alibi
691 2359 766 2388 pen-

89 2397 179 2433 dula,
210 2395 288 2438 quia
319 2397 457 2433 stamina
486 2397 526 2429 ad
555 2397 768 2441 perpendicu-

91 2447 158 2477 lum
174 2447 442 2480 extendebantur.
467 2449 599 2479 Radius.
621 2448 699 2490 Ejus
710 2459 768 2490 ope

93 2498 126 2528 in
151 2503 365 2528 transversum
389 2497 569 2529 immittitur
591 2498 769 2529 subtemen.

92 2547 175 2578 Tum
191 2558 264 2587 opus
278 2546 384 2579 adhuc
395 2558 503 2578 rarum
515 2549 637 2588 pectine
648 2547 769 2584 feritur,

92 2603 128 2629 ut
150 2598 277 2630 densum
300 2597 367 2628 fiat.
414 2598 540 2635 Denset,
564 2608 627 2637 non
650 2600 768 2635 densat,

94 2647 214 2679 habent
230 2647 430 2684 vetustiores,
449 2653 482 2679 et
505 2653 553 2680 est
571 2648 671 2679 forma
687 2647 769 2679 anti-

93 2707 158 2739 qua
181 2702 214 2728 et
232 2698 371 2740 poetica.
418 2697 503 2731 Vide
519 2698 671 2741 Giphanii
692 2698 766 2730 Ind.

94 2747 222 2780 Lucret.
238 2747 269 2778 in
286 2750 418 2780 densere.

140 2798 216 2828 821.
237 2799 417 2841 Descriptio
432 2799 573 2835 sunonis,
592 2799 645 2841 qui
665 2806 697 2830 et
720 2801 767 2830 la·-

829 1357 875 1376 sas
896 1345 962 1377 sive
979 1345 1122 1377 sordidas
1138 1351 1241 1377 vestes
1257 1346 1393 1378 lavando
1409 1353 1506 1391 atque

830 1395 985 1427 calcando
998 1396 1167 1438 purgabat,
1178 1402 1221 1432 et,
1234 1402 1321 1427 creta
1332 1397 1398 1428 sive
1410 1397 1508 1429 cimo-

830 1445 874 1477 lia
897 1445 1054 1482 adhibita,
1080 1446 1234 1477 candidas
1256 1447 1422 1479 reddebat.
1468 1449 1508 1480 In

831 1497 935 1527 ahenis
958 1495 1129 1527 infectores
1150 1495 1240 1527 sucos
1264 1496 1306 1528 ad
1326 1497 1432 1529 lanam
1449 1497 1508 1529 im-

830 1546 989 1577 buendam
1015 1557 1153 1588 coquere
1180 1546 1344 1586 solebant3
1368 1549 1507 1580 Metam.

832 1596 875 1627 vi.
893 1597 948 1627 61.
966 1595 1019 1627 ubi
1040 1596 1170 1637 Tyrium
1185 1597 1327 1628 ahenum.

876 1647 954 1677 323.
984 1647 1117 1677 Vincula
1138 1647 1264 1687 plantae,
1281 1647 1509 1680 calceamenta.

832 1695 1018 1727 Secundum
1044 1695 1198 1733 Plinium,
1214 1696 1268 1728 vii.
1285 1697 1338 1728 56.
1364 1697 1508 1739 Tychius,

833 1746 920 1788 Hyla
936 1746 1095 1783 Boeotius,
1113 1749 1266 1777 sutrinam
1285 1746 1418 1778 invenit.
1455 1750 1507 1780 Ab

833 1798 983 1833 Homero,
1000 1797 1092 1828 Il.H.
1104 1798 1179 1828 221.
1195 1796 1279 1829 idem
1297 1798 1508 1841 σκυτοτόμων

832 1846 882 1889 ὄχ’
897 1848 1032 1890 ἄριστος
1057 1853 1198 1884 vocatur,
1227 1848 1282 1890 qui
1303 1848 1414 1890 Ajacis
1436 1861 1508 1881 scu-

834 1903 903 1929 tum
926 1896 1153 1936 fabricaverit3
1180 1898 1299 1929 confer.
1326 1898 1448 1936 Strabo,
1465 1899 1508 1932 ix.

834 1958 910 1990 pag.
931 1948 1005 1979 408.
1051 1948 1178 1990 Nempe
1203 1949 1416 1991 σκυτοτόμος,
1437 1951 1507 1992 qui-

834 2008 972 2040 cumque
992 1996 1076 2028 coria
1101 2003 1229 2035 tractat,
1253 2004 1351 2035 sutor,
1368 1999 1511 2038 lorarius,

834 2047 1063 2090 ephippiarius.
1124 2049 1222 2079 Porro
1253 2048 1354 2088 Epeus
1386 2051 1509 2083 monitu

834 2098 990 2130 Minervae
1007 2109 1125 2141 equum
1135 2099 1308 2141 Trojanum
1320 2099 1407 2131 mirae
1420 2112 1509 2143 mag-

834 2148 990 2180 nitudinis
1013 2148 1126 2180 fecisse
1155 2149 1300 2181 traditur.
1347 2150 1511 2192 Virgilius,

836 2199 912 2230 AEn.
942 2198 976 2230 ii.
1006 2199 1091 2238 2643
1138 2198 1298 2241 Hyginus,
1337 2200 1400 2232 fab.
1438 2202 1510 2233 108.

835 2249 940 2280 Paulo
966 2248 1059 2280 aliter
1083 2248 1219 2285 Plinius,
1244 2249 1319 2280 VH.
1341 2249 1409 2281 lvii.
1436 2262 1511 2294 pag.

836 2299 917 2329 416:
937 2302 956 2315 ‘¹
970 2299 1096 2340 Equum
1113 2297 1186 2340 (qui
1202 2308 1286 2329 nunc
1302 2298 1384 2330 aries
1401 2303 1510 2343 appel-

836 2348 936 2387 latur)
961 2348 994 2379 in
1018 2347 1194 2380 muralibus
1223 2348 1380 2380 machinis
1405 2351 1511 2393 Epeus

838 2398 878 2429 ad
902 2398 1050 2440 Trojam''
1075 2397 1204 2440 reperit.
1260 2398 1387 2437 Manus,
1414 2411 1511 2443 opera

838 2458 1012 2488 manuum3
1035 2448 1090 2490 qui
1106 2448 1144 2479 iis
1159 2449 1263 2480 minus
1278 2450 1364 2481 valet
1379 2456 1435 2482 aut
1455 2462 1509 2483 ex-

838 2498 937 2536 cellit,
953 2510 1078 2530 mancus
1093 2498 1223 2530 dicitur.

882 2549 958 2580 827.
991 2549 1097 2580 Etiam
1124 2548 1274 2581 Minerva
1297 2551 1429 2582 medicae
1453 2553 1510 2583 arti

837 2606 983 2642 praeerat,
1000 2599 1084 2632 unde
1101 2605 1132 2631 et
1154 2599 1223 2642 ipsa
1245 2600 1368 2632 Medica
1383 2602 1445 2632 dici
1462 2613 1509 2633 so-

839 2650 937 2687 lebat,
954 2650 1039 2693 quod
1057 2650 1211 2693 Neapolis
1227 2661 1243 2682 e
1260 2661 1414 2682 marmore
1432 2664 1511 2694 quo-

837 2700 911 2732 dam
922 2701 1112 2733 Placentino
1121 2702 1317 2743 comprobat.
1346 2702 1408 2732 Ne<-
1420 2714 1511 2733 vos-—

839 2750 991 2790 Spernite.
1027 2752 1119 2782 Hanc
1133 2750 1299 2782 lectionem
1317 2750 1412 2782 etiam
1430 2752 1510 2783 Bur-

838 2810 953 2832 manno
971 2802 1132 2843 probatam
1149 2811 1209 2831 non
1226 2800 1368 2831 dubitavi
1383 2812 1399 2831 e
1413 2802 1513 2833 tribus
