<?xml version="1.0" encoding="UTF-8"?>
<!DOCTYPE html PUBLIC "-//W3C//DTD XHTML 1.0 Transitional//EN"
    "http://www.w3.org/TR/xhtml1/DTD/xhtml1-transitional.dtd">
<html xmlns="http://www.w3.org/1999/xhtml" xml:lang="en" lang="en">
 <head>
  <title>
</title>
<meta http-equiv="Content-Type" content="text/html;charset=utf-8" />
  <meta name='ocr-system' content='tesseract 3.04.00' />
  <meta name='ocr-capabilities' content='ocr_page ocr_carea ocr_par ocr_line ocrx_word'/>
</head>
<body>
  <div class='ocr_page' id='page_1' title='image "./povidiinasonisop05oviduoft_0111.png"; bbox 0 0 1830 3220; ppageno 0'>
   <div class='ocr_carea' id='block_1_1' title="bbox 556 172 1156 215">
    <p class='ocr_par' dir='ltr' id='par_1_1' title="bbox 556 172 1156 215">
     <span class='ocr_line' id='line_1_1' title="bbox 556 172 1156 215; baseline -0.002 0"><span class='ocrx_word' id='word_1_1' title='bbox 556 172 908 215; x_wconf 90' lang='lat' dir='ltr'><strong>FASTORUM</strong></span> <span class='ocrx_word' id='word_1_2' title='bbox 941 172 1062 215; x_wconf 92' lang='lat' dir='ltr'>LIB.</span> <span class='ocrx_word' id='word_1_3' title='bbox 1095 173 1156 215; x_wconf 93' lang='lat' dir='ltr'>II.</span> 
     </span>
    </p>
   </div>
   <div class='ocr_carea' id='block_1_2' title="bbox 1507 175 1565 216">
    <p class='ocr_par' dir='ltr' id='par_1_2' title="bbox 1507 175 1565 216">
     <span class='ocr_line' id='line_1_2' title="bbox 1507 175 1565 216; baseline -0.017 0"><span class='ocrx_word' id='word_1_4' title='bbox 1507 175 1565 216; x_wconf 79' lang='lat'>83</span> 
     </span>
    </p>
   </div>
   <div class='ocr_carea' id='block_1_3' title="bbox 138 287 1556 976">
    <p class='ocr_par' dir='ltr' id='par_1_3' title="bbox 146 287 1362 430">
     <span class='ocr_line' id='line_1_3' title="bbox 146 287 1362 353; baseline 0.002 -19"><span class='ocrx_word' id='word_1_5' title='bbox 146 287 240 335; x_wconf 92' lang='lat' dir='ltr'>Illa</span> <span class='ocrx_word' id='word_1_6' title='bbox 265 289 375 336; x_wconf 90' lang='lat' dir='ltr'>loco</span> <span class='ocrx_word' id='word_1_7' title='bbox 403 305 586 336; x_wconf 90' lang='lat' dir='ltr'>nomen</span> <span class='ocrx_word' id='word_1_8' title='bbox 611 288 758 337; x_wconf 89' lang='lat' dir='ltr'>fecit:</span> <span class='ocrx_word' id='word_1_9' title='bbox 799 290 941 336; x_wconf 88' lang='lat' dir='ltr'>locus</span> <span class='ocrx_word' id='word_1_10' title='bbox 967 289 1076 353; x_wconf 91' lang='lat' dir='ltr'>ipse</span> <span class='ocrx_word' id='word_1_11' title='bbox 1103 288 1362 353; x_wconf 79' lang='lat' dir='ltr'>Lupercis.</span> 
     </span>
     <span class='ocr_line' id='line_1_4' title="bbox 211 364 1332 430; baseline 0.001 -17"><span class='ocrx_word' id='word_1_12' title='bbox 211 364 403 429; x_wconf 82' lang='lat' dir='ltr'>Magna</span> <span class='ocrx_word' id='word_1_13' title='bbox 427 367 532 414; x_wconf 91' lang='lat' dir='ltr'>dati</span> <span class='ocrx_word' id='word_1_14' title='bbox 557 366 729 414; x_wconf 83' lang='lat' dir='ltr'>nutrix</span> <span class='ocrx_word' id='word_1_15' title='bbox 754 366 962 430; x_wconf 74' lang='lat' dir='ltr'>praemia</span> <span class='ocrx_word' id='word_1_16' title='bbox 986 367 1132 414; x_wconf 86' lang='lat' dir='ltr'>lactis</span> <span class='ocrx_word' id='word_1_17' title='bbox 1158 367 1332 415; x_wconf 90' lang='lat' dir='ltr'>habet.</span> 
     </span>
    </p>

    <p class='ocr_par' dir='ltr' id='par_1_4' title="bbox 144 441 1442 586">
     <span class='ocr_line' id='line_1_5' title="bbox 144 441 1442 509; baseline 0.002 -19"><span class='ocrx_word' id='word_1_18' title='bbox 144 441 278 497; x_wconf 82' lang='lat' dir='ltr'><strong>Quid</strong></span> <span class='ocrx_word' id='word_1_19' title='bbox 299 450 437 492; x_wconf 91' lang='lat' dir='ltr'>vetat</span> <span class='ocrx_word' id='word_1_20' title='bbox 461 444 680 492; x_wconf 91' lang='lat' dir='ltr'>Arcadio</span> <span class='ocrx_word' id='word_1_21' title='bbox 706 444 869 492; x_wconf 90' lang='lat' dir='ltr'>dictos</span> <span class='ocrx_word' id='word_1_22' title='bbox 896 461 925 492; x_wconf 93' lang='lat' dir='ltr'>a</span> <span class='ocrx_word' id='word_1_23' title='bbox 949 452 1120 492; x_wconf 87' lang='lat' dir='ltr'>monte</span> <span class='ocrx_word' id='word_1_24' title='bbox 1147 445 1442 509; x_wconf 73' lang='lat' dir='ltr'>Lupercos?</span> 
     </span>
     <span class='ocr_line' id='line_1_6' title="bbox 209 520 1387 586; baseline 0.002 -18"><span class='ocrx_word' id='word_1_25' title='bbox 209 520 412 569; x_wconf 84' lang='lat' dir='ltr'>Faunus</span> <span class='ocrx_word' id='word_1_26' title='bbox 439 522 489 568; x_wconf 91' lang='lat' dir='ltr'>in</span> <span class='ocrx_word' id='word_1_27' title='bbox 514 521 735 570; x_wconf 89' lang='lat' dir='ltr'>Arcadia</span> <span class='ocrx_word' id='word_1_28' title='bbox 760 523 951 586; x_wconf 89' lang='lat' dir='ltr'>templa</span> <span class='ocrx_word' id='word_1_29' title='bbox 977 522 1190 586; x_wconf 83' lang='lat' dir='ltr'>Lycaeus</span> <span class='ocrx_word' id='word_1_30' title='bbox 1217 523 1387 570; x_wconf 90' lang='lat' dir='ltr'>habet.</span> 
     </span>
    </p>

    <p class='ocr_par' dir='ltr' id='par_1_5' title="bbox 141 598 1556 742">
     <span class='ocr_line' id='line_1_7' title="bbox 141 598 1556 665; baseline 0.002 -19"><span class='ocrx_word' id='word_1_31' title='bbox 141 598 335 663; x_wconf 82' lang='lat' dir='ltr'>Nupta,</span> <span class='ocrx_word' id='word_1_32' title='bbox 360 600 483 663; x_wconf 88' lang='lat' dir='ltr'>quid</span> <span class='ocrx_word' id='word_1_33' title='bbox 506 601 807 665; x_wconf 81' lang='lat' dir='ltr'>exspectas?</span> <span class='ocrx_word' id='word_1_34' title='bbox 835 618 934 648; x_wconf 90' lang='lat' dir='ltr'>non</span> <span class='ocrx_word' id='word_1_35' title='bbox 954 608 1008 648; x_wconf 93' lang='lat' dir='ltr'>tu</span> <span class='ocrx_word' id='word_1_36' title='bbox 1035 601 1345 665; x_wconf 89' lang='lat' dir='ltr'>pollentibus</span> <span class='ocrx_word' id='word_1_37' title='bbox 1372 601 1556 657; x_wconf 84' lang='lat' dir='ltr'>herbis,</span> 
     </span>
     <span class='ocr_line' id='line_1_8' title="bbox 206 676 1548 742; baseline 0.001 -18"><span class='ocrx_word' id='word_1_38' title='bbox 206 676 316 725; x_wconf 89' lang='lat' dir='ltr'>Nec</span> <span class='ocrx_word' id='word_1_39' title='bbox 341 695 509 742; x_wconf 88' lang='lat' dir='ltr'>prece,</span> <span class='ocrx_word' id='word_1_40' title='bbox 537 695 631 726; x_wconf 89' lang='lat' dir='ltr'>nec</span> <span class='ocrx_word' id='word_1_41' title='bbox 657 679 854 741; x_wconf 85' lang='lat' dir='ltr'>magico</span> <span class='ocrx_word' id='word_1_42' title='bbox 880 679 1102 728; x_wconf 89' lang='lat' dir='ltr'>carmine</span> <span class='ocrx_word' id='word_1_43' title='bbox 1128 686 1288 727; x_wconf 89' lang='lat' dir='ltr'>mater</span> <span class='ocrx_word' id='word_1_44' title='bbox 1313 680 1428 727; x_wconf 90' lang='lat' dir='ltr'>eris.</span> <span class='ocrx_word' id='word_1_45' title='bbox 1451 682 1548 727; x_wconf 82' lang='lat'>426</span> 
     </span>
    </p>

    <p class='ocr_par' dir='ltr' id='par_1_6' title="bbox 138 754 1352 899">
     <span class='ocr_line' id='line_1_9' title="bbox 138 754 1352 822; baseline 0.003 -20"><span class='ocrx_word' id='word_1_46' title='bbox 138 754 335 820; x_wconf 82' lang='lat' dir='ltr'>Excipe</span> <span class='ocrx_word' id='word_1_47' title='bbox 360 756 589 804; x_wconf 86' lang='lat' dir='ltr'>fecundae</span> <span class='ocrx_word' id='word_1_48' title='bbox 616 758 868 822; x_wconf 83' lang='lat' dir='ltr'>patienter</span> <span class='ocrx_word' id='word_1_49' title='bbox 892 758 1102 805; x_wconf 89' lang='lat' dir='ltr'>verbera</span> <span class='ocrx_word' id='word_1_50' title='bbox 1128 758 1322 805; x_wconf 81' lang='lat' dir='ltr'>dextrae</span> <span class='ocrx_word' id='word_1_51' title='bbox 1343 775 1352 806; x_wconf 90' lang='lat'>:</span> 
     </span>
     <span class='ocr_line' id='line_1_10' title="bbox 203 833 1238 899; baseline 0.002 -19"><span class='ocrx_word' id='word_1_52' title='bbox 203 833 233 879; x_wconf 86' lang='lat' dir='ltr'>J</span> <span class='ocrx_word' id='word_1_53' title='bbox 240 849 321 881; x_wconf 90' lang='lat' dir='ltr'>am</span> <span class='ocrx_word' id='word_1_54' title='bbox 345 851 488 882; x_wconf 91' lang='lat' dir='ltr'>socer</span> <span class='ocrx_word' id='word_1_55' title='bbox 512 835 673 899; x_wconf 88' lang='lat' dir='ltr'>optati</span> <span class='ocrx_word' id='word_1_56' title='bbox 698 851 883 883; x_wconf 89' lang='lat' dir='ltr'>nomen</span> <span class='ocrx_word' id='word_1_57' title='bbox 909 835 1120 883; x_wconf 90' lang='lat' dir='ltr'>habebit</span> <span class='ocrx_word' id='word_1_58' title='bbox 1144 834 1238 882; x_wconf 90' lang='lat' dir='ltr'>avi.</span> 
     </span>
    </p>

    <p class='ocr_par' dir='ltr' id='par_1_7' title="bbox 140 910 1368 976">
     <span class='ocr_line' id='line_1_11' title="bbox 140 910 1368 976; baseline 0.002 -18"><span class='ocrx_word' id='word_1_59' title='bbox 140 910 273 958; x_wconf 90' lang='lat' dir='ltr'>Nam</span> <span class='ocrx_word' id='word_1_60' title='bbox 299 911 392 959; x_wconf 85' lang='lat' dir='ltr'>fuit</span> <span class='ocrx_word' id='word_1_61' title='bbox 417 912 501 960; x_wconf 87' lang='lat' dir='ltr'>illa</span> <span class='ocrx_word' id='word_1_62' title='bbox 524 912 651 969; x_wconf 87' lang='lat' dir='ltr'>dies,</span> <span class='ocrx_word' id='word_1_63' title='bbox 678 913 804 960; x_wconf 90' lang='lat' dir='ltr'>dura</span> <span class='ocrx_word' id='word_1_64' title='bbox 829 928 987 976; x_wconf 89' lang='lat' dir='ltr'>quum</span> <span class='ocrx_word' id='word_1_65' title='bbox 1014 918 1148 960; x_wconf 90' lang='lat' dir='ltr'>sorte</span> <span class='ocrx_word' id='word_1_66' title='bbox 1174 912 1368 960; x_wconf 85' lang='lat' dir='ltr'>maritae</span> 
     </span>
    </p>
   </div>
   <div class='ocr_carea' id='block_1_4' title="bbox 206 989 1148 1056">
    <p class='ocr_par' dir='ltr' id='par_1_8' title="bbox 206 989 1148 1056">
     <span class='ocr_line' id='line_1_12' title="bbox 206 989 1148 1056; baseline 0.002 -20"><span class='ocrx_word' id='word_1_67' title='bbox 206 989 514 1038; x_wconf 86' lang='lat' dir='ltr'>Reddebant</span> <span class='ocrx_word' id='word_1_68' title='bbox 538 991 666 1039; x_wconf 91' lang='lat' dir='ltr'>uteri</span> <span class='ocrx_word' id='word_1_69' title='bbox 687 991 897 1056; x_wconf 81' lang='lat' dir='ltr'>pignora</span> <span class='ocrx_word' id='word_1_70' title='bbox 918 1007 1030 1038; x_wconf 86' lang='lat' dir='ltr'>rara</span> <span class='ocrx_word' id='word_1_71' title='bbox 1055 991 1148 1038; x_wconf 91' lang='lat' dir='ltr'>sui.</span> 
     </span>
    </p>
   </div>
   <div class='ocr_carea' id='block_1_5' title="bbox 1455 992 1554 1036">
    <p class='ocr_par' dir='ltr' id='par_1_9' title="bbox 1455 992 1554 1036">
     <span class='ocr_line' id='line_1_13' title="bbox 1455 992 1554 1036; baseline -0.01 0"><span class='ocrx_word' id='word_1_72' title='bbox 1455 992 1554 1036; x_wconf 83' lang='lat'>430</span> 
     </span>
    </p>
   </div>
   <div class='ocr_carea' id='block_1_6' title="bbox 136 1066 1498 1351">
    <p class='ocr_par' dir='ltr' id='par_1_10' title="bbox 137 1066 1498 1212">
     <span class='ocr_line' id='line_1_14' title="bbox 137 1066 1498 1134; baseline 0.001 -20"><span class='ocrx_word' id='word_1_73' title='bbox 137 1066 272 1122; x_wconf 85' lang='lat' dir='ltr'>Quid</span> <span class='ocrx_word' id='word_1_74' title='bbox 298 1068 435 1124; x_wconf 87' lang='lat' dir='ltr'>mihi,</span> <span class='ocrx_word' id='word_1_75' title='bbox 463 1069 733 1126; x_wconf 90' lang='lat' dir='ltr'>clamabat,</span> <span class='ocrx_word' id='word_1_76' title='bbox 756 1070 963 1134; x_wconf 90' lang='lat' dir='ltr'>prodest</span> <span class='ocrx_word' id='word_1_77' title='bbox 987 1070 1216 1134; x_wconf 88' lang='lat' dir='ltr'>rapuisse</span> <span class='ocrx_word' id='word_1_78' title='bbox 1245 1068 1498 1116; x_wconf 79' lang='lat' dir='ltr'>Sabinas?</span> 
     </span>
     <span class='ocr_line' id='line_1_15' title="bbox 203 1145 1335 1212; baseline 0.001 -20"><span class='ocrx_word' id='word_1_79' title='bbox 203 1145 479 1204; x_wconf 83' lang='lat' dir='ltr'>Romulus3</span> <span class='ocrx_word' id='word_1_80' title='bbox 521 1148 616 1195; x_wconf 88' lang='lat' dir='ltr'>hoc</span> <span class='ocrx_word' id='word_1_81' title='bbox 642 1148 726 1195; x_wconf 94' lang='lat' dir='ltr'>illo</span> <span class='ocrx_word' id='word_1_82' title='bbox 753 1154 955 1212; x_wconf 87' lang='lat' dir='ltr'>sceptra</span> <span class='ocrx_word' id='word_1_83' title='bbox 979 1154 1187 1195; x_wconf 85' lang='lat' dir='ltr'>tenente</span> <span class='ocrx_word' id='word_1_84' title='bbox 1213 1146 1335 1204; x_wconf 81' lang='lat' dir='ltr'>suit3</span> 
     </span>
    </p>

    <p class='ocr_par' dir='ltr' id='par_1_11' title="bbox 136 1222 1332 1351">
     <span class='ocr_line' id='line_1_16' title="bbox 136 1222 1332 1288; baseline 0.002 -18"><span class='ocrx_word' id='word_1_85' title='bbox 136 1222 191 1270; x_wconf 85' lang='lat' dir='ltr'>Si</span> <span class='ocrx_word' id='word_1_86' title='bbox 216 1239 329 1271; x_wconf 89' lang='lat' dir='ltr'>mea</span> <span class='ocrx_word' id='word_1_87' title='bbox 353 1241 452 1271; x_wconf 87' lang='lat' dir='ltr'>non</span> <span class='ocrx_word' id='word_1_88' title='bbox 476 1225 622 1281; x_wconf 84' lang='lat' dir='ltr'>vires,</span> <span class='ocrx_word' id='word_1_89' title='bbox 651 1226 740 1273; x_wconf 89' lang='lat' dir='ltr'>sed</span> <span class='ocrx_word' id='word_1_90' title='bbox 767 1225 956 1273; x_wconf 87' lang='lat' dir='ltr'>bellum</span> <span class='ocrx_word' id='word_1_91' title='bbox 982 1224 1163 1288; x_wconf 88' lang='lat' dir='ltr'>injuria</span> <span class='ocrx_word' id='word_1_92' title='bbox 1187 1224 1332 1272; x_wconf 87' lang='lat' dir='ltr'>fecit:</span> 
     </span>
     <span class='ocr_line' id='line_1_17' title="bbox 207 1301 1170 1351; baseline 0.001 -3"><span class='ocrx_word' id='word_1_93' title='bbox 207 1301 393 1349; x_wconf 88' lang='lat' dir='ltr'>Utilius</span> <span class='ocrx_word' id='word_1_94' title='bbox 418 1302 582 1351; x_wconf 86' lang='lat' dir='ltr'>fuerat</span> <span class='ocrx_word' id='word_1_95' title='bbox 606 1319 705 1350; x_wconf 90' lang='lat' dir='ltr'>non</span> <span class='ocrx_word' id='word_1_96' title='bbox 732 1303 970 1351; x_wconf 88' lang='lat' dir='ltr'>habuisse</span> <span class='ocrx_word' id='word_1_97' title='bbox 997 1318 1170 1349; x_wconf 87' lang='lat' dir='ltr'>nurus.</span> 
     </span>
    </p>
   </div>
   <div class='ocr_carea' id='block_1_7' title="bbox 131 1503 810 2794">
    <p class='ocr_par' dir='ltr' id='par_1_12' title="bbox 131 1503 810 2145">
     <span class='ocr_line' id='line_1_18' title="bbox 135 1503 809 1543; baseline 0 -8"><span class='ocrx_word' id='word_1_98' title='bbox 135 1503 247 1536; x_wconf 89' lang='lat' dir='ltr'>Heins.</span> <span class='ocrx_word' id='word_1_99' title='bbox 268 1504 373 1536; x_wconf 84' lang='lat' dir='ltr'>docet.</span> <span class='ocrx_word' id='word_1_100' title='bbox 420 1505 486 1536; x_wconf 87' lang='lat' dir='ltr'>Alii</span> <span class='ocrx_word' id='word_1_101' title='bbox 514 1506 619 1537; x_wconf 90' lang='lat' dir='ltr'>minus</span> <span class='ocrx_word' id='word_1_102' title='bbox 642 1506 736 1543; x_wconf 88' lang='lat' dir='ltr'>bene,</span> <span class='ocrx_word' id='word_1_103' title='bbox 759 1517 809 1536; x_wconf 80' lang='lat' dir='ltr'>su-</span> 
     </span>
     <span class='ocr_line' id='line_1_19' title="bbox 132 1554 810 1597; baseline 0.003 -13"><span class='ocrx_word' id='word_1_104' title='bbox 132 1560 225 1596; x_wconf 77' lang='lat' dir='ltr'>gunt.</span> <span class='ocrx_word' id='word_1_105' title='bbox 269 1554 456 1597; x_wconf 83' lang='lat' dir='ltr'>Elegantius</span> <span class='ocrx_word' id='word_1_106' title='bbox 477 1555 575 1587; x_wconf 86' lang='lat' dir='ltr'>etiam</span> <span class='ocrx_word' id='word_1_107' title='bbox 595 1561 642 1587; x_wconf 89' lang='lat' dir='ltr'>est</span> <span class='ocrx_word' id='word_1_108' title='bbox 660 1557 810 1596; x_wconf 79' lang='lat' dir='ltr'>promissi,</span> 
     </span>
     <span class='ocr_line' id='line_1_20' title="bbox 134 1603 808 1647; baseline 0.003 -13"><span class='ocrx_word' id='word_1_109' title='bbox 134 1603 284 1635; x_wconf 84' lang='lat' dir='ltr'>destinati</span> <span class='ocrx_word' id='word_1_110' title='bbox 313 1615 332 1635; x_wconf 88' lang='lat' dir='ltr'>a</span> <span class='ocrx_word' id='word_1_111' title='bbox 361 1610 484 1642; x_wconf 85' lang='lat' dir='ltr'>natura,</span> <span class='ocrx_word' id='word_1_112' title='bbox 515 1605 600 1647; x_wconf 87' lang='lat' dir='ltr'>quod</span> <span class='ocrx_word' id='word_1_113' title='bbox 630 1605 740 1636; x_wconf 87' lang='lat' dir='ltr'>Burm.</span> <span class='ocrx_word' id='word_1_114' title='bbox 769 1617 808 1637; x_wconf 83' lang='lat' dir='ltr'>ex</span> 
     </span>
     <span class='ocr_line' id='line_1_21' title="bbox 134 1653 805 1697; baseline 0.004 -14"><span class='ocrx_word' id='word_1_115' title='bbox 134 1653 279 1685; x_wconf 85' lang='lat' dir='ltr'>Francos.</span> <span class='ocrx_word' id='word_1_116' title='bbox 306 1654 400 1685; x_wconf 86' lang='lat' dir='ltr'>Voss.</span> <span class='ocrx_word' id='word_1_117' title='bbox 428 1660 461 1686; x_wconf 78' lang='lat' dir='ltr'>et</span> <span class='ocrx_word' id='word_1_118' title='bbox 498 1665 537 1685; x_wconf 79' lang='lat' dir='ltr'>ex</span> <span class='ocrx_word' id='word_1_119' title='bbox 573 1653 644 1686; x_wconf 86' lang='lat' dir='ltr'>aliis</span> <span class='ocrx_word' id='word_1_120' title='bbox 674 1655 805 1697; x_wconf 89' lang='lat' dir='ltr'>recepit,</span> 
     </span>
     <span class='ocr_line' id='line_1_22' title="bbox 134 1704 807 1746; baseline 0.003 -12"><span class='ocrx_word' id='word_1_121' title='bbox 134 1713 230 1744; x_wconf 85' lang='lat' dir='ltr'>quam</span> <span class='ocrx_word' id='word_1_122' title='bbox 264 1704 405 1746; x_wconf 84' lang='lat' dir='ltr'>vulgare,</span> <span class='ocrx_word' id='word_1_123' title='bbox 431 1706 587 1744; x_wconf 78' lang='lat' dir='ltr'>promissa.</span> <span class='ocrx_word' id='word_1_124' title='bbox 633 1705 697 1736; x_wconf 83' lang='lat' dir='ltr'>Illa</span> <span class='ocrx_word' id='word_1_125' title='bbox 735 1706 807 1742; x_wconf 79' lang='lat' dir='ltr'>loco,</span> 
     </span>
     <span class='ocr_line' id='line_1_23' title="bbox 132 1753 806 1786; baseline 0.004 -3"><span class='ocrx_word' id='word_1_126' title='bbox 132 1758 195 1783; x_wconf 84' lang='lat' dir='ltr'>etc.</span> <span class='ocrx_word' id='word_1_127' title='bbox 240 1753 346 1785; x_wconf 83' lang='lat' dir='ltr'>Etiam</span> <span class='ocrx_word' id='word_1_128' title='bbox 370 1754 536 1785; x_wconf 84' lang='lat' dir='ltr'>Plutarch.</span> <span class='ocrx_word' id='word_1_129' title='bbox 554 1754 620 1785; x_wconf 92' lang='lat' dir='ltr'>Vit.</span> <span class='ocrx_word' id='word_1_130' title='bbox 641 1755 736 1786; x_wconf 87' lang='lat' dir='ltr'>Rom.</span> <span class='ocrx_word' id='word_1_131' title='bbox 751 1757 806 1786; x_wconf 85' lang='lat'>21.</span> 
     </span>
     <span class='ocr_line' id='line_1_24' title="bbox 134 1801 808 1849; baseline 0.004 -16"><span class='ocrx_word' id='word_1_132' title='bbox 134 1801 273 1834; x_wconf 79' lang='grc' dir='ltr'>δύναται</span> <span class='ocrx_word' id='word_1_133' title='bbox 291 1804 354 1845; x_wconf 81' lang='grc' dir='ltr'>γὰρ</span> <span class='ocrx_word' id='word_1_134' title='bbox 373 1802 442 1835; x_wconf 83' lang='grc' dir='ltr'>ἀπὸ</span> <span class='ocrx_word' id='word_1_135' title='bbox 456 1806 517 1843; x_wconf 84' lang='grc' dir='ltr'>τῆς</span> <span class='ocrx_word' id='word_1_136' title='bbox 537 1804 701 1843; x_wconf 77' lang='grc' dir='ltr'>λυκαίνης</span> <span class='ocrx_word' id='word_1_137' title='bbox 715 1817 808 1849; x_wconf 78' lang='grc' dir='ltr'>γεγο-</span> 
     </span>
     <span class='ocr_line' id='line_1_25' title="bbox 134 1851 810 1896; baseline 0.003 -12"><span class='ocrx_word' id='word_1_138' title='bbox 134 1851 228 1884; x_wconf 77' lang='grc' dir='ltr'>νέναι</span> <span class='ocrx_word' id='word_1_139' title='bbox 240 1853 272 1895; x_wconf 83' lang='grc' dir='ltr'>γ’</span> <span class='ocrx_word' id='word_1_140' title='bbox 284 1853 422 1896; x_wconf 80' lang='grc' dir='ltr'>οὕνομα.</span> <span class='ocrx_word' id='word_1_141' title='bbox 444 1854 512 1885; x_wconf 83' lang='grc' dir='ltr'>Καὶ</span> <span class='ocrx_word' id='word_1_142' title='bbox 525 1853 588 1896; x_wconf 81' lang='grc' dir='ltr'>γὰρ</span> <span class='ocrx_word' id='word_1_143' title='bbox 599 1852 810 1896; x_wconf 66' lang='grc' dir='ltr'>ἀρχομένους</span> 
     </span>
     <span class='ocr_line' id='line_1_26' title="bbox 134 1902 804 1947; baseline 0.001 -13"><span class='ocrx_word' id='word_1_144' title='bbox 134 1905 198 1941; x_wconf 83' lang='grc' dir='ltr'>τῆς</span> <span class='ocrx_word' id='word_1_145' title='bbox 211 1902 410 1946; x_wconf 79' lang='grc' dir='ltr'>περιδρομῆς</span> <span class='ocrx_word' id='word_1_146' title='bbox 420 1905 498 1941; x_wconf 83' lang='grc' dir='ltr'><em>τοὺς</em></span> <span class='ocrx_word' id='word_1_147' title='bbox 509 1903 716 1947; x_wconf 78' lang='grc' dir='ltr'>Λουπέρκους</span> <span class='ocrx_word' id='word_1_148' title='bbox 728 1904 804 1947; x_wconf 78' lang='grc' dir='ltr'>ὁρῶ-</span> 
     </span>
     <span class='ocr_line' id='line_1_27' title="bbox 133 1952 805 1996; baseline 0.003 -12"><span class='ocrx_word' id='word_1_149' title='bbox 133 1965 196 1995; x_wconf 84' lang='grc' dir='ltr'>μεν</span> <span class='ocrx_word' id='word_1_150' title='bbox 229 1953 391 1989; x_wconf 76' lang='grc' dir='ltr'>ἐντεῦθεν,</span> <span class='ocrx_word' id='word_1_151' title='bbox 424 1953 511 1984; x_wconf 87' lang='grc' dir='ltr'>ὅπου</span> <span class='ocrx_word' id='word_1_152' title='bbox 541 1954 601 1985; x_wconf 80' lang='grc' dir='ltr'>τὸν</span> <span class='ocrx_word' id='word_1_153' title='bbox 630 1952 805 1996; x_wconf 80' lang='grc' dir='ltr'>Ῥωμύλον</span> 
     </span>
     <span class='ocr_line' id='line_1_28' title="bbox 132 2002 806 2046; baseline 0.003 -12"><span class='ocrx_word' id='word_1_154' title='bbox 132 2002 305 2042; x_wconf 61' lang='grc' dir='ltr'>ἐκτεθῆναι</span> <span class='ocrx_word' id='word_1_155' title='bbox 333 2002 502 2046; x_wconf 77' lang='grc' dir='ltr'>λέγουσιν.</span> <span class='ocrx_word' id='word_1_156' title='bbox 549 2004 643 2035; x_wconf 84' lang='lat' dir='ltr'>Cous.</span> <span class='ocrx_word' id='word_1_157' title='bbox 672 2004 711 2035; x_wconf 86' lang='lat' dir='ltr'>ad</span> <span class='ocrx_word' id='word_1_158' title='bbox 742 2015 806 2036; x_wconf 90' lang='lat' dir='ltr'>ver.</span> 
     </span>
     <span class='ocr_line' id='line_1_29' title="bbox 132 2053 807 2097; baseline 0.004 -14"><span class='ocrx_word' id='word_1_159' title='bbox 132 2053 208 2084; x_wconf 94' lang='lat'><strong>279.</strong></span> <span class='ocrx_word' id='word_1_160' title='bbox 256 2053 375 2095; x_wconf 76' lang='lat' dir='ltr'>Magna</span> <span class='ocrx_word' id='word_1_161' title='bbox 394 2057 530 2094; x_wconf 74' lang='lat' dir='ltr'>proemia,</span> <span class='ocrx_word' id='word_1_162' title='bbox 546 2065 660 2097; x_wconf 85' lang='lat' dir='ltr'>nempe</span> <span class='ocrx_word' id='word_1_163' title='bbox 681 2055 765 2097; x_wconf 89' lang='lat' dir='ltr'>quod</span> <span class='ocrx_word' id='word_1_164' title='bbox 788 2066 807 2086; x_wconf 82' lang='lat' dir='ltr'>a</span> 
     </span>
     <span class='ocr_line' id='line_1_30' title="bbox 131 2103 589 2145; baseline 0.004 -12"><span class='ocrx_word' id='word_1_165' title='bbox 131 2103 208 2145; x_wconf 87' lang='lat' dir='ltr'>lupa</span> <span class='ocrx_word' id='word_1_166' title='bbox 225 2103 296 2134; x_wconf 90' lang='lat' dir='ltr'>loco</span> <span class='ocrx_word' id='word_1_167' title='bbox 311 2114 426 2135; x_wconf 88' lang='lat' dir='ltr'>nomen</span> <span class='ocrx_word' id='word_1_168' title='bbox 442 2104 589 2136; x_wconf 80' lang='lat' dir='ltr'>inditum,</span> 
     </span>
    </p>

    <p class='ocr_par' dir='ltr' id='par_1_13' title="bbox 132 2153 810 2794">
     <span class='ocr_line' id='line_1_31' title="bbox 176 2153 807 2196; baseline 0.003 -13"><span class='ocrx_word' id='word_1_169' title='bbox 176 2153 252 2184; x_wconf 79' lang='lat'>423.</span> <span class='ocrx_word' id='word_1_170' title='bbox 276 2153 351 2184; x_wconf 81' lang='lat' dir='ltr'>Alia</span> <span class='ocrx_word' id='word_1_171' title='bbox 363 2164 469 2191; x_wconf 78' lang='lat' dir='ltr'>causa,</span> <span class='ocrx_word' id='word_1_172' title='bbox 481 2164 583 2196; x_wconf 82' lang='lat' dir='ltr'>eaque</span> <span class='ocrx_word' id='word_1_173' title='bbox 596 2154 705 2185; x_wconf 86' lang='lat' dir='ltr'>verior.</span> <span class='ocrx_word' id='word_1_174' title='bbox 729 2154 807 2186; x_wconf 89' lang='lat' dir='ltr'>Vid.</span> 
     </span>
     <span class='ocr_line' id='line_1_32' title="bbox 133 2203 808 2241; baseline 0 -7"><span class='ocrx_word' id='word_1_175' title='bbox 133 2203 174 2235; x_wconf 91' lang='lat' dir='ltr'>ad</span> <span class='ocrx_word' id='word_1_176' title='bbox 190 2214 257 2235; x_wconf 88' lang='lat' dir='ltr'>ver.</span> <span class='ocrx_word' id='word_1_177' title='bbox 271 2205 348 2235; x_wconf 75' lang='lat'>381.</span> <span class='ocrx_word' id='word_1_178' title='bbox 377 2205 511 2235; x_wconf 84' lang='lat' dir='ltr'>Sensus:</span> <span class='ocrx_word' id='word_1_179' title='bbox 538 2203 622 2241; x_wconf 84' lang='lat' dir='ltr'>Quid</span> <span class='ocrx_word' id='word_1_180' title='bbox 639 2208 724 2234; x_wconf 84' lang='lat' dir='ltr'>vetat</span> <span class='ocrx_word' id='word_1_181' title='bbox 741 2214 808 2235; x_wconf 85' lang='lat' dir='ltr'>cre-</span> 
     </span>
     <span class='ocr_line' id='line_1_33' title="bbox 133 2253 808 2296; baseline 0 -11"><span class='ocrx_word' id='word_1_182' title='bbox 133 2253 219 2290; x_wconf 86' lang='lat' dir='ltr'>dere,</span> <span class='ocrx_word' id='word_1_183' title='bbox 231 2254 389 2296; x_wconf 87' lang='lat' dir='ltr'>Lupercos</span> <span class='ocrx_word' id='word_1_184' title='bbox 404 2264 518 2284; x_wconf 86' lang='lat' dir='ltr'>nomen</span> <span class='ocrx_word' id='word_1_185' title='bbox 534 2264 552 2284; x_wconf 90' lang='lat' dir='ltr'>a</span> <span class='ocrx_word' id='word_1_186' title='bbox 564 2254 689 2295; x_wconf 86' lang='lat' dir='ltr'>Lycaeo,</span> <span class='ocrx_word' id='word_1_187' title='bbox 701 2260 808 2285; x_wconf 86' lang='lat' dir='ltr'>monte</span> 
     </span>
     <span class='ocr_line' id='line_1_34' title="bbox 132 2302 807 2346; baseline 0.001 -13"><span class='ocrx_word' id='word_1_188' title='bbox 132 2302 291 2339; x_wconf 85' lang='lat' dir='ltr'>Arcadiae,</span> <span class='ocrx_word' id='word_1_189' title='bbox 305 2303 487 2346; x_wconf 52' lang='lat' dir='ltr'>accepisse?⁴</span> <span class='ocrx_word' id='word_1_190' title='bbox 511 2303 650 2344; x_wconf 63' lang='lat' dir='ltr'>Lycaeus,</span> <span class='ocrx_word' id='word_1_191' title='bbox 667 2302 691 2333; x_wconf 91' lang='lat' dir='ltr'>si</span> <span class='ocrx_word' id='word_1_192' title='bbox 708 2302 807 2334; x_wconf 88' lang='lat' dir='ltr'>latine</span> 
     </span>
     <span class='ocr_line' id='line_1_35' title="bbox 132 2352 805 2395; baseline -0.003 -11"><span class='ocrx_word' id='word_1_193' title='bbox 132 2353 257 2390; x_wconf 85' lang='lat' dir='ltr'>reddas,</span> <span class='ocrx_word' id='word_1_194' title='bbox 274 2358 322 2384; x_wconf 85' lang='lat' dir='ltr'>est</span> <span class='ocrx_word' id='word_1_195' title='bbox 338 2354 514 2395; x_wconf 85' lang='lat' dir='ltr'>Lupercus,</span> <span class='ocrx_word' id='word_1_196' title='bbox 530 2353 639 2394; x_wconf 71' lang='lat' dir='ltr'>Lyccm</span> <span class='ocrx_word' id='word_1_197' title='bbox 655 2357 728 2383; x_wconf 84' lang='lat' dir='ltr'>sunt</span> <span class='ocrx_word' id='word_1_198' title='bbox 743 2352 805 2383; x_wconf 92' lang='lat' dir='ltr'>Lu-</span> 
     </span>
     <span class='ocr_line' id='line_1_36' title="bbox 134 2402 805 2445; baseline -0.001 -11"><span class='ocrx_word' id='word_1_199' title='bbox 134 2403 286 2445; x_wconf 84' lang='lat' dir='ltr'>percalia.</span> <span class='ocrx_word' id='word_1_200' title='bbox 334 2403 447 2444; x_wconf 82' lang='lat' dir='ltr'>Virgil.</span> <span class='ocrx_word' id='word_1_201' title='bbox 461 2404 538 2433; x_wconf 73' lang='lat' dir='ltr'>sEn.</span> <span class='ocrx_word' id='word_1_202' title='bbox 551 2402 615 2434; x_wconf 89' lang='lat' dir='ltr'>viii.</span> <span class='ocrx_word' id='word_1_203' title='bbox 629 2403 704 2433; x_wconf 84' lang='lat'>343.</span> <span class='ocrx_word' id='word_1_204' title='bbox 719 2406 739 2419; x_wconf 87' lang='lat'><strong><em>“</em></strong></span> <span class='ocrx_word' id='word_1_205' title='bbox 751 2413 805 2444; x_wconf 84' lang='lat' dir='ltr'>ge-</span> 
     </span>
     <span class='ocr_line' id='line_1_37' title="bbox 135 2452 807 2495; baseline -0.003 -11"><span class='ocrx_word' id='word_1_206' title='bbox 135 2453 202 2484; x_wconf 86' lang='lat' dir='ltr'>lida</span> <span class='ocrx_word' id='word_1_207' title='bbox 213 2457 364 2483; x_wconf 83' lang='lat' dir='ltr'>monstrat</span> <span class='ocrx_word' id='word_1_208' title='bbox 377 2453 435 2484; x_wconf 90' lang='lat' dir='ltr'>sub</span> <span class='ocrx_word' id='word_1_209' title='bbox 446 2463 522 2495; x_wconf 90' lang='lat' dir='ltr'>rupe</span> <span class='ocrx_word' id='word_1_210' title='bbox 533 2452 701 2494; x_wconf 80' lang='lat' dir='ltr'>Lupercal,</span> <span class='ocrx_word' id='word_1_211' title='bbox 714 2452 807 2483; x_wconf 88' lang='lat' dir='ltr'>Parr-</span> 
     </span>
     <span class='ocr_line' id='line_1_38' title="bbox 134 2502 805 2544; baseline -0.003 -10"><span class='ocrx_word' id='word_1_212' title='bbox 134 2503 221 2534; x_wconf 87' lang='lat' dir='ltr'>hasio</span> <span class='ocrx_word' id='word_1_213' title='bbox 242 2503 363 2534; x_wconf 85' lang='lat' dir='ltr'>dictum</span> <span class='ocrx_word' id='word_1_214' title='bbox 385 2503 487 2533; x_wconf 87' lang='lat' dir='ltr'>Panos</span> <span class='ocrx_word' id='word_1_215' title='bbox 504 2503 542 2533; x_wconf 89' lang='lat' dir='ltr'>de</span> <span class='ocrx_word' id='word_1_216' title='bbox 561 2512 646 2534; x_wconf 89' lang='lat' dir='ltr'>more</span> <span class='ocrx_word' id='word_1_217' title='bbox 662 2502 805 2544; x_wconf 81' lang='lat' dir='ltr'>Lycaei.”</span> 
     </span>
     <span class='ocr_line' id='line_1_39' title="bbox 134 2550 808 2585; baseline -0.004 -1"><span class='ocrx_word' id='word_1_218' title='bbox 134 2552 250 2585; x_wconf 84' lang='lat' dir='ltr'>Confer</span> <span class='ocrx_word' id='word_1_219' title='bbox 279 2552 400 2584; x_wconf 87' lang='lat' dir='ltr'>Justin.</span> <span class='ocrx_word' id='word_1_220' title='bbox 427 2551 553 2582; x_wconf 90' lang='lat' dir='ltr'>XLIII.</span> <span class='ocrx_word' id='word_1_221' title='bbox 581 2550 604 2582; x_wconf 91' lang='lat' dir='ltr'>i.</span> <span class='ocrx_word' id='word_1_222' title='bbox 637 2552 666 2582; x_wconf 89' lang='lat'>7.</span> <span class='ocrx_word' id='word_1_223' title='bbox 719 2551 808 2582; x_wconf 83' lang='lat' dir='ltr'>Male</span> 
     </span>
     <span class='ocr_line' id='line_1_40' title="bbox 136 2600 808 2641; baseline -0.006 -7"><span class='ocrx_word' id='word_1_224' title='bbox 136 2604 339 2634; x_wconf 85' lang='lat' dir='ltr'>Burmannus</span> <span class='ocrx_word' id='word_1_225' title='bbox 354 2601 406 2632; x_wconf 91' lang='lat' dir='ltr'>hic</span> <span class='ocrx_word' id='word_1_226' title='bbox 423 2607 454 2632; x_wconf 90' lang='lat' dir='ltr'>et</span> <span class='ocrx_word' id='word_1_227' title='bbox 470 2600 546 2632; x_wconf 83' lang='lat' dir='ltr'>alibi</span> <span class='ocrx_word' id='word_1_228' title='bbox 559 2600 660 2632; x_wconf 83' lang='lat' dir='ltr'>edidit</span> <span class='ocrx_word' id='word_1_229' title='bbox 676 2600 808 2641; x_wconf 76' lang='lat' dir='ltr'>Lyceus.</span> 
     </span>
     <span class='ocr_line' id='line_1_41' title="bbox 135 2649 809 2695; baseline -0.003 -12"><span class='ocrx_word' id='word_1_230' title='bbox 135 2654 192 2684; x_wconf 84' lang='lat' dir='ltr'>Est</span> <span class='ocrx_word' id='word_1_231' title='bbox 214 2663 308 2695; x_wconf 86' lang='lat' dir='ltr'>graec.</span> <span class='ocrx_word' id='word_1_232' title='bbox 326 2651 477 2689; x_wconf 80' lang='grc' dir='ltr'><em>Λύκαιος.</em></span> <span class='ocrx_word' id='word_1_233' title='bbox 522 2650 574 2682; x_wconf 88' lang='lat' dir='ltr'>Sic</span> <span class='ocrx_word' id='word_1_234' title='bbox 599 2656 631 2682; x_wconf 88' lang='lat' dir='ltr'>et</span> <span class='ocrx_word' id='word_1_235' title='bbox 653 2652 730 2692; x_wconf 85' lang='grc' dir='ltr'>ὃρος</span> <span class='ocrx_word' id='word_1_236' title='bbox 750 2649 809 2682; x_wconf 84' lang='grc' dir='ltr'>λύ-</span> 
     </span>
     <span class='ocr_line' id='line_1_42' title="bbox 134 2700 810 2743; baseline -0.006 -8"><span class='ocrx_word' id='word_1_237' title='bbox 134 2715 242 2735; x_wconf 82' lang='grc' dir='ltr'><strong><em>καιον.</em></strong></span> <span class='ocrx_word' id='word_1_238' title='bbox 289 2702 442 2733; x_wconf 85' lang='lat' dir='ltr'>Heinsius</span> <span class='ocrx_word' id='word_1_239' title='bbox 456 2701 570 2733; x_wconf 84' lang='lat' dir='ltr'>suadet</span> <span class='ocrx_word' id='word_1_240' title='bbox 587 2711 642 2743; x_wconf 84' lang='lat' dir='ltr'>pro</span> <span class='ocrx_word' id='word_1_241' title='bbox 658 2702 751 2732; x_wconf 77' lang='lat' dir='ltr'>dictos</span> <span class='ocrx_word' id='word_1_242' title='bbox 765 2700 810 2731; x_wconf 84' lang='lat' dir='ltr'>le·</span> 
     </span>
     <span class='ocr_line' id='line_1_43' title="bbox 135 2749 810 2794; baseline -0.006 -10"><span class='ocrx_word' id='word_1_243' title='bbox 135 2763 208 2794; x_wconf 81' lang='lat' dir='ltr'>gere</span> <span class='ocrx_word' id='word_1_244' title='bbox 224 2754 339 2789; x_wconf 74' lang='lat' dir='ltr'>ductos,</span> <span class='ocrx_word' id='word_1_245' title='bbox 359 2751 392 2783; x_wconf 85' lang='lat' dir='ltr'>h.</span> <span class='ocrx_word' id='word_1_246' title='bbox 409 2762 436 2783; x_wconf 89' lang='lat' dir='ltr'>e.</span> <span class='ocrx_word' id='word_1_247' title='bbox 453 2762 506 2783; x_wconf 89' lang='lat' dir='ltr'>eos</span> <span class='ocrx_word' id='word_1_248' title='bbox 521 2750 672 2791; x_wconf 85' lang='lat' dir='ltr'>originem</span> <span class='ocrx_word' id='word_1_249' title='bbox 690 2749 810 2781; x_wconf 83' lang='lat' dir='ltr'>trahere</span> 
     </span>
    </p>
   </div>
   <div class='ocr_carea' id='block_1_8' title="bbox 868 1503 1553 2782">
    <p class='ocr_par' dir='ltr' id='par_1_14' title="bbox 878 1503 1553 1638">
     <span class='ocr_line' id='line_1_44' title="bbox 879 1503 1553 1537; baseline -0.004 0"><span class='ocrx_word' id='word_1_250' title='bbox 879 1516 917 1537; x_wconf 86' lang='lat' dir='ltr'>ex</span> <span class='ocrx_word' id='word_1_251' title='bbox 943 1505 1095 1537; x_wconf 79' lang='lat' dir='ltr'>Arcadia.</span> <span class='ocrx_word' id='word_1_252' title='bbox 1141 1504 1187 1536; x_wconf 80' lang='lat' dir='ltr'>At</span> <span class='ocrx_word' id='word_1_253' title='bbox 1210 1515 1295 1536; x_wconf 89' lang='lat' dir='ltr'>nunc</span> <span class='ocrx_word' id='word_1_254' title='bbox 1319 1514 1422 1536; x_wconf 87' lang='lat' dir='ltr'>sermo</span> <span class='ocrx_word' id='word_1_255' title='bbox 1443 1507 1490 1535; x_wconf 87' lang='lat' dir='ltr'>est</span> <span class='ocrx_word' id='word_1_256' title='bbox 1513 1503 1553 1535; x_wconf 88' lang='lat' dir='ltr'>de</span> 
     </span>
     <span class='ocr_line' id='line_1_45' title="bbox 878 1552 1552 1595; baseline -0.006 -7"><span class='ocrx_word' id='word_1_257' title='bbox 878 1567 976 1588; x_wconf 85' lang='lat' dir='ltr'>causa</span> <span class='ocrx_word' id='word_1_258' title='bbox 996 1555 1142 1587; x_wconf 88' lang='lat' dir='ltr'>nominis.</span> <span class='ocrx_word' id='word_1_259' title='bbox 1187 1556 1239 1586; x_wconf 89' lang='lat' dir='ltr'>De</span> <span class='ocrx_word' id='word_1_260' title='bbox 1262 1556 1379 1595; x_wconf 79' lang='lat' dir='ltr'>templis</span> <span class='ocrx_word' id='word_1_261' title='bbox 1398 1553 1461 1585; x_wconf 89' lang='lat' dir='ltr'>illis</span> <span class='ocrx_word' id='word_1_262' title='bbox 1479 1552 1552 1584; x_wconf 87' lang='lat' dir='ltr'>vide</span> 
     </span>
     <span class='ocr_line' id='line_1_46' title="bbox 879 1604 1151 1638; baseline -0.007 -1"><span class='ocrx_word' id='word_1_263' title='bbox 879 1606 920 1637; x_wconf 84' lang='lat' dir='ltr'>ad</span> <span class='ocrx_word' id='word_1_264' title='bbox 935 1616 1059 1638; x_wconf 88' lang='lat' dir='ltr'>versum</span> <span class='ocrx_word' id='word_1_265' title='bbox 1075 1604 1151 1636; x_wconf 84' lang='lat'>271.</span> 
     </span>
    </p>

    <p class='ocr_par' dir='ltr' id='par_1_15' title="bbox 874 1652 1553 2434">
     <span class='ocr_line' id='line_1_47' title="bbox 922 1652 1553 1697; baseline -0.006 -10"><span class='ocrx_word' id='word_1_266' title='bbox 922 1656 998 1688; x_wconf 80' lang='lat'>425.</span> <span class='ocrx_word' id='word_1_267' title='bbox 1029 1655 1125 1686; x_wconf 88' lang='lat' dir='ltr'>Ritus</span> <span class='ocrx_word' id='word_1_268' title='bbox 1148 1654 1314 1697; x_wconf 85' lang='lat' dir='ltr'>cujusdam</span> <span class='ocrx_word' id='word_1_269' title='bbox 1338 1653 1378 1684; x_wconf 90' lang='lat' dir='ltr'>ab</span> <span class='ocrx_word' id='word_1_270' title='bbox 1402 1652 1553 1684; x_wconf 80' lang='lat' dir='ltr'>Evandro</span> 
     </span>
     <span class='ocr_line' id='line_1_48' title="bbox 876 1702 1553 1746; baseline -0.006 -9"><span class='ocrx_word' id='word_1_271' title='bbox 876 1717 938 1737; x_wconf 90' lang='lat' dir='ltr'>non</span> <span class='ocrx_word' id='word_1_272' title='bbox 975 1705 1098 1736; x_wconf 88' lang='lat' dir='ltr'>inducti</span> <span class='ocrx_word' id='word_1_273' title='bbox 1132 1704 1229 1746; x_wconf 82' lang='lat' dir='ltr'>origo.</span> <span class='ocrx_word' id='word_1_274' title='bbox 1275 1702 1410 1745; x_wconf 88' lang='lat' dir='ltr'>Luperci</span> <span class='ocrx_word' id='word_1_275' title='bbox 1439 1712 1553 1744; x_wconf 84' lang='lat' dir='ltr'>nempe</span> 
     </span>
     <span class='ocr_line' id='line_1_49' title="bbox 877 1751 1553 1796; baseline -0.01 -8"><span class='ocrx_word' id='word_1_276' title='bbox 877 1761 1050 1791; x_wconf 87' lang='lat' dir='ltr'>currentes,</span> <span class='ocrx_word' id='word_1_277' title='bbox 1068 1754 1205 1796; x_wconf 86' lang='lat' dir='ltr'>pellibus</span> <span class='ocrx_word' id='word_1_278' title='bbox 1228 1753 1430 1785; x_wconf 79' lang='lat' dir='ltr'>victimarum</span> <span class='ocrx_word' id='word_1_279' title='bbox 1458 1751 1553 1782; x_wconf 82' lang='lat' dir='ltr'>sectis</span> 
     </span>
     <span class='ocr_line' id='line_1_50' title="bbox 876 1801 1553 1843; baseline -0.01 -6"><span class='ocrx_word' id='word_1_280' title='bbox 876 1805 1045 1838; x_wconf 85' lang='lat' dir='ltr'>caedebant</span> <span class='ocrx_word' id='word_1_281' title='bbox 1055 1803 1203 1834; x_wconf 89' lang='lat' dir='ltr'>mulieres</span> <span class='ocrx_word' id='word_1_282' title='bbox 1215 1802 1336 1838; x_wconf 89' lang='lat' dir='ltr'>obvias,</span> <span class='ocrx_word' id='word_1_283' title='bbox 1349 1812 1411 1843; x_wconf 93' lang='lat' dir='ltr'>quo</span> <span class='ocrx_word' id='word_1_284' title='bbox 1427 1801 1553 1832; x_wconf 88' lang='lat' dir='ltr'>facilius</span> 
     </span>
     <span class='ocr_line' id='line_1_51' title="bbox 877 1850 1551 1898; baseline -0.01 -11"><span class='ocrx_word' id='word_1_285' title='bbox 877 1854 1092 1898; x_wconf 87' lang='lat' dir='ltr'>conciperent.</span> <span class='ocrx_word' id='word_1_286' title='bbox 1107 1850 1446 1885; x_wconf 84' lang='lat' dir='ltr'>Conf.Plutarch.Vit.</span> <span class='ocrx_word' id='word_1_287' title='bbox 1456 1850 1551 1881; x_wconf 89' lang='lat' dir='ltr'>Rom.</span> 
     </span>
     <span class='ocr_line' id='line_1_52' title="bbox 874 1900 1552 1945; baseline -0.012 -8"><span class='ocrx_word' id='word_1_288' title='bbox 874 1908 930 1938; x_wconf 88' lang='lat'>21.</span> <span class='ocrx_word' id='word_1_289' title='bbox 980 1904 1081 1945; x_wconf 80' lang='lat' dir='ltr'><em>Magae</em></span> <span class='ocrx_word' id='word_1_290' title='bbox 1103 1913 1175 1933; x_wconf 90' lang='lat' dir='ltr'>cum</span> <span class='ocrx_word' id='word_1_291' title='bbox 1197 1903 1292 1932; x_wconf 82' lang='lat' dir='ltr'>herbis</span> <span class='ocrx_word' id='word_1_292' title='bbox 1314 1900 1552 1942; x_wconf 84' lang='lat' dir='ltr'>conjungebant</span> 
     </span>
     <span class='ocr_line' id='line_1_53' title="bbox 875 1949 1551 1994; baseline -0.01 -8"><span class='ocrx_word' id='word_1_293' title='bbox 875 1957 1015 1986; x_wconf 67' lang='lat' dir='ltr'>carmina</span> <span class='ocrx_word' id='word_1_294' title='bbox 1039 1957 1136 1994; x_wconf 85' lang='lat' dir='ltr'>atque</span> <span class='ocrx_word' id='word_1_295' title='bbox 1159 1962 1261 1991; x_wconf 83' lang='lat' dir='ltr'>preces</span> <span class='ocrx_word' id='word_1_296' title='bbox 1284 1949 1325 1981; x_wconf 89' lang='lat' dir='ltr'>ad</span> <span class='ocrx_word' id='word_1_297' title='bbox 1349 1950 1495 1980; x_wconf 84' lang='lat' dir='ltr'>Hecaten</span> <span class='ocrx_word' id='word_1_298' title='bbox 1519 1954 1551 1979; x_wconf 89' lang='lat' dir='ltr'>et</span> 
     </span>
     <span class='ocr_line' id='line_1_54' title="bbox 874 1998 1547 2036; baseline -0.012 0"><span class='ocrx_word' id='word_1_299' title='bbox 874 2005 1045 2036; x_wconf 87' lang='lat' dir='ltr'>Tellurem.</span> <span class='ocrx_word' id='word_1_300' title='bbox 1093 2002 1231 2032; x_wconf 86' lang='lat' dir='ltr'>Metam.</span> <span class='ocrx_word' id='word_1_301' title='bbox 1246 1999 1301 2031; x_wconf 90' lang='lat' dir='ltr'>vii.</span> <span class='ocrx_word' id='word_1_302' title='bbox 1319 2000 1392 2030; x_wconf 82' lang='lat'><strong>194.</strong></span> <span class='ocrx_word' id='word_1_303' title='bbox 1408 1998 1547 2029; x_wconf 84' lang='lat' dir='ltr'>Medea:</span> 
     </span>
     <span class='ocr_line' id='line_1_55' title="bbox 876 2050 1551 2095; baseline -0.01 -10"><span class='ocrx_word' id='word_1_304' title='bbox 876 2060 895 2072; x_wconf 92' lang='lat'>“</span> <span class='ocrx_word' id='word_1_305' title='bbox 912 2055 1026 2095; x_wconf 91' lang='lat' dir='ltr'>Tuque</span> <span class='ocrx_word' id='word_1_306' title='bbox 1055 2051 1170 2093; x_wconf 86' lang='lat' dir='ltr'>triceps</span> <span class='ocrx_word' id='word_1_307' title='bbox 1198 2050 1334 2086; x_wconf 84' lang='lat' dir='ltr'>Hecate,</span> <span class='ocrx_word' id='word_1_308' title='bbox 1357 2058 1551 2091; x_wconf 84' lang='lat' dir='ltr'>quae——can-</span> 
     </span>
     <span class='ocr_line' id='line_1_56' title="bbox 876 2098 1549 2146; baseline -0.01 -12"><span class='ocrx_word' id='word_1_309' title='bbox 876 2110 992 2146; x_wconf 89' lang='lat' dir='ltr'>tusque</span> <span class='ocrx_word' id='word_1_310' title='bbox 1021 2108 1168 2142; x_wconf 84' lang='lat' dir='ltr'>artesque</span> <span class='ocrx_word' id='word_1_311' title='bbox 1198 2109 1374 2141; x_wconf 83' lang='lat' dir='ltr'>magarum,</span> <span class='ocrx_word' id='word_1_312' title='bbox 1402 2098 1549 2139; x_wconf 87' lang='lat' dir='ltr'>Quaeque</span> 
     </span>
     <span class='ocr_line' id='line_1_57' title="bbox 877 2147 1552 2195; baseline -0.012 -10"><span class='ocrx_word' id='word_1_313' title='bbox 877 2164 999 2195; x_wconf 85' lang='lat' dir='ltr'>magas,</span> <span class='ocrx_word' id='word_1_314' title='bbox 1009 2151 1128 2187; x_wconf 87' lang='lat' dir='ltr'>Tellus,</span> <span class='ocrx_word' id='word_1_315' title='bbox 1140 2149 1333 2192; x_wconf 84' lang='lat' dir='ltr'>pollentibus</span> <span class='ocrx_word' id='word_1_316' title='bbox 1343 2147 1470 2179; x_wconf 80' lang='lat' dir='ltr'>instruis</span> <span class='ocrx_word' id='word_1_317' title='bbox 1481 2147 1552 2178; x_wconf 87' lang='lat' dir='ltr'>her-</span> 
     </span>
     <span class='ocr_line' id='line_1_58' title="bbox 876 2196 1549 2234; baseline -0.01 0"><span class='ocrx_word' id='word_1_318' title='bbox 876 2202 965 2234; x_wconf 76' lang='lat' dir='ltr'>bis.&#39;&#39;</span> <span class='ocrx_word' id='word_1_319' title='bbox 1012 2202 1149 2232; x_wconf 89' lang='lat' dir='ltr'>Metam.</span> <span class='ocrx_word' id='word_1_320' title='bbox 1164 2199 1209 2231; x_wconf 92' lang='lat' dir='ltr'>iv.</span> <span class='ocrx_word' id='word_1_321' title='bbox 1226 2199 1279 2230; x_wconf 85' lang='lat'>49.</span> <span class='ocrx_word' id='word_1_322' title='bbox 1296 2196 1376 2229; x_wconf 86' lang='lat' dir='ltr'>Nais</span> <span class='ocrx_word' id='word_1_323' title='bbox 1391 2204 1486 2228; x_wconf 76' lang='lat' dir='ltr'>cantu</span> <span class='ocrx_word' id='word_1_324' title='bbox 1501 2198 1549 2227; x_wconf 75' lang='grc' dir='ltr'>ηἰ-</span> 
     </span>
     <span class='ocr_line' id='line_1_59' title="bbox 877 2248 1548 2292; baseline -0.01 -8"><span class='ocrx_word' id='word_1_325' title='bbox 877 2255 1028 2292; x_wconf 78' lang='lat' dir='ltr'>miumque</span> <span class='ocrx_word' id='word_1_326' title='bbox 1041 2251 1213 2291; x_wconf 69' lang='lat' dir='ltr'>potentibus</span> <span class='ocrx_word' id='word_1_327' title='bbox 1228 2248 1465 2290; x_wconf 81' lang='lat' dir='ltr'>herbisjuvenes</span> <span class='ocrx_word' id='word_1_328' title='bbox 1479 2257 1548 2278; x_wconf 90' lang='lat' dir='ltr'>mu-</span> 
     </span>
     <span class='ocr_line' id='line_1_60' title="bbox 877 2296 1551 2344; baseline -0.01 -10"><span class='ocrx_word' id='word_1_329' title='bbox 877 2308 924 2335; x_wconf 85' lang='lat' dir='ltr'>tat</span> <span class='ocrx_word' id='word_1_330' title='bbox 939 2302 970 2333; x_wconf 94' lang='lat' dir='ltr'>in</span> <span class='ocrx_word' id='word_1_331' title='bbox 994 2302 1108 2344; x_wconf 85' lang='lat' dir='ltr'>pisces.</span> <span class='ocrx_word' id='word_1_332' title='bbox 1142 2298 1228 2331; x_wconf 89' lang='lat' dir='ltr'>Vide</span> <span class='ocrx_word' id='word_1_333' title='bbox 1243 2303 1275 2329; x_wconf 86' lang='lat' dir='ltr'>et</span> <span class='ocrx_word' id='word_1_334' title='bbox 1292 2303 1357 2328; x_wconf 92' lang='lat' dir='ltr'>not.</span> <span class='ocrx_word' id='word_1_335' title='bbox 1373 2296 1413 2328; x_wconf 85' lang='lat' dir='ltr'>ad</span> <span class='ocrx_word' id='word_1_336' title='bbox 1428 2308 1458 2328; x_wconf 87' lang='lat' dir='ltr'>x.</span> <span class='ocrx_word' id='word_1_337' title='bbox 1475 2297 1551 2328; x_wconf 88' lang='lat'><strong>397.</strong></span> 
     </span>
     <span class='ocr_line' id='line_1_61' title="bbox 875 2346 1550 2392; baseline -0.01 -8"><span class='ocrx_word' id='word_1_338' title='bbox 875 2354 947 2384; x_wconf 74' lang='lat' dir='ltr'>Jam</span> <span class='ocrx_word' id='word_1_339' title='bbox 960 2362 1051 2388; x_wconf 83' lang='lat' dir='ltr'>socer,</span> <span class='ocrx_word' id='word_1_340' title='bbox 1061 2355 1123 2382; x_wconf 89' lang='lat' dir='ltr'>etc.</span> <span class='ocrx_word' id='word_1_341' title='bbox 1131 2349 1199 2392; x_wconf 82' lang='lat' dir='ltr'>jam</span> <span class='ocrx_word' id='word_1_342' title='bbox 1214 2347 1376 2390; x_wconf 86' lang='lat' dir='ltr'>concipies</span> <span class='ocrx_word' id='word_1_343' title='bbox 1388 2351 1420 2377; x_wconf 90' lang='lat' dir='ltr'>et</span> <span class='ocrx_word' id='word_1_344' title='bbox 1435 2346 1550 2389; x_wconf 89' lang='lat' dir='ltr'>paries.</span> 
     </span>
     <span class='ocr_line' id='line_1_62' title="bbox 876 2400 1139 2434; baseline -0.019 0"><span class='ocrx_word' id='word_1_345' title='bbox 876 2402 969 2434; x_wconf 88' lang='lat' dir='ltr'>Conf.</span> <span class='ocrx_word' id='word_1_346' title='bbox 982 2412 1046 2433; x_wconf 88' lang='lat' dir='ltr'>ver.</span> <span class='ocrx_word' id='word_1_347' title='bbox 1062 2400 1139 2431; x_wconf 87' lang='lat'><strong>448.</strong></span> 
     </span>
    </p>

    <p class='ocr_par' dir='ltr' id='par_1_16' title="bbox 868 2446 1552 2782">
     <span class='ocr_line' id='line_1_63' title="bbox 919 2446 1552 2491; baseline -0.014 -7"><span class='ocrx_word' id='word_1_348' title='bbox 919 2454 993 2484; x_wconf 84' lang='lat'><strong>429.</strong></span> <span class='ocrx_word' id='word_1_349' title='bbox 1016 2451 1078 2482; x_wconf 90' lang='lat' dir='ltr'>Illo</span> <span class='ocrx_word' id='word_1_350' title='bbox 1091 2455 1233 2491; x_wconf 83' lang='lat' dir='ltr'>tempore</span> <span class='ocrx_word' id='word_1_351' title='bbox 1250 2453 1315 2479; x_wconf 88' lang='lat' dir='ltr'>tam</span> <span class='ocrx_word' id='word_1_352' title='bbox 1331 2446 1471 2488; x_wconf 81' lang='lat' dir='ltr'>maligna</span> <span class='ocrx_word' id='word_1_353' title='bbox 1485 2450 1552 2476; x_wconf 85' lang='lat' dir='ltr'>erat</span> 
     </span>
     <span class='ocr_line' id='line_1_64' title="bbox 876 2494 1550 2546; baseline -0.015 -11"><span class='ocrx_word' id='word_1_354' title='bbox 876 2508 1045 2546; x_wconf 84' lang='lat' dir='ltr'>nuptarum</span> <span class='ocrx_word' id='word_1_355' title='bbox 1060 2505 1184 2535; x_wconf 85' lang='lat' dir='ltr'>natura,</span> <span class='ocrx_word' id='word_1_356' title='bbox 1201 2504 1236 2530; x_wconf 90' lang='lat' dir='ltr'>ut</span> <span class='ocrx_word' id='word_1_357' title='bbox 1256 2508 1326 2529; x_wconf 87' lang='lat' dir='ltr'>raro</span> <span class='ocrx_word' id='word_1_358' title='bbox 1346 2497 1462 2527; x_wconf 83' lang='lat' dir='ltr'>liberos</span> <span class='ocrx_word' id='word_1_359' title='bbox 1483 2494 1550 2526; x_wconf 89' lang='lat' dir='ltr'>eni-</span> 
     </span>
     <span class='ocr_line' id='line_1_65' title="bbox 877 2546 1548 2588; baseline -0.015 -4"><span class='ocrx_word' id='word_1_360' title='bbox 877 2557 1028 2584; x_wconf 81' lang='lat' dir='ltr'>terentur.</span> <span class='ocrx_word' id='word_1_361' title='bbox 1075 2549 1265 2580; x_wconf 82' lang='lat' dir='ltr'>Sabinarum</span> <span class='ocrx_word' id='word_1_362' title='bbox 1279 2554 1388 2588; x_wconf 83' lang='lat' dir='ltr'>raptus</span> <span class='ocrx_word' id='word_1_363' title='bbox 1400 2555 1484 2587; x_wconf 87' lang='lat' dir='ltr'>saepe</span> <span class='ocrx_word' id='word_1_364' title='bbox 1499 2546 1548 2574; x_wconf 82' lang='lat' dir='ltr'>in-</span> 
     </span>
     <span class='ocr_line' id='line_1_66' title="bbox 868 2594 1546 2642; baseline -0.013 -10"><span class='ocrx_word' id='word_1_365' title='bbox 868 2603 966 2642; x_wconf 74' lang='lat' dir='ltr'>juriae</span> <span class='ocrx_word' id='word_1_366' title='bbox 995 2599 1122 2631; x_wconf 85' lang='lat' dir='ltr'>nomine</span> <span class='ocrx_word' id='word_1_367' title='bbox 1152 2602 1291 2629; x_wconf 83' lang='lat' dir='ltr'>notatur.</span> <span class='ocrx_word' id='word_1_368' title='bbox 1338 2595 1408 2627; x_wconf 91' lang='lat' dir='ltr'>Liv.</span> <span class='ocrx_word' id='word_1_369' title='bbox 1436 2594 1458 2625; x_wconf 93' lang='lat' dir='ltr'>i.</span> <span class='ocrx_word' id='word_1_370' title='bbox 1488 2594 1526 2624; x_wconf 85' lang='lat'>13</span> <span class='ocrx_word' id='word_1_371' title='bbox 1541 2605 1546 2622; x_wconf 77' lang='grc' dir='ltr'><em>τ</em></span> 
     </span>
     <span class='ocr_line' id='line_1_67' title="bbox 877 2642 1550 2689; baseline -0.016 -6"><span class='ocrx_word' id='word_1_372' title='bbox 877 2657 898 2669; x_wconf 85' lang='grc'><strong><em>“</em></strong></span> <span class='ocrx_word' id='word_1_373' title='bbox 915 2651 1040 2683; x_wconf 85' lang='lat' dir='ltr'>Sabinae</span> <span class='ocrx_word' id='word_1_374' title='bbox 1053 2648 1212 2685; x_wconf 88' lang='lat' dir='ltr'>mulieres,</span> <span class='ocrx_word' id='word_1_375' title='bbox 1229 2657 1363 2689; x_wconf 89' lang='lat' dir='ltr'>quarum</span> <span class='ocrx_word' id='word_1_376' title='bbox 1379 2656 1417 2676; x_wconf 81' lang='lat' dir='ltr'>ex</span> <span class='ocrx_word' id='word_1_377' title='bbox 1435 2642 1550 2686; x_wconf 86' lang='lat' dir='ltr'>injuria</span> 
     </span>
     <span class='ocr_line' id='line_1_68' title="bbox 878 2693 1547 2734; baseline -0.01 -3"><span class='ocrx_word' id='word_1_378' title='bbox 878 2700 999 2732; x_wconf 90' lang='lat' dir='ltr'>bellum</span> <span class='ocrx_word' id='word_1_379' title='bbox 1014 2698 1154 2731; x_wconf 85' lang='lat' dir='ltr'>ortum.&#39;&#39;</span> <span class='ocrx_word' id='word_1_380' title='bbox 1205 2697 1298 2734; x_wconf 81' lang='lat' dir='ltr'>Vires,</span> <span class='ocrx_word' id='word_1_381' title='bbox 1312 2693 1547 2728; x_wconf 84' lang='lat' dir='ltr'>multitudinem</span> 
     </span>
     <span class='ocr_line' id='line_1_69' title="bbox 880 2746 1338 2782; baseline -0.009 -2"><span class='ocrx_word' id='word_1_382' title='bbox 880 2750 1007 2782; x_wconf 76' lang='lat' dir='ltr'>civium.</span> <span class='ocrx_word' id='word_1_383' title='bbox 1056 2748 1166 2780; x_wconf 79' lang='lat' dir='ltr'>Nurus</span> <span class='ocrx_word' id='word_1_384' title='bbox 1180 2746 1338 2778; x_wconf 88' lang='lat' dir='ltr'>mulieres.</span> 
     </span>
    </p>
   </div>
  </div>
 </body>
</html>
