1809 3220
215 162 303 204 382
752 155 1117 203 EXGURSUS‘

217 278 402 333 quodam
440 277 598 319 Latine
636 291 822 325 versum,
859 293 883 319 e
920 278 1113 333 pluribus
1147 279 1422 331 compilatum
1459 284 1504 320 et
1544 279 1633 321 sine

216 348 470 389 auctoritate
502 346 683 388 Petavio
711 348 893 388 videtur.
956 348 1077 389 Aetii
1106 348 1306 390 Amideni
1335 348 1493 389 medici
1519 353 1633 400 παρά-

214 436 339 468 πηγμα
360 417 532 469 (Petav.
556 417 675 467 421.)
705 432 776 459 eas
811 424 976 459 tantum
1008 419 1118 459 aeris
1147 418 1421 466 mutationes,
1449 431 1546 472 quae
1579 416 1634 457 ad

216 493 473 541 aegrotorum
508 492 665 527 statum
697 487 884 542 aliquam
918 488 1000 528 vim
1034 487 1190 529 habere
1225 488 1527 535 credebantur,
1557 500 1632 526 ex-

215 556 366 611 cerpit.
430 555 568 598 Usum
601 571 747 597 eorum
782 557 824 597 in
862 556 1154 598 Romanorum
1187 557 1305 599 fastis
1342 555 1524 604 rusticis,
1559 553 1634 610 qui

216 626 295 667 toti
316 626 367 667 ab
390 626 439 667 iis
465 626 557 667 fere
587 627 794 681 pendent,
820 626 1088 682 explicandis
1117 634 1161 668 et
1188 626 1473 682 dijudicandis
1499 625 1633 666 maxi-

215 710 331 736 mum
353 710 463 744 esse,
487 702 621 750 patet.

274 764 367 805 III.
400 764 452 805 In
476 764 552 806 hac
576 765 704 806 etiam
727 779 788 813 re,
815 763 982 806 Graecis
1005 766 1312 820 praeeuntibus,
1334 764 1522 807 Romani
1542 779 1631 805 rus-

215 833 288 875 tici
321 834 475 875 eadem
510 840 831 888 parapegmata‚
860 835 914 875 ad
944 849 1041 889 quae
1072 835 1247 889 negotia
1279 836 1439 876 rustica
1466 848 1634 888 compo-

217 910 371 946 nerent
402 910 446 945 et
476 905 589 945 unde
626 910 905 959 tempestates
938 905 1244 959 praeviderent,
1274 906 1520 961 quotidiano
1553 918 1633 945 usu

216 974 427 1023 terebant,
451 981 496 1014 et
518 974 715 1022 Ovidius,
739 975 780 1014 in
811 974 998 1015 carmine
1029 989 1103 1015 suo
1136 975 1377 1023 condendo,
1401 975 1476 1016 hos
1500 974 1632 1015 fastos

215 1044 396 1085 rusticos
429 1058 526 1084 cum
561 1043 749 1092 urbanis,
785 1043 858 1097 qui
892 1057 986 1084 raro
1020 1043 1208 1085 siderum
1243 1044 1504 1085 mentionem
1537 1042 1632 1098 inji-

215 1114 346 1162 ciunt,
385 1113 622 1169 conjunxit.
685 1113 942 1154 Accedebat
977 1120 1120 1155 autem
1162 1115 1204 1155 in
1246 1114 1309 1155 his
1346 1114 1452 1155 alius
1492 1112 1632 1154 adhuc

215 1198 332 1232 usus,
369 1183 571 1224 feriarum
613 1183 705 1224 scil.
742 1183 995 1224 rusticarum
1038 1183 1393 1239 publicorumque
1435 1181 1633 1224 sacrifici-

216 1267 336 1294 orum
365 1253 621 1302 notationes,
652 1267 781 1308 quem
815 1259 957 1294 tamen
995 1268 1115 1294 usum
1147 1252 1316 1295 Graecis
1350 1253 1480 1294 etiam
1512 1266 1631 1307 para-

216 1323 485 1378 pegmatibus
514 1322 661 1371 fuisse,
693 1323 907 1377 conjicere
940 1323 1040 1364 licet
1068 1338 1092 1364 e
1120 1323 1289 1365 Colum.
1315 1322 1408 1364 IX.
1432 1323 1520 1365 xiv.
1544 1336 1630 1363 sec.

214 1391 296 1433 12:
337 1393 488 1435 Verum
520 1393 563 1433 in
591 1392 670 1433 liae
695 1393 813 1433 ruris
841 1393 1066 1449 disciplina
1094 1408 1246 1449 sequor
1268 1408 1377 1434 nunc
1396 1391 1567 1434 Eudoxi
1594 1397 1632 1433 et

215 1462 417 1509 Metonis,
440 1462 793 1518 antiquorumque
804 1462 954 1519 fastus
977 1463 1301 1520 astroloyormn,
1326 1463 1399 1519 qui
1427 1468 1526 1504 sunt
1554 1476 1631 1518 ap-

216 1531 302 1571 tati
314 1531 497 1586 publicis
517 1531 755 1585 sacrificiis.
809 1532 978 1573 Mutato
1001 1532 1219 1573 horizonte
1242 1539 1286 1572 et
1310 1539 1502 1586 tempore
1526 1530 1633 1571 veri-

215 1606 280 1640 tas
302 1615 449 1641 eorum
473 1600 587 1641 nulla
616 1613 722 1649 erat,
750 1601 825 1641 sed
855 1601 983 1642 etiam
1013 1608 1110 1656 post
1133 1600 1318 1642 Caesaris
1347 1601 1634 1642 accuratiores

215 1669 400 1710 calculos
436 1684 606 1724 semper
638 1670 776 1710 adhuc
811 1670 852 1710 in
892 1685 971 1710 usu
1005 1671 1249 1719 manebant,
1283 1677 1329 1711 et
1363 1671 1405 1712 in
1442 1685 1633 1712 normam

214 1740 484 1794 negotiorum
525 1740 781 1781 rusticorum
822 1740 1148 1782 adhibebantur.
1213 1740 1366 1796 Pergit
1403 1740 1498 1782 Col.
1531 1741 1559 1781 l.
1594 1755 1631 1782 c.

218 1808 333 1862 Quia
351 1815 390 1849 et
414 1809 556 1850 notior
576 1815 637 1850 est
668 1810 753 1850 ista
774 1816 893 1851 vetus
913 1810 1113 1866 ayricolis
1136 1816 1339 1865 concepta
1359 1810 1529 1865 opinio,·
1560 1823 1635 1850 nec

216 1884 355 1920 tamen
378 1879 628 1935 Hipparchi
655 1879 872 1921 subtilitas
885 1880 1198 1937 pinyzzioribzts,
1222 1886 1269 1921 ut
1293 1880 1431 1928 aiant,
1453 1879 1632 1921 rustico-

215 1963 310 1988 rum
329 1947 466 1988 literis
487 1948 722 1989 necessaria
744 1954 821 1989 est.
868 1949 939 1990 Ex
961 1949 1011 1990 iis
1033 1955 1174 1990 autem
1198 1949 1453 1990 kalendaria
1472 1949 1637 1989 rustica

214 2017 421 2058 sideralia
442 2024 490 2058 ut
511 2019 625 2072 apud
650 2018 817 2059 Colum.
838 2020 898 2060 xi.
918 2019 969 2070 Ως
1004 2018 1117 2060 Plin.
1142 2019 1260 2060 xviii.
1278 2019 1336 2060 25
1355 2033 1447 2073 sqq.
1473 2017 1633 2070 Quinc-

215 2088 325 2128 tilios
355 2087 468 2142 apud
493 2087 634 2142 Geop.
660 2087 697 2129 Ι.
722 2089 781 2129 ix.
815 2103 857 2143 p.
880 2088 951 2130 39.
984 2094 1172 2136 exstant,
1195 2088 1378 2129 conflata
1406 2094 1519 2136 sunt,
1545 2101 1631 2128 om-

214 2156 372 2211 niaque
400 2163 618 2210 praecepta
641 2156 786 2205 Plinii,
817 2157 1073 2198 Columellae
1096 2156 1368 2212 Virgifiique,
1398 2156 1433 2197 si
1461 2161 1632 2211 tempus

215 2225 491 2266 indicandum
516 2231 596 2273 est,
620 2241 704 2267 non
734 2227 830 2267 anni
857 2241 1041 2274 menses,
1067 2228 1144 2268 sed
1168 2227 1355 2268 siderum
1383 2240 1560 2267 occasus
1589 2232 1635 2267 et

216 2301 331 2336 ortus
361 2301 571 2350 spectant.
640 2296 709 2336 De
738 2296 872 2351 ipsius
902 2303 1046 2338 autem
1074 2296 1174 2337 coeli
1205 2296 1504 2337 observatione
1530 2302 1631 2336 tunc

215 2379 300 2406 non
322 2364 590 2419 cogitabatur
610 2364 652 2405 in
682 2365 854 2413 rustico,
878 2372 923 2406 et
944 2365 1056 2406 Plin.
1081 2365 1200 2406 xviii.
1224 2380 1256 2406 S.
1279 2364 1350 2406 60.
1373 2364 1445 2406 65.
1466 2364 1538 2406 67.
1567 2365 1630 2406 in-

214 2435 385 2476 docilem
406 2435 496 2475 coeli
516 2436 747 2491 (lyricolam
765 2437 818 2477 ad
840 2436 941 2477 folia
963 2436 1148 2476 decidua
1165 2444 1381 2491 tamquam
1403 2434 1631 2476 Pleiadum

216 2504 503 2546 occidentium
534 2505 718 2559 signum,
742 2506 974 2547 cicindelas
998 2512 1141 2546 autem
1163 2505 1373 2553 lucentes,
1397 2505 1539 2546 sidera
1558 2504 1630 2545 illa

216 2573 448 2621 terrestria,
475 2579 522 2614 ut
551 2573 793 2615 coelestium
816 2575 1177 2630 contemplatione
1202 2579 1389 2622 careant,
1413 2580 1628 2628 tamquam
1669 2623 1672 2626 .

216 2643 383 2684 solstitii
416 2643 796 2697 appropinquantis
830 2645 998 2700 signum
1038 2645 1264 2685 attendere
1294 2644 1434 2699 jubet.
1487 2642 1630 2697 Virgi-

216 2711 316 2753 lium
339 2710 521 2766 (Georg.
545 2712 571 2752 i.
592 2711 711 2763 257.)
735 2713 877 2761 etiam,
905 2714 977 2767 qui
1002 2713 1221 2767 praecipit:
