1809 3220
193 151 282 193 266

195 267 342 315 Talia
365 267 623 315 dicentem
648 265 831 313 tacitus
856 264 1102 312 mirabar:
1144 271 1196 312 at
1220 263 1322 319 illa,

590 149 641 191 P.
677 147 893 191 OVIDII
930 147 1213 190 NASONIS

1513 265 1612 311 275

264 344 296 392 J
302 362 358 392 us
386 344 476 391 tibi
502 342 748 399 discendi,
777 342 819 389 si
845 358 946 405 qua
971 341 1200 405 requiris,
1229 341 1313 388 ait.

201 422 314 480 Dic,
343 423 454 478 dea,
482 422 732 477 ludorum,
759 420 1015 485 respondi,
1043 436 1158 483 quae
1184 418 1250 466 sit
1274 418 1428 481 origo,

265 500 366 548 Vix
391 501 523 548 bene
550 500 800 548 desieram
821 518 831 557 ;
875 498 1070 546 rettulit
1094 497 1178 544 illa
1202 496 1352 544 mihi:

204 577 404 625 Caetera
427 577 642 624 luxuriae
668 577 893 624 nondum
919 576 1255 623 instrumenta
1279 573 1543 636 vigebant;

269 654 372 702 Aut
386 671 560 720 pecus,
580 663 666 702 aut
681 654 836 701 latam
857 653 996 700 dives
1013 652 1236 699 habebat
1256 651 1482 698 humum.
1519 652 1618 697 280

203 730 336 780 Hinc
364 733 517 781 etiam
542 732 788 797 locuples,
816 731 934 778 hinc
960 731 1070 794 ipsa
1094 729 1311 794 pecunia
1334 728 1473 778 dicta
1496 734 1603 775 est:

270 810 373 858 Sed
393 812 500 874 jam
526 811 590 858 de
616 810 770 858 vetito
798 809 1015 873 quisque
1036 809 1247 873 parabat
1271 824 1410 872 opes.

202 887 423 936 Venerat
449 888 499 935 in
526 904 716 936 morem
744 887 918 952 populi
944 886 1220 950 depascere
1245 886 1434 943 saltus;

270 965 435 1030 quue
461 965 546 1013 diu
573 966 731 1022 licuit,
760 981 1014 1030 poenaque
1042 965 1178 1012 nulla
1201 963 1310 1011 fuit.

244 1181 429 1213 275—330.
454 1181 616 1212 Ludorum
629 1180 800 1212 Floralium
817 1181 875 1212 ori—

201 1241 241 1273 go
263 1231 303 1262 ad
327 1232 492 1263 veritatem
516 1231 698 1263 historicam
723 1238 877 1263 narratur.

201 1281 295 1312 Anno
319 1282 359 1313 U.
377 1281 416 1312 C.
435 1283 512 1313 513.
532 1288 567 1312 ut
585 1281 653 1323 jam
677 1281 717 1313 ad
741 1282 783 1313 iv.
799 1282 876 1313 943.

202 1330 412 1366 admonitum,
428 1330 568 1362 Publicii
584 1331 730 1363 Malleoli
753 1332 875 1368 fratres,

201 1380 310 1412 aediles
337 1381 453 1423 plebis,
481 1391 579 1423 quum
608 1380 701 1411 multi
730 1379 816 1411 cives
846 1381 878 1411 in

202 1430 332 1472 publico
348 1437 526 1473 pascerent,
543 1431 711 1473 peculatus
731 1440 784 1461 eos
804 1441 877 1461 con-

204 1479 405 1517 demnarunt,
422 1487 518 1523 atque
543 1492 559 1512 e
582 1480 720 1523 pecunia
738 1480 878 1511 multati-

204 1530 249 1560 tia
271 1529 363 1561 ludos
388 1531 486 1562 Florae
512 1531 738 1568 instituerunt3
764 1530 785 1560 ii
807 1541 878 1562 vero

203 1578 258 1610 diu
272 1579 451 1617 intermissi,
464 1580 594 1611 tandem
607 1590 690 1611 anno
702 1581 742 1611 U.
754 1580 791 1611 C.
803 1582 878 1612 580.

202 1628 239 1659 L.
255 1628 417 1660 Postumio
434 1629 566 1663 Albino,
585 1630 634 1659 M,
652 1628 788 1671 Popillio
809 1630 877 1660 Lae-

204 1684 278 1709 nate
291 1689 371 1709 coss.
382 1689 401 1709 a
413 1679 452 1710 C.
462 1678 596 1709 Servilio
612 1679 778 1710 instaurati
793 1684 877 1716 sunt,

202 1733 234 1759 et
249 1729 418 1770 quotannis
439 1728 590 1770 deinceps
609 1729 782 1767 celebrati3
807 1728 879 1760 vide

202 1776 374 1819 Spanhem.
389 1777 429 1808 de
446 1777 514 1809 Usu
540 1783 572 1808 et
588 1777 758 1809 Praestant.
777 1778 877 1809 Num.

202 1832 278 1858 tom.
296 1826 329 1858 ii.
345 1839 376 1870 p.
396 1828 469 1858 146.

246 1877 323 1908 279.
347 1876 557 1908 Instrumenta
572 1878 714 1913 Iuiuriae,
728 1888 799 1918 quae
816 1887 877 1908 ser·

204 1926 295 1957 viunt
310 1926 455 1962 luxuriae,
469 1926 498 1957 ei
515 1926 668 1957 alimenta
683 1926 877 1965 ministrant3

204 1975 338 2012 Plinius,
361 1975 404 2006 ix.
423 1977 480 2006 13:
513 1980 534 1993 “
551 1976 664 2013 Pollio,
689 1977 813 2017 sagacis
839 1976 880 2007 ad

203 2024 336 2055 luxuriae
366 2025 576 2055 instrumenta
604 2024 756 2066 ingenii.''
811 2025 879 2056 Sal-

203 2074 327 2109 lustius,
353 2073 484 2105 Catilin.
509 2085 584 2104 xxv.
610 2076 652 2105 2:
690 2079 712 2091 “
730 2074 877 2115 psallere,

205 2123 322 2154 saltare
335 2128 367 2155 et
382 2124 482 2156 multa
496 2124 569 2160 alia,
586 2135 656 2165 quae
672 2124 881 2156 instrumenta

207 2172 378 2204 luxuriae.'’
423 2172 518 2204 Adde
546 2173 720 2210 Justinum,
744 2185 818 2204 xxx.
841 2173 879 2212 15

208 2222 321 2254 Cicero
343 2221 476 2254 Catilin.
491 2223 524 2254 ii.
539 2225 571 2254 5.
588 2226 791 2254 instrumenta
817 2225 879 2254 vir-

210 2274 285 2303 tutis
313 2272 466 2303 similiter.
517 2273 663 2315 Vigebant
689 2273 821 2310 dictum,
846 2281 882 2304 ut

209 2321 320 2353 Horat.
335 2321 360 2352 Ι.
375 2322 478 2362 Satyr.
494 2322 540 2355 iii.
557 2323 595 2353 61
610 2335 616 2352 ε
635 2327 739 2364 vigent
754 2325 806 2354 ubi
819 2326 881 2354 cri—

209 2373 304 2401 mina.
350 2371 461 2402 Latum
492 2372 630 2407 humum,
663 2373 744 2403 latos
778 2383 880 2414 agros.

211 2420 296 2450 Hinc
311 2422 413 2456 etiam,
428 2426 490 2451 etc.
536 2420 586 2451 Sic
603 2426 635 2451 et
650 2421 774 2452 Plinius
790 2421 880 2452 xviii.

210 2471 251 2501 3:
293 2474 318 2487 “
336 2469 420 2501 Hinc
450 2476 483 2501 et
512 2471 688 2513 locupletes
717 2471 880 2510 dicebant,

210 2519 285 2555 loci,
316 2518 374 2550 hoc
405 2525 452 2550 est
480 2520 547 2561 agri
574 2520 696 2561 plenos·
742 2521 884 2554 Pecunia

210 2567 281 2610 ipsa
305 2578 324 2599 a
350 2578 462 2610 pecore
485 2569 739 2610 appellabatur-’⁹
785 2571 882 2602 Colu-

211 2617 310 2648 mella
323 2616 366 2648 vi.
381 2618 469 2658 praef.
485 2622 505 2634 ‘¹
523 2618 661 2649 Nomina
685 2619 828 2661 pecuniae
851 2627 884 2652 et

211 2666 328 2708 peculii
346 2672 449 2699 tracta
464 2667 610 2699 videntur
625 2679 643 2699 a
658 2679 780 2710 pecore,
798 2671 883 2711 quod

211 2725 272 2746 non
300 2715 402 2747 solum
429 2717 550 2748 v'eteres
579 2717 798 2759 possederunt,
826 2719 882 2750 sed

947 1180 1052 1212 adhuc
1083 1179 1169 1222 apud
1199 1178 1353 1221 quasdam
1384 1183 1494 1221 gentes
1522 1188 1621 1209 unum

947 1236 1115 1273 usurpatur
1136 1229 1317 1260 divitiarum
1337 1228 1474 1270 genus.''
1520 1226 1622 1259 Paulo

947 1279 1038 1311 aliter
1066 1279 1189 1310 Plinius
1215 1278 1324 1309 xxxiii.
1345 1279 1386 1309 3:
1413 1282 1435 1295 “
1453 1277 1621 1319 Signatum

946 1336 994 1361 est
1019 1335 1094 1361 nota
1118 1327 1297 1371 pecudum:
1323 1328 1408 1359 unde
1430 1333 1462 1359 et
1483 1327 1622 1370 pecunia

948 1379 1146 1421 appellata.'¹
1193 1379 1251 1409 Sed
1264 1381 1335 1419 jam
1356 1377 1394 1409 iis
1415 1377 1622 1420 temporibus,

947 1428 1074 1470 quibus,
1093 1428 1203 1470 judice
1228 1428 1317 1459 Livio
1340 1427 1372 1458 in
1395 1427 1485 1469 praef.
1503 1432 1623 1469 quanto

948 1488 1050 1508 rerum
1070 1477 1185 1514 minus,
1202 1483 1291 1508 tauto
1313 1478 1416 1508 minus
1439 1476 1623 1519 cupiditatis

947 1533 1024 1562 erat,
1041 1526 1222 1558 nitebantur
1236 1527 1268 1557 in
1284 1528 1423 1557 vetitum.

991 1578 1066 1608 283.
1105 1576 1219 1614 Saltus,
1248 1587 1389 1619 pascua;
1428 1575 1500 1607 vide
1530 1575 1624 1607 Clav.

948 1626 1052 1658 Cicer.
1068 1626 1100 1656 in
1116 1626 1174 1657 hoc
1193 1626 1304 1657 vocab.
1338 1627 1379 1656 Et
1394 1636 1478 1657 nunc
1494 1625 1624 1668 publica

948 1686 1068 1718 pascua
1104 1676 1337 1718 intelliguntur.
1383 1675 1476 1707 Talia
1504 1685 1624 1718 pascua

948 1725 1087 1757 habebat
1127 1726 1228 1757 multa
1271 1726 1407 1768 populus
1447 1725 1623 1762 Romanus,

949 1775 1034 1807 unde
1057 1776 1256 1807 luculentum
1277 1775 1424 1817 vectigal,
1441 1786 1551 1818 quum,
1567 1775 1622 1818 qui

949 1836 1077 1868 pascere
1094 1825 1126 1856 in
1150 1826 1187 1856 iis
1204 1825 1333 1862 vellent,
1351 1836 1406 1868 pro
1421 1825 1554 1868 singulis
1568 1836 1624 1869 pe-

949 1875 1072 1906 coribus
1102 1882 1222 1906 certam
1253 1876 1421 1917 pecuniam
1452 1876 1623 1907 solverent.

948 1926 967 1956 J
971 1936 1007 1956 us
1022 1925 1173 1968 pascendi
1196 1925 1367 1962 habebant,
1383 1931 1549 1968 postquam
1567 1936 1623 1957 no-

950 1975 1034 2005 mina
1051 1986 1108 2006 sua
1124 1975 1315 2012 detulerant,
1328 1981 1424 2017 atque
1441 1975 1527 2018 apud
1543 1977 1623 2018 pub—

949 2024 1088 2055 licanum
1111 2024 1372 2067 subscripserant,
1388 2024 1473 2056 unde
1490 2025 1625 2067 vectigal

948 2073 1029 2104 illud
1058 2076 1213 2114 scriptura
1242 2073 1419 2110 dicebatur,
1450 2074 1536 2116 quod
1569 2075 1624 2107 diu

949 2133 1047 2153 unum
1064 2123 1201 2164 vectigal
1226 2122 1305 2161 fuit3
1331 2123 1401 2154 vide
1423 2123 1514 2155 Clav.
1531 2123 1624 2156 Cice-

948 2183 1014 2202 ron.
1030 2172 1089 2204 hoc
1106 2173 1217 2204 vocab.
1235 2180 1331 2215 atque
1347 2174 1567 2205 Burmannum
1583 2175 1623 2206 de

949 2222 1180 2263 Vectigalibus,
1203 2233 1274 2264 cap.
1299 2222 1343 2254 iv.
1386 2223 1450 2254 Sed
1473 2223 1565 2255 multi
1590 2235 1623 2256 se

948 2272 1178 2304 subtrahebant
1207 2273 1236 2304 ei
1260 2272 1357 2309 oneri,
1380 2273 1624 2307 conniventibus

948 2320 998 2358 iis,
1015 2322 1131 2364 quibus
1158 2322 1225 2364 ejus
1248 2322 1293 2353 rei
1318 2333 1394 2354 cura
1417 2323 1504 2361 data,
1526 2330 1622 2367 atque

949 2370 1031 2401 clam
1049 2378 1192 2403 armenta
1206 2372 1282 2403 illuc
1300 2372 1480 2414 abigebant.
1509 2374 1624 2417 Itaque

952 2422 1072 2463 vulguS,
1096 2422 1242 2464 populus,
1265 2433 1320 2453 sua
1340 2423 1465 2462 publica
1487 2425 1625 2456 servabat

950 2473 1036 2502 nullo
1064 2473 1194 2509 vindice,
1215 2471 1261 2503 sic
1292 2472 1442 2509 habebat,
1469 2479 1503 2505 ut
1532 2485 1624 2506 nemo

951 2521 1145 2563 depascendi
1162 2533 1280 2553 morem
1296 2529 1465 2554 coerceret.
1511 2524 1622 2556 Licen-

952 2574 996 2602 tia
1018 2571 1073 2603 illa
1093 2582 1130 2603 eo
1151 2582 1313 2614 progressa
1333 2578 1391 2609 est,
1407 2578 1443 2604 ut
1459 2578 1623 2616 tamquam

950 2623 1073 2658 inertes,
1090 2621 1204 2658 timidi,
1223 2621 1410 2660 riderentur,
1426 2623 1481 2665 qui
1505 2622 1536 2654 in
1559 2623 1622 2666 pri-

951 2678 1024 2703 vato
1039 2678 1217 2714 pascerent.
