1830 3220
463 179 514 221 P.
550 179 757 222 OVIDII
791 181 1073 224 NASONIS
1108 181 1253 223 IBIS.

1499 184 1586 225 475

166 290 411 356 Quisquis
428 294 469 342 is
485 301 578 351 est,
591 311 708 342 nam
724 312 908 344 nomen
924 297 1089 345 adhuc
1105 304 1363 362 utcunque
1378 299 1576 354 tacebo,

233 369 385 432 Cogit
409 371 701 420 inadsuetas
727 390 925 422 sumere
951 375 1055 422 tela
1077 392 1272 423 manus.
1520 379 1579 423 lO

165 443 259 494 Ille
285 448 563 511 relegatum
588 451 783 513 gelidos
809 451 1078 516 Aquilonis
1106 454 1169 500 ad
1195 461 1333 501 ortus

231 524 349 572 Non
374 525 493 573 sinit
518 528 699 575 exsilio
724 529 986 578 delituisse
1015 547 1134 589 suo;

161 599 487 666 Vulneraque
513 604 718 652 immitis
744 607 971 669 requiem
997 609 1278 671 quaerentia
1301 616 1469 666 vexat,

229 678 260 725 J
265 687 401 728 aetat
425 689 476 729 et
500 681 550 729 in
577 690 681 730 toto
707 684 911 732 nomina
936 693 1107 733 nostra
1133 686 1268 742 foro;

160 753 522 822 Perpetuoque
548 759 670 806 mihi
696 761 938 809 sociatam
963 762 1150 811 foedere
1176 763 1292 811 lecti
1519 767 1576 811 15

229 833 347 882 Non
371 836 561 899 patitur
585 838 752 885 miseri
778 838 955 887 funera
979 841 1100 888 flere
1127 841 1246 887 viri:

162 910 436 976 Quumque
479 930 571 977 ego
611 931 797 978 quassa
835 933 962 964 rneae
1006 918 1316 982 complectar
1354 918 1581 965 membra

230 990 490 1056 Naufragii
514 994 713 1041 tabulas
740 1002 933 1059 pugnat
959 996 1146 1043 habere
1171 996 1297 1054 mei;
1356 995 1577 1058 [carinae,

162 1065 230 1116 Et
253 1070 341 1133 qui
363 1069 612 1119 debuerat
636 1073 829 1120 subitas
855 1074 1178 1137 exstinguere
1205 1074 1450 1131 flammas,

230 1146 282 1194 Is
308 1148 533 1211 praedam
554 1150 721 1197 medio
746 1158 914 1215 raptor
940 1151 1002 1198 ab
1029 1152 1145 1214 igne
1172 1151 1304 1199 tulit.

1514 1154 1580 1197 20

161 1222 352 1273 Nititur
377 1233 434 1273 ut
458 1226 680 1291 profugae
706 1228 876 1276 desint
901 1228 1141 1277 alimenta
1165 1237 1414 1287 senectae3

227 1300 371 1350 Heu!
411 1311 601 1368 quanto
626 1306 808 1353 nostris
834 1306 1030 1370 dignior
1056 1307 1165 1370 ipse
1191 1307 1366 1354 malis!

202 1428 234 1458 9.
260 1427 378 1458 Nomen
400 1428 500 1459 adhuc
522 1434 679 1469 utcunque
698 1429 827 1470 taceb0.]

157 1475 330 1507 Neminem
353 1476 561 1519 interpretum
581 1478 764 1510 observasse
784 1478 829 1509 vi-

157 1525 230 1562 deo,
253 1536 310 1557 cur
331 1526 467 1558 Ovidius
492 1526 594 1558 Ibidis
618 1537 733 1558 nomen
756 1528 829 1559 sub-

157 1574 296 1606 ticuerit.
340 1576 405 1613 An,
430 1587 469 1606 ne
495 1576 690 1607 carminibus
717 1576 830 1608 Ovidi-

159 1624 229 1656 anis
270 1624 337 1656 Ibis
376 1625 598 1657 inclaresceret
611 1638 620 1665 3
661 1626 694 1656 in
735 1637 831 1668 quam

157 1676 348 1707 sententiam
379 1675 527 1712 eundem,
552 1675 584 1706 ni
613 1675 716 1713 fallor,
744 1676 832 1707 adlo-

158 1725 278 1768 quitur,
295 1725 352 1756 lib.
371 1725 433 1756 IV.
450 1736 489 1756 ex
513 1726 629 1761 Ponto,
652 1726 702 1756 El.
721 1725 763 1756 iv.
782 1737 830 1757 vs.

160 1776 176 1805 1
193 1786 241 1817 sq.
288 1774 353 1807 Vix
373 1779 482 1806 tamen
505 1780 564 1811 est,
587 1781 623 1806 ut
645 1774 714 1805 haec
739 1774 834 1806 fuerit

157 1835 248 1856 mens
271 1831 385 1867 poetae‚
408 1823 569 1866 quoniam,
589 1829 745 1866 postremo
769 1824 833 1855 dis-

160 1874 246 1905 ticho
270 1874 366 1916 hujus
387 1873 500 1910 libelli,
521 1883 630 1904 verum
652 1872 754 1904 Ibidis
777 1884 831 1904 no-

158 1934 233 1955 men
254 1923 435 1967 pollicetur.
479 1923 532 1954 An
549 1924 637 1954 Naso
654 1924 832 1955 reverentia

158 1974 240 2017 legis
263 1973 432 2005 duodecim
451 1973 646 2004 Tabularum
669 1972 729 2003 sibi
750 1981 830 2004 tem-

157 2022 295 2067 peravit,
310 2033 375 2065 qua
392 2022 539 2053 nimirum
556 2022 691 2053 famosos
706 2022 831 2053 libellos

157 2073 312 2116 projicere
334 2072 472 2114 capitale
496 2072 566 2103 fuit.
617 2072 696 2114 Ejus
720 2072 831 2103 memi-

158 2124 207 2156 nit
221 2123 358 2161 Tullius‚
373 2123 430 2154 lib.
447 2122 490 2154 iv.
504 2121 678 2154 Tusculan.
694 2121 728 2153 in
747 2122 831 2153 hunc

160 2174 291 2205 modum
310 2186 317 2203 :
361 2177 385 2191 “
401 2174 596 2214 Quanquam
633 2171 667 2202 id
703 2171 833 2213 quidem

159 2224 255 2256 etiam
279 2223 460 2255 duodecim
490 2222 622 2254 Tabulae
657 2221 832 2259 declarant,

160 2273 254 2305 condi
270 2273 337 2315 jam
358 2279 424 2304 tum
446 2272 573 2304 solitum
594 2282 732 2308 carmen,
749 2271 833 2313 quod

161 2333 200 2355 ne
226 2323 337 2354 liceret
361 2322 427 2353 fieri
451 2322 492 2353 ad
517 2321 647 2353 alterius
672 2321 832 2363 injuriam,

159 2374 230 2415 lege
246 2372 454 2404 sanxerunt.''

207 2423 258 2454 10.
294 2421 395 2462 Tela.]
429 2420 831 2464 Imprecationes.——-Ina‹l—

160 2479 261 2504 suetas
280 2483 401 2503 manus.
447 2471 533 2509 Quia
547 2471 704 2502 neminem
719 2476 832 2513 praeter

161 2522 288 2553 Ibidem
304 2521 442 2553 carmine
458 2520 601 2552 offendit.

207 2572 261 2603 15.
286 2571 447 2607 Sociatam,
468 2570 547 2611 εἴα]
579 2570 719 2601 Uxorem
742 2568 831 2607 dicit,

161 2632 256 2663 quam
282 2620 323 2651 ad
344 2626 519 2652 extremum
541 2629 643 2661 usque
664 2619 750 2650 diem
774 2618 830 2649 ad—

159 2671 317 2713 probavit.

209 2722 259 2753 16.
286 2721 356 2752 Non
374 2723 495 2761 patitur
509 2719 741 2761 miserifunera
750 2719 831 2760 flere

900 1429 992 1469 viril]
1024 1428 1146 1469 Argute
1163 1429 1313 1460 Politiani
1336 1429 1416 1461 liber
1439 1435 1471 1462 et
1496 1440 1577 1460 unus

900 1479 1052 1510 Vatican.
1082 1480 1142 1509 υἰυί
1173 1480 1253 1509 viri.-
1288 1479 1415 1510 exsules
1443 1478 1578 1510 civiliter

900 1528 1026 1560 mortui.
1073 1529 1196 1559 Seneca
1233 1529 1393 1570 relegatus
1432 1528 1464 1559 in
1500 1528 1578 1570 Epi-

901 1584 1075 1620 grammate
1099 1577 1139 1608 ad
1156 1577 1340 1609 Corsicam:
1366 1582 1387 1595 “
1409 1578 1511 1609 Parce
1532 1588 1579 1608 re-

900 1628 1024 1669 legatiS‚
1048 1627 1107 1658 hoc
1134 1633 1192 1662 est,
1212 1627 1279 1669 jam
1307 1638 1402 1670 parce
1432 1627 1577 1669 sepultis.

901 1677 1055 1708 Vivorum
1081 1676 1178 1707 cineri
1201 1677 1242 1707 sit
1265 1683 1321 1708 tua
1346 1682 1428 1708 terra
1450 1676 1576 1714 levis;’'

901 1726 1055 1762 Rutilius,
1066 1725 1233 1757 itinerario
1247 1726 1287 1757 de
1304 1726 1405 1757 amico
1422 1726 1494 1757 vitae
1511 1735 1578 1756 mo-

901 1777 1031 1807 nasticae
1054 1775 1201 1807 addicto:
1228 1780 1251 1793 “
1266 1776 1414 1807 Perditus
1439 1775 1490 1806 hic
1506 1775 1577 1807 vivo

902 1826 1011 1857 funere
1036 1825 1118 1856 civis
1145 1825 1250 1856 erat.’'
1301 1825 1394 1856 Exsul
1423 1827 1475 1856 ubi
1505 1837 1578 1856 nus-

900 1887 991 1916 quam
1016 1876 1094 1905 domi
1118 1881 1170 1911 est,
1187 1877 1250 1905 sine
1274 1876 1410 1915 sepulcro
1433 1881 1475 1905 est
1497 1886 1576 1905 mor-

901 1932 984 1962 tuus,
1005 1925 1090 1967 apud
1117 1925 1156 1955 P.
1177 1925 1301 1965 Syrum.
1348 1926 1469 1955 Seneca
1492 1924 1577 1955 The-

898 1974 986 2005 baid.
1001 1979 1020 1991 “
1034 1975 1129 2005 funus
1143 1974 1290 2005 extendis
1305 1985 1422 2010 meum,
1437 1974 1577 2015 Longas-

899 2035 961 2066 que
978 2024 1040 2055 vivi
1057 2023 1148 2055 ducis
1166 2024 1334 2065 exsequias
1355 2023 1486 2066 patris.''
1533 2023 1576 2054 H.

902 2073 1040 2105 Funera.
1076 2073 1152 2104 Vivi
1168 2073 1226 2104 viri
1241 2073 1468 2109 calamitatem,
1480 2078 1512 2104 et
1525 2083 1576 2104 me

901 2123 1008 2155 vivum
1020 2134 1057 2155 ac
1069 2123 1211 2154 exsulem
1222 2123 1354 2166 perinde
1368 2134 1405 2154 ac
1419 2128 1575 2157 mortuum

902 2174 1012 2205 funere
1029 2173 1189 2216 prosequi.

949 2224 1003 2255 19.
1034 2224 1157 2254 subitas
1185 2225 1376 2264 exstinguere
1396 2223 1574 2264 flammas-J

902 2272 987 2303 Mihi
1011 2272 1172 2315 opitulari,
1189 2271 1272 2303 sicut
1293 2271 1395 2304 solent
1418 2271 1576 2303 incendiis

901 2322 1046 2353 homines
1062 2322 1276 2364 extinguendo
1297 2321 1401 2364 ignem
1421 2321 1574 2353 auxilium

902 2378 1063 2414 praestare.
1099 2372 1134 2402 Z.

944 2422 997 2452 21.
1037 2421 1218 2462 Alimenta]
1264 2422 1418 2452 Alimenta
1447 2421 1576 2463 exponit

901 2471 1098 2503 Glossarium
1115 2476 1207 2502 vetus
1226 2468 1410 2513 ,θρεπτήρια
1426 2470 1481 2501 καὶ
1498 2482 1574 2512 τρο-

901 2527 984 2563 gocia,
1017 2521 1077 2552 hoc
1108 2527 1168 2557 est,
1196 2520 1329 2563 praemia
1359 2519 1571 2557 educationis,

900 2570 966 2601 sive
1007 2570 1092 2612 quod
1131 2570 1315 2612 parentibus
1352 2567 1573 2600 nutricationis

899 2631 995 2652 causa
1031 2631 1050 2651 a
1079 2620 1150 2651 filiis
1186 2618 1376 2662 rependitur.
1424 2619 1572 2660 Legimus

899 2669 1014 2701 liberos
1029 2669 1214 2712 parentibus
1234 2673 1328 2699 aetate
1344 2665 1502 2700 confectis
1513 2668 1570 2699 ali—

899 2725 1016 2757 menta,
1029 2719 1093 2751 sive
1109 2716 1293 2760 θρεπτήρια
1310 2717 1510 2760 suppeditare
1527 2717 1571 2748 le-
