1830 3220
152 450 172 474 e
224 451 247 473 v

150 505 171 541 f
228 506 267 542 iv

150 588 176 624 g
231 574 272 610 iii

153 642 192 679 A
229 643 256 679 ii

624 183 1132 226 KALENDARIUM.
1488 187 1575 228 xvii

551 300 673 337 oritur
703 301 875 346 cosmice‚
897 301 1033 340 occidit
1058 301 1216 340 heliace.
1245 301 1435 352 Tempora
1458 302 1573 340 Veris

554 370 677 419 prima
698 369 806 408 finita
826 378 928 408 sunt.

384 437 476 475 Kal.

391 505 482 544 Kal.
506 506 665 544 Festum
688 507 812 545 Florae
832 516 870 546 et
896 507 1038 546 Vestae.

391 574 481 612 Kal.

389 643 478 681 Kal.

766 750 965 788 MAIUS.

150 849 174 887 b
206 848 296 887 Kal.
313 850 425 888 Maii.
447 850 658 889 Amalthea
673 865 785 902 capra
804 852 927 889 oritur
948 853 1121 890 cosmice.
1152 852 1236 890 Ara
1251 852 1417 891 Laribus
1436 855 1571 905 posita.

150 920 267 957 cvi

234 1127 241 1134 ·
231 1072 255 1095 <

231 1141 270 1165 1v

230 1197 272 1235 iii

204 1287 211 1299 .
232 1266 259 1304 ii

232 1335 370 1373 Nonis.

228 1405 295 1442 viii

230 1475 283 1512 vii

233 1545 271 1582 vi

233 1627 256 1650 v

232 1682 271 1719 iv

232 1750 275 1788 iii

231 1821 259 1858 ii

232 1888 380 1927 Idibus.

150 1057 194 1926 0⁴>onffimmoe⁴>ozffimna

154 2043 197 2552 00¹>OEffi020

235 2320 261 2345 >4

264 2321 305 2344 Ξ

387 920 465 958 No.
488 920 578 958 Flat
606 927 746 959 ventus
776 920 974 971 Argestes.
1002 921 1164 971 Hyades
1192 921 1371 959 oriuntur
1400 923 1574 961 cosmice.

550 989 660 1028 Finis
682 989 906 1028 Floralium.

387 1058 463 1097 No.
486 1058 681 1097 Panthera
701 1059 879 1097 Chironis
899 1060 1021 1097 oritur
1042 1059 1230 1097 chronice.

392 1128 470 1166 No.

390 1197 466 1235 No.
489 1197 734 1236 Stellificatio
753 1198 879 1249 Lyrae.
901 1198 1137 1249 Sagittarius
1156 1199 1291 1236 oritur.

386 1266 428 1303 N
430 1281 462 1304 o.
485 1267 667 1318 Scorpius
686 1274 846 1318 apparet
867 1268 907 1304 in
927 1276 1038 1318 parte
1059 1267 1196 1305 media.

388 1405 446 1442 Id.
467 1406 652 1443 Lemuria
673 1406 929 1444 celebrantur.
967 1406 1008 1443 N
1011 1420 1058 1443 on
1081 1413 1139 1444 est
1161 1407 1303 1444 bonum
1322 1407 1479 1445 nubere.

391 1475 450 1512 Id.
472 1474 592 1513 Orion
611 1475 750 1513 occidit
769 1476 958 1513 chronice.

391 1544 450 1582 Id.
474 1544 637 1583 Festum
658 1545 802 1583 RIartis
824 1545 1042 1583 Bisultoris.

392 1613 452 1652 Id.

393 1683 452 1720 Id.

391 1751 450 1788 Id.

393 1820 452 1858 Id.
475 1820 654 1859 Pleiades
673 1822 852 1859 oriuntur
871 1821 1029 1859 heliace.
1064 1821 1190 1859 AEstas
1210 1822 1358 1873 incipit.

470 1889 551 1927 Ora
570 1890 673 1927 tauri
693 1890 871 1927 oriuntur
891 1889 1049 1927 heliace.
1087 1890 1246 1940 Scirpea
1266 1890 1470 1929 simulacra
1489 1892 1581 1930 mit-

554 1965 694 1997 tuntur
712 1959 752 1996 in
775 1958 961 1996 Tiberim.
994 1959 1155 1997 Festum
1176 1967 1234 1997 est
1256 1960 1456 1998 Mercurii.

394 2027 486 2067 Kal.
508 2027 534 2064 J
538 2027 633 2066 unii.

394 2097 485 2136 Kal.

394 2167 485 2205 Kal.
507 2167 575 2205 Sol
593 2168 634 2205 in
656 2167 852 2205 Geminos.
883 2168 1036 2218 Agonia
1055 2167 1167 2204 Junii
1188 2167 1302 2205 fiunt.

396 2237 487 2275 Kal.
510 2237 627 2274 Canis
648 2236 804 2274 Orionis
824 2236 920 2274 exit.

394 2306 485 2344 Kal.
506 2306 651 2344 Lustra
672 2305 843 2344 Vulcani
866 2305 976 2343 fiunt.

394 2375 485 2414 Kal.

395 2444 486 2483 Kal.

397 2514 489 2552 Kal.
512 2515 601 2553 BIos
627 2528 819 2553 sacrorum
847 2528 915 2565 pro
944 2514 1039 2564 fuga
1070 2513 1274 2565 Tarquinii
1299 2514 1582 2557 faciundorum,

555 2598 630 2622 non
650 2584 760 2622 modo
779 2584 880 2622 inest
900 2584 995 2634 fuga
1017 2583 1221 2634 Tarquinii
1239 2598 1245 2619 :
1278 2583 1379 2621 inest
1403 2583 1470 2620 viii
1493 2582 1584 2621 Kal.

553 2653 674 2691 Mart.

398 2721 489 2759 Kal.
513 2721 675 2760 Festum
698 2720 869 2758 Publicae
893 2720 924 2757 F
928 2727 1088 2758 ortunoe.
