1809 3220
190 192 271 233 184
591 190 640 230 Ρ.
676 189 893 230 OVIDII
932 189 1218 232 NASONIS

185 308 352 356 Litore
379 306 612 355 siccabat
637 314 866 355 rorantes
893 306 1031 354 nuda
1055 306 1294 371 capillos:

250 386 501 434 Viderunt
529 385 717 449 Satyri,
747 386 897 433 turba
922 391 1171 450 proterva,
1203 384 1385 432 Deam.

183 465 372 520 Sensit,
400 471 452 512 et
477 463 715 527 opposita
738 463 871 510 texit
897 479 989 510 sua
1013 478 1227 527 corpora
1253 470 1438 527 myrto.

249 542 383 590 Tuta
404 542 498 588 fuit
523 540 684 599 facto;
727 557 919 604 vosque
947 540 1131 588 referre
1151 541 1317 604 jubet.

190 619 385 668 Discite
414 635 565 674 nunc,
595 635 752 682 quare
782 618 1016 666 Fortunae
1043 626 1156 666 tura
1181 618 1325 665 Virili
1519 621 1611 666 145

252 697 399 745 Detis
426 714 503 753 e0,
533 697 698 744 calida
724 697 811 760 qui
839 697 982 744 locus
1010 697 1186 745 humet
1211 713 1361 761 aqua.

179 775 385 839 Accipit
411 775 494 822 ille
521 775 664 822 locus
693 777 857 839 posito
883 776 1132 823 velamine
1161 783 1402 834 cunctas;

250 854 316 901 Et
345 854 519 901 vitium
547 855 667 901 nudi
695 855 920 919 corporis
947 871 1097 902 omne
1123 855 1276 902 videt.

180 932 253 980 Ut
277 940 417 995 tegat
443 933 556 989 hoc,
584 933 821 996 celetque
848 933 996 989 viros,
1028 933 1252 981 Fortuna
1278 932 1451 980 Virilis

245 1010 490 1068 Praestat;
534 1018 584 1058 et
610 1011 704 1058 hoc
734 1027 884 1074 parvo
912 1018 1021 1059 ture
1050 1019 1224 1073 rogata
1249 1011 1388 1058 facit.
1514 1013 1606 1059 150

179 1087 289 1136 Nec
317 1088 491 1152 pigeat
518 1089 662 1136 niveo
691 1089 865 1136 tritum
892 1106 1009 1136 cum
1036 1090 1167 1137 lacte
1196 1106 1419 1154 papaver

245 1168 474 1223 Sumere,
503 1176 555 1215 et
581 1168 838 1232 expressis
866 1168 1017 1216 mella
1043 1168 1238 1233 liquata
1264 1167 1406 1216 favis.

178 1245 349 1300 Quum
375 1246 594 1310 primum
621 1246 809 1310 cupido
836 1246 1009 1295 Venus
1040 1256 1118 1295 est
1143 1247 1366 1295 deducta
1391 1246 1601 1303 marito;

248 1324 360 1372 Hoc
388 1325 544 1372 bibit:
587 1342 651 1373 ex
680 1326 762 1373 illo
790 1333 1018 1391 tempore
1046 1338 1206 1391 nupta
1231 1325 1342 1373 fuit.

178 1402 511 1467 Supplicibus
539 1403 703 1450 verbis
732 1403 867 1451 illam
891 1405 1118 1469 placate:
1161 1404 1256 1451 sub
1284 1404 1368 1451 illa
1513 1405 1605 1450 155

243 1479 311 1528 Et
334 1480 509 1535 forma,
538 1489 589 1529 et
616 1498 795 1539 mores,
825 1491 876 1530 et
906 1484 1037 1530 bona
1062 1483 1197 1530 fama
1223 1489 1411 1530 manet.

173 1557 339 1606 Roma
364 1559 612 1623 pudicitia
636 1576 935 1623 proavorum
963 1568 1193 1626 tempore
1220 1561 1364 1625 lapsa
1389 1567 1495 1608 est:

243 1636 522 1693 Cumaeam,
551 1646 766 1696 veteres,
795 1640 1121 1688 consuluistis
1149 1655 1319 1687 anum.

220 1754 293 1785 145.
319 1754 465 1784 Fon-tunm
489 1754 547 1785 sub
571 1754 666 1785 variis
689 1755 851 1797 cognomi·
920 1766 1030 1787 servus
1041 1755 1172 1797 quidam
1185 1754 1356 1790 indicavit,
1374 1753 1517 1785 Vestales
1531 1759 1605 1790 tres,

171 1803 264 1835 nibus
279 1803 406 1835 Servius
423 1814 475 1834 rex
494 1804 585 1846 plura
600 1805 719 1847 templa
735 1805 850 1846 posuit,
922 1805 1101 1840 .‘Emiliam,
1123 1804 1278 1836 Liciniam
1302 1810 1334 1835 et
1357 1802 1524 1840 Martiam,
1544 1802 1599 1834 diu

175 1853 266 1884 Virili
285 1864 382 1884 unum
405 1852 438 1883 in
461 1853 530 1895 ripa
549 1853 692 1885 Tiberis:
721 1854 847 1885 Plutar-
916 1855 983 1897 jam
1023 1854 1286 1886 consuetudinem
1324 1863 1397 1884 cum
1436 1852 1601 1894 equitibus

171 1901 260 1939 chus,
283 1904 406 1940 Quaest.
429 1903 524 1934 Rom.
546 1909 623 1934 tom.
645 1903 698 1935 vii.
721 1916 752 1946 p.
771 1905 850 1943 135;
921 1903 1114 1946 quibusdam
1131 1904 1286 1935 incestam
1300 1902 1461 1934 habuisse.
1490 1902 1601 1934 Patres

171 1951 347 1994 Dionysius
377 1952 545 1984 Halicarn.
580 1953 622 1984 iv.
652 1955 706 1985 27.
757 1955 851 1985 Anco
920 1954 994 1985 inde
1011 1965 1072 1985 non
1089 1953 1247 1996 supplicia
1264 1953 1357 1984 modo
1373 1953 1412 1984 ab
1429 1952 1493 1983 illis
1513 1962 1600 1983 sum—

170 2001 291 2032 Martio
321 2002 591 2033 consecrationem
621 2002 708 2033 illius
738 2004 850 2045 templi
920 2011 1039 2039 serunt.
1055 2003 1110 2034 sed
1127 2010 1157 2034 et
1173 2003 1268 2034 libros
1284 2001 1458 2044 Sibyllinos
1476 2001 1599 2033 consuli

169 2050 362 2082 Plutarchus
376 2051 415 2082 de
428 2052 567 2082 Fortuna
581 2052 718 2083 Roman.
732 2064 763 2095 p.
775 2054 849 2085 265.
915 2053 1090 2094 jusserunt.
1136 2053 1164 2083 Ii
1181 2063 1252 2083 vero
1271 2052 1456 2087 mouebant,
1474 2057 1509 2081 ut
1525 2051 1599 2082 muli

170 2099 292 2131 tribuit.
318 2102 439 2141 Accipit
457 2100 569 2132 melius
586 2108 644 2137 est,
659 2113 755 2144 quam
773 2103 850 2133 alio-
921 2101 1086 2133 avertendi
1119 2112 1230 2138 causa,
1260 2100 1395 2144 primum
1426 2100 1600 2143 peregrinis

170 2160 238 2180 rum
260 2152 400 2190 adspicit.
448 2152 593 2191 Accipere
615 2162 671 2182 nos
694 2152 782 2183 locus
802 2152 848 2183 di-
920 2152 1112 2193 quibusdam
1138 2151 1210 2182 Diis
1231 2151 1295 2182 duo
1319 2150 1425 2183 Graeci
1452 2149 1598 2181 totidem-

169 2199 250 2230 citur
266 2211 362 2241 quem
379 2199 516 2231 adimus.
542 2200 603 2231 Pro
617 2212 722 2241 parvo,
738 2202 848 2233 Heius.
919 2212 981 2243 que
1009 2201 1096 2233 Galli
1124 2201 1186 2232 vivi
1218 2201 1452 2236 defoderentur,
1481 2199 1598 2231 deinde

169 2249 282 2280 suadet
294 2262 409 2290 parco;
435 2249 507 2281 vide
524 2250 557 2281 ii.
574 2251 649 2281 538.
923 2250 1030 2282 Veneri
1052 2251 1249 2282 Verticordiae
1265 2250 1470 2282 simulacrum
1487 2260 1597 2281 conse·

217 2299 291 2329 157.
317 2299 368 2330 De
388 2299 501 2330 Venere
521 2300 712 2331 Verticordia
729 2300 842 2332 obiter.
915 2307 1142 2343 cratetur.quo
1154 2300 1280 2332 facilius
1293 2299 1462 2331 mulierum
1474 2305 1598 2331 mentes

168 2348 263 2379 Anno
289 2349 330 2380 U.
354 2349 393 2380 C.
418 2350 493 2381 639.
518 2350 567 2380 M.
592 2350 698 2382 Acilio
728 2351 843 2388 Balbo,
914 2361 933 2381 a
948 2350 1081 2382 libidine
1097 2350 1138 2382 ad
1158 2350 1349 2394 pudicitiam
1372 2356 1595 2381 converteren-

167 2399 216 2429 M.
239 2398 351 2430 Porcio
375 2399 498 2430 Catone
522 2410 602 2431 coss.
628 2401 722 2432 Elvia
745 2400 842 2443 virgo,
913 2409 973 2431 tur.
1020 2401 1231 2432 Simulacrum
1251 2400 1413 2431 dedicavit
1436 2399 1593 2442 Sulpicia,

167 2447 264 2484 Elvii,
282 2447 398 2490 equitis
422 2448 562 2479 Romani
586 2449 663 2486 filia,
683 2461 764 2492 equo
788 2462 842 2482 ve·
915 2450 1017 2481 Fulvii
1034 2450 1141 2482 Flacci
1158 2461 1249 2487 uxor,
1266 2461 1338 2492 quae
1356 2449 1504 2481 omnibus
1521 2449 1594 2482 aliis

167 2497 244 2529 heus
270 2497 402 2528 fulmine
425 2497 490 2529 icta
514 2504 574 2534 est,
601 2504 636 2530 ut
661 2510 723 2530 non
749 2499 843 2531 modo
912 2501 1091 2532 sanctitatis
1127 2500 1222 2532 laude
1257 2500 1493 2538 antecellebat5
1527 2499 1593 2531 vid.

167 2547 238 2590 ipsa
252 2558 325 2579 cum
342 2558 425 2589 equo
440 2548 624 2590 exspiraret,
641 2549 697 2580 sed
718 2557 749 2580 et
766 2551 840 2581 utri-
913 2551 1079 2582 Plutarch.
1107 2552 1230 2589 Quaest.
1260 2551 1402 2582 Roman.
1430 2555 1507 2581 tom.
1537 2549 1594 2581 vii.

167 2608 267 2640 usque
293 2607 408 2640 corpus
429 2597 562 2633 nudum,
582 2598 728 2630 omnibus
753 2605 841 2641 tegu-
913 2611 984 2643 pag.
1004 2602 1086 2639 144;
1102 2601 1238 2638 Plinius,
1255 2601 1340 2632 Hist.
1356 2601 1434 2632 Nat.
1450 2599 1516 2630 viii.
1527 2600 1589 2638 35;

166 2647 282 2679 mentis
296 2653 329 2679 et
342 2647 536 2679 ornamentis
551 2648 704 2691 disjectis,
723 2650 840 2691 reperi-
914 2650 1064 2688 Valerius
1094 2650 1268 2687 Maximus,
1294 2650 1360 2682 viii.
1392 2651 1453 2689 15;
1483 2648 1590 2682 Julius

166 2705 261 2730 retur.
306 2697 408 2728 Vates
437 2697 572 2729 consulti
600 2698 840 2740 responderunt,
912 2701 1104 2742 Obsequens
1120 2712 1190 2744 cap.
1202 2701 1242 2732 97
1258 2714 1266 2740 ;
1296 2701 1438 2737 Orosius,
1456 2699 1498 2731 vi.
1516 2701 1567 2731 12.

164 2747 375 2781 eoinfamiam
387 2747 542 2790 virginum
552 2748 840 2791 Vestalium,equi·
957 2751 1185 2792 Roma—lapsa
1205 2759 1259 2788 est,
1276 2750 1413 2782 Romani
1442 2755 1498 2781 aut
1521 2749 1588 2780 Ro·

164 2806 294 2840 tumque
310 2797 524 2830 Romanorum
541 2798 706 2840 portendi;
723 2805 754 2829 et
768 2810 838 2830 mox
912 2811 1012 2841 mapae
1035 2811 1052 2832 a
1071 2802 1226 2843 pudicitia
1247 2802 1345 2844 lapsae
1365 2807 1460 2840 sunt;
1485 2810 1587 2831 mores
