1809 3220
187 164 275 207 484
590 165 642 207 P.
670 163 887 207 OVIDII
922 163 1208 207 NASONIS

195 282 427 346 Quaeque
453 289 635 346 gerunt
660 282 883 330 humeris
907 282 1157 347 perituras
1183 281 1391 330 Belides
1417 281 1597 339 undas,

265 360 472 409 Exsulis
497 361 725 426 AEgypti,
753 362 903 408 turba
927 367 1154 419 cruenta,
1183 377 1355 409 nurus.
1519 363 1613 408 180

194 439 357 487 Poma
382 446 526 503 pater
552 439 759 503 Pelopis
785 438 1058 503 praesentia
1083 438 1281 502 quaerit,
1309 446 1360 487 et
1384 439 1519 487 idem

263 517 479 581 Semper
504 525 634 582 eget,
661 517 870 581 liquidis
897 533 1097 581 semper
1119 517 1346 565 abundat
1370 517 1546 581 aquis;

191 595 221 642 J
230 596 572 660 ugeribusque
598 612 778 644 novem
806 596 894 660 qui
921 612 1149 643 summus
1176 595 1331 644 distat
1356 595 1419 644 ab
1446 595 1563 654 imo,

262 674 575 738 Visceraque
601 674 813 723 adsidue
839 675 1015 724 debita
1039 676 1235 739 praebet
1261 675 1354 724 avi.

194 751 292 799 Hic
319 752 412 801 tibi
437 753 501 801 de
533 753 696 801 Furiis
723 754 923 802 scindet
947 755 1079 802 latus
1106 770 1207 803 una
1227 754 1443 818 flagello,
1518 755 1611 801 185

263 830 336 878 Ut
361 831 567 879 sceleris
593 848 831 880 numeros
857 831 1132 880 confiteare
1158 831 1260 880 tui:

190 907 368 957 Altera
393 908 646 958 Tartareis
673 917 840 958 sectos
866 909 1009 957 dabit
1034 909 1284 973 anguibus
1310 915 1478 968 artus3

257 986 432 1035 Tertia
455 987 710 1036 fumantes
735 988 980 1052 incoquet
1004 989 1121 1051 igne
1147 1003 1320 1051 genas.

190 1063 361 1112 Noxia
384 1065 522 1114 mille
547 1066 713 1113 modis
739 1066 1046 1114 lacerabitur
1072 1066 1266 1124 umbra,
1293 1073 1512 1130 tuasque

256 1143 443 1191 AEacus
465 1143 517 1191 in
542 1161 719 1208 poenas
746 1145 1039 1208 ingeniosus
1066 1144 1176 1193 erit.
1518 1146 1613 1192 190

190 1220 250 1267 In
276 1228 325 1270 te
352 1223 658 1271 transcribet
680 1230 908 1271 veterum
933 1230 1186 1272 tormenta
1211 1238 1440 1271 reorum:

256 1299 499 1348 Manibus
526 1301 748 1365 antiquis
774 1317 930 1350 causa
957 1301 1143 1365 quietis
1170 1301 1285 1349 eris.

191 1376 428 1442 Sisyphe,
456 1379 538 1426 cui
565 1379 735 1427 tradas
763 1380 1038 1428 revolubile
1065 1380 1280 1445 pondus,
1309 1378 1550 1437 habebis3

255 1455 549 1504 Versabunt
572 1458 765 1505 celeres
792 1474 926 1505 nunc
954 1475 1083 1506 nova
1107 1459 1338 1506 membra
1362 1464 1499 1506 rotae.

189 1531 287 1581 Hic
309 1533 419 1591 erit,
441 1542 493 1582 et
517 1550 682 1582 ramos
702 1535 886 1583 frustra
913 1536 1000 1599 qui
1027 1544 1198 1600 captet
1223 1544 1275 1584 et
1300 1536 1489 1584 undas:
1516 1538 1612 1583 195

256 1611 354 1660 Hic
381 1612 700 1661 inconsumto
726 1614 919 1662 viscere
945 1621 1125 1678 pascet
1150 1631 1312 1663 avem.

183 1688 295 1738 Nec
321 1691 497 1739 mortis
522 1708 699 1756 poenas
726 1708 859 1740 mors
887 1692 1047 1740 altera
1071 1692 1213 1741 finiet
1238 1693 1407 1756 hujus,

255 1767 498 1833 Horaque
525 1770 618 1818 erit
643 1770 798 1818 tantis
826 1770 1007 1818 ultima
1031 1771 1172 1819 nulla
1192 1770 1356 1819 malis.

183 1845 310 1895 Inde
336 1864 430 1911 ego
456 1864 620 1912 pauca
644 1865 852 1906 canam3
893 1848 1097 1897 frondes
1124 1856 1180 1897 ut
1206 1850 1246 1897 si
1273 1849 1388 1913 quis
1415 1848 1466 1896 in
1493 1847 1606 1905 Ida,

251 1924 356 1973 Aut
375 1942 625 1975 summam
644 1926 836 1992 Libyco
853 1927 917 1976 de
936 1944 1073 1976 mare
1095 1934 1271 1993 carpat
1287 1943 1488 1992 aquam.
1507 1930 1608 1976 200

233 2058 308 2088 181.
328 2057 420 2089 Poma
436 2066 523 2099 pater
536 2059 683 2100 Pelopis]
708 2059 862 2090 Tantalus
931 2060 972 2091 de
994 2059 1104 2091 Minoe
1123 2070 1160 2091 ac
1182 2059 1429 2091 Rhadamanto:
1454 2063 1474 2077 ‘⁴
1491 2060 1534 2090 Et
1553 2059 1608 2102 qui

184 2106 334 2148 dignatus
345 2108 485 2139 Deorum
495 2109 714 2144 mensa‚Jovis
728 2110 862 2151 mystica
932 2109 1032 2140 fronte
1050 2109 1142 2140 nimis
1160 2109 1295 2141 crimina
1310 2109 1423 2140 tetrica
1438 2111 1607 2147 Quaerunt,

183 2157 316 2199 protulit
340 2158 538 2190 mortalibus.
588 2159 680 2190 Unde
706 2159 791 2201 apud
815 2160 863 2190 in·
931 2170 968 2190 ac
999 2165 1121 2191 veteres
1159 2159 1325 2190 excutiunt
1362 2159 1467 2190 reos.'’
1517 2159 1609 2191 Idem

183 2207 263 2238 seros
287 2218 355 2238 esse
380 2208 495 2239 meruit
519 2208 628 2239 sitiens
651 2208 682 2239 in
705 2209 796 2250 aquis
818 2209 862 2240 ori
931 2210 1192 2251 Agamemnone:
1222 2214 1242 2226 ‘¹
1263 2209 1463 2251 Reputemus
1486 2219 1609 2246 omnes,

185 2256 427 2288 adhibentibus:
477 2263 496 2275 ‘⁴
531 2258 654 2296 Quaerit
691 2269 791 2300 aquas
829 2258 862 2289 in
931 2270 1011 2301 quos
1021 2258 1218 2290 obinfandas
1229 2269 1342 2290 manus
1355 2259 1514 2296 Quaesitor
1526 2269 1607 2290 urna

182 2306 286 2348 aquis,
302 2313 333 2338 et
349 2318 443 2349 poma
461 2308 587 2349 fugacia
609 2315 718 2351 captat
738 2309 860 2340 Tanta·
934 2308 1074 2341 Gnosius
1102 2315 1206 2340 versat
1239 2309 1343 2340 1'e08.’'
1398 2308 1611 2346 Claudianus,

182 2356 252 2387 lus:
288 2357 345 2388 hoc
375 2356 420 2387 illi
448 2359 576 2399 garrula
600 2359 711 2401 lingua
737 2358 863 2390 dedit.’'
933 2359 990 2390 lib.
1012 2358 1044 2390 ii.
1065 2358 1096 2389 in
1122 2358 1275 2389 Rufinum
1299 2358 1338 2389 de
1360 2358 1605 2389 Rhadamanto:

187 2407 270 2437 ZAn.
933 2413 955 2426 ‘⁴
982 2409 1062 2439 Tum
1087 2418 1226 2449 quoque,
1245 2408 1321 2438 dum
1347 2407 1418 2439 lites
1441 2407 1609 2450 Stygiique

235 2457 305 2487 190.
330 2457 444 2488 AEucus
461 2459 490 2487 ιἰι
507 2458 637 2499 ymnum]
665 2459 739 2495 Hic,
755 2459 864 2489 Minos
933 2458 1063 2499 negotia
1085 2465 1188 2488 versat
1210 2458 1302 2488 Dura
1329 2457 1397 2494 sori,
1421 2463 1608 2499 veteresque

181 2511 213 2536 et
226 2505 481 2542 Rhadamantus,
494 2507 583 2538 Jovis
598 2515 629 2539 et
643 2509 778 2551 Europae
794 2508 861 2545 filii,

184 2555 269 2598 apud
286 2555 401 2586 inferos
412 2556 537 2597 judices
552 2564 635 2588 sunt.
661 2559 743 2588 liin.

230 2606 302 2635 191.
340 2605 478 2636 Veterum
511 2613 659 2638 tormenta
689 2608 854 2648 mirorum]

189 2655 318 2685 Hearnm
334 2666 400 2686 esse
416 2656 619 2687 scribendum
638 2658 755 2693 monui,
776 2659 857 2689 [last.

183 2716 214 2736 v.
234 2716 299 2736 ver.
315 2706 389 2735 622.
416 2705 549 2743 Seneca,
568 2707 706 2738 Hercule
722 2708 855 2741 furente,

932 2519 998 2539 reos
1011 2519 1049 2538 ex
1062 2507 1171 2538 ordine
1189 2506 1314 2549 quaerit,
1328 2507 1482 2538 Rufinum
1497 2506 1609 2550 procul

931 2568 1005 2589 ecce
1024 2556 1149 2588 notat.''
1175 2557 1296 2588 Ilsrxs.

972 2609 1046 2638 200.
1076 2608 1116 2637 He
1141 2609 1165 2637 si
1195 2609 1260 2647 quis
1286 2613 1392 2646 carpat
1407 2606 1541 2648 frondes
1571 2607 1607 2636 in

933 2658 1017 2698 Idm]
1070 2657 1125 2687 Ida
1156 2657 1246 2698 sylva
1271 2657 1302 2687 in
1328 2658 1435 2693 Creta,
1458 2662 1493 2687 ut
1519 2661 1550 2687 et
1574 2654 1607 2686 in

930 2707 1085 2749 Phrygia:
1114 2706 1145 2737 in
1168 2706 1226 2738 hac
1248 2705 1420 2748 proceritas
1439 2706 1603 2742 arborum,
