1809 3220
209 171 296 214 478

607 170 659 211 P.
695 167 913 212 OVIDII
946 168 1232 211 NASONIS

209 287 378 344 Nunc,
405 303 507 351 quo
535 285 799 334 Battiades
825 286 1086 334 inimicum
1111 285 1327 334 devovet
1349 284 1481 343 Ibin,
1559 287 1623 332 55

272 364 386 412 Hoc
413 380 504 428 ego
529 363 752 411 devoveo
773 371 929 427 teque
955 370 1178 426 tuosque
1204 362 1372 410 modo.

207 443 382 506 thue
405 442 507 498 ille,
535 441 756 489 historiis
783 441 1030 489 involvam
1056 439 1282 488 carmina
1305 440 1484 488 eaecis:

272 520 389 568 Non
416 519 605 567 soleam
631 518 862 582 quamvis
889 519 983 566 hoc
1010 534 1172 581 genus
1198 517 1308 582 ipse
1335 516 1497 581 sequi.

203 597 347 645 Illius
374 597 612 660 ambages
638 596 864 644 imitatus
891 595 942 643 in
970 595 1117 643 Ibide
1145 595 1301 651 dicar,

271 675 476 723 Oblitus
503 673 653 722 moris
673 673 959 737 judiciique
985 673 1103 722 mei.
1559 674 1624 719 60

206 753 275 802 Et
299 752 555 817 quoniam,
584 751 671 814 qui
698 751 784 808 sis,
808 751 1033 798 nondum
1059 749 1407 815 quaerentibus
1433 749 1547 805 edo,

273 830 433 879 Ibidis
458 830 652 876 interea
676 835 731 875 tu
757 844 965 892 quoque
991 844 1177 876 nomen
1202 828 1350 876 habe.

206 909 381 974 thue
406 907 505 956 mei
530 922 704 955 versus
731 906 1047 970 aliquantum
1074 906 1237 954 noctis
1263 905 1541 963 habebunt,

275 986 361 1034 Sic
386 986 499 1033 vitae
526 983 680 1032 series
707 991 812 1032 tota
838 984 903 1031 sit
929 991 1037 1032 atra
1060 991 1177 1032 tuae.

206 1063 332 1112 Haec
356 1062 448 1111 tibi
474 1061 630 1109 natali
657 1061 791 1119 faxo,
820 1061 851 1108 J
856 1062 1042 1126 anique
1064 1061 1312 1119 kalendis,
1559 1062 1622 1108 65

274 1142 392 1191 Non
416 1140 693 1189 mentituro
719 1140 936 1204 quilibet
962 1156 1047 1188 ore
1072 1140 1229 1204 legat.

205 1221 273 1269 Di
298 1219 449 1268 maris
475 1225 528 1266 et
552 1225 725 1266 terrae:
768 1218 961 1283 quique
987 1218 1065 1266 his
1092 1219 1300 1266 meliora
1323 1217 1512 1266 tenetis

273 1299 412 1347 Inter
437 1296 661 1345 diversos
688 1312 805 1344 eum
831 1296 956 1345 Jove
983 1314 1140 1361 regna
1165 1297 1338 1362 polos;

248 1445 301 1475 55.
326 1441 513 1482 Battiades]
545 1440 776 1478 Callimachus,
802 1441 877 1484 quia

203 1493 272 1531 υἱὸς
291 1491 420 1525 Βάττου
439 1492 495 1523 καὶ
514 1489 703 1533 Μεσάτμας,
723 1496 758 1522 ut
779 1496 827 1522 est
845 1490 878 1522 in

203 1543 315 1576 suida.
362 1541 428 1572 Alii
459 1551 478 1572 a
503 1541 600 1572 Batto
628 1551 713 1582 rege,
739 1541 879 1582 Cyrenes

205 1593 378 1628 conditore,
410 1591 455 1622 ita.
491 1596 641 1622 vocatum
680 1591 803 1627 volunt,
848 1596 879 1622 et

203 1644 403 1685 Cyrenenses
435 1651 543 1671 omnes
574 1639 733 1671 Battiades
765 1639 880 1670 dictos.

204 1694 286 1725 Ibin.
312 1689 519 1734 Apollonium
546 1689 722 1721 Rhodium.
768 1689 878 1720 Inimi-

202 1755 285 1776 cum.
330 1742 418 1773 Nam
443 1750 541 1782 quum
566 1739 677 1770 fuisset
704 1738 879 1781 discipulus

203 1790 406 1827 Callimachi,
427 1789 538 1826 multa,
554 1800 625 1831 quae
648 1799 667 1820 a
683 1794 878 1831 praeceptore

203 1846 381 1884 acceperat,
401 1850 456 1882 pro
480 1840 544 1870 suis
564 1839 759 1870 ostentabat.
780 1839 877 1870 Dom.

206 1894 337 1924 Devovet
355 1890 437 1920 Ibin.
474 1889 548 1919 Non
562 1888 663 1919 solum
678 1894 803 1931 propter
819 1888 877 1918 im-

203 1942 374 1986 puritatem
388 1945 420 1970 et
437 1938 622 1981 spurcitiem
641 1937 740 1980 ipsius
758 1938 877 1980 signifi-

204 1992 355 2027 candam,
373 1988 447 2020 Ibin
467 1988 531 2020 dici
554 1993 647 2031 puto:
674 1988 731 2019 sed
749 1994 781 2020 et
802 1988 878 2030 quia

205 2041 378 2084 AEgyptius
405 2045 489 2070 esset
517 2038 633 2081 patria,
666 2039 757 2081 cujus
787 2044 876 2070 terrae

204 2093 275 2124 haec
304 2089 372 2122 avis
400 2088 491 2131 quasi
521 2087 710 2130 peculiaris:
745 2094 877 2129 utroque

206 2147 313 2173 autem
350 2138 443 2169 modo
481 2148 536 2180 per
574 2142 805 2179 contemptum,
846 2143 878 2168 et

207 2189 446 2223 contumeliose.
495 2188 625 2218 M1cv1..

251 2240 304 2272 57.
341 2238 440 2278 thue
468 2237 534 2273 ille,
567 2237 700 2267 historiis
729 2237 879 2267 involvam

205 2290 344 2321 carmina
366 2286 481 2327 ca·cis.]
522 2285 637 2316 Suidas
660 2284 756 2316 etiam
778 2285 878 2317 Calli-

204 2338 310 2370 machi
334 2336 480 2367 libellum
503 2335 535 2366 in
559 2335 631 2366 Ibin
655 2336 880 2378 perobscurum

205 2389 302 2420 fuisse
316 2392 460 2422 testatur,
479 2386 519 2416 de
536 2396 598 2427 quo
609 2385 776 2428 Papinium
793 2385 880 2427 loqui

206 2450 269 2471 non
285 2437 407 2473 dubito,
422 2435 480 2467 lib.
493 2435 535 2466 iv.
547 2435 638 2477 Sylv.
648 2445 746 2477 quum
759 2442 880 2477 patrem

206 2488 319 2520 laudat
343 2487 375 2516 in
399 2486 467 2528 ejus
492 2484 648 2526 epicedio,
673 2484 757 2526 quod
781 2484 882 2516 Calli-

206 2537 324 2573 machi,
339 2534 563 2578 LycophroniS‚
579 2534 750 2576 Sophronis
772 2540 803 2564 et
822 2534 883 2565 Co-

207 2587 304 2619 rinnae
317 2596 424 2616 versus
432 2583 880 2624 obscurissimosintelligeret.

253 2639 306 2668 62.
342 2636 388 2666 Tu.
418 2634 560 2676 quaqua]
603 2633 880 2670 Quemadmodum

209 2686 396 2730 Apollonius
412 2685 570 2716 Rhodius.
594 2685 690 2715 Doni.

991 1443 1043 1474 65.
1062 1443 1155 1479 Faxo,
1171 1441 1333 1473 minantis.
1358 1441 1432 1472 Haec
1448 1442 1501 1472 tibi
1515 1442 1627 1473 natali.

947 1492 1137 1534 Priusquam
1156 1492 1243 1523 Naso
1262 1492 1348 1522 Deos
1370 1490 1548 1522 invocando
1565 1490 1624 1521 sibi

948 1542 1108 1578 conciliet,
1135 1541 1208 1572 Ibin
1234 1547 1352 1577 monet,
1376 1546 1412 1571 ut
1433 1539 1532 1571 natali
1555 1551 1624 1577 su0,

948 1591 1157 1633 kalendisque
1185 1590 1351 1633 januariis,
1383 1589 1439 1621 has
1467 1591 1625 1632 impreca-

949 1641 1050 1672 tiones
1064 1641 1201 1683 aquovis
1215 1640 1291 1682 legi,
1307 1639 1432 1682 sibique
1444 1650 1500 1682 pro
1513 1639 1625 1671 faustis

949 1690 1231 1733 imprecationibus
1269 1689 1395 1721 recitari
1434 1695 1534 1726 curet,
1561 1699 1625 1731 quo

948 1740 1019 1772 scil.
1036 1741 1073 1772 iis
1089 1740 1202 1771 diebus
1217 1739 1447 1782 pronunciatae,
1459 1737 1624 1770 certiorem

948 1790 1119 1833 perniciem
1135 1789 1339 1832 portendant.
1376 1789 1509 1820 Veteres
1524 1787 1621 1825 enim,

949 1840 1105 1882 quidquid
1122 1840 1234 1871 ominis
1249 1840 1338 1876 mali,
1354 1838 1547 1882 temporibus
1561 1838 1625 1869 illis

950 1890 1093 1921 auditum
1122 1889 1243 1926 fuisset,
1273 1888 1375 1919 dirum
1406 1887 1511 1919 nescio
1540 1887 1625 1929 quod

947 1939 1079 1970 exitium
1117 1939 1230 1970 minari
1269 1938 1452 1969 credebant.
1504 1936 1625 1969 Contra

947 1988 1015 2020 dies
1034 1989 1116 2026 illos,
1133 1988 1158 2019 si
1179 1987 1259 2020 nihil
1280 1987 1412 2019 infausti
1429 1986 1624 2028 contigisset,

947 2038 1154 2070 faustissimos
1167 2039 1351 2069 censebant.
1376 2038 1528 2069 SALVAG.

991 2089 1044 2119 68.
1068 2088 1157 2119 Inter
1173 2089 1303 2118 diversos
1316 2087 1428 2128 polos]
1459 2085 1624 2118 Arcticum

946 2144 978 2169 et
993 2138 1215 2169 antarcticum.
1249 2137 1327 2168 Divi
1341 2142 1431 2168 erant
1443 2135 1624 2174 duodecim,

949 2187 1003 2230 qui
1022 2198 1096 2218 curn
1114 2188 1194 2220 Jove
1213 2187 1403 2218 dicebantur
1426 2192 1533 2218 tenere
1557 2196 1624 2218 coe-

948 2238 1028 2275 lum,
1049 2243 1081 2269 et
1104 2238 1258 2280 majorum
1282 2236 1424 2277 gentium
1449 2235 1505 2268 Dii
1529 2247 1623 2268 voca-

949 2290 1064 2320 bantur
1077 2299 1085 2326 3
1101 2298 1180 2330 quos
1196 2295 1227 2318 et
1242 2294 1392 2318 consentes
1405 2286 1624 2328 adpellabant‚

950 2339 1005 2380 qui
1034 2348 1050 2369 a
1077 2336 1206 2368 consilio
1223 2335 1314 2368 Jovis
1332 2341 1443 2374 erant;
1466 2334 1512 2366 ita
1534 2334 1624 2371 dicti,

951 2387 1036 2430 quod
1061 2387 1275 2418 consentirent
1294 2386 1325 2416 in
1347 2396 1394 2422 eo,
1412 2384 1496 2428 quod
1512 2395 1623 2427 geren·

951 2438 1025 2469 dum
1064 2442 1158 2467 esset.
1217 2434 1355 2477 Jupiter,
1384 2435 1482 2471 Juno,
1512 2434 1624 2471 Vesta,

951 2487 1112 2522 Minerva,
1163 2485 1272 2522 Ceres,
1321 2485 1440 2522 Diana,
1501 2484 1623 2520 Venus,

953 2538 1053 2573 Mars,
1083 2535 1273 2572 Mercurius,
1300 2535 1406 2571 Liber,
1435 2534 1620 2576 Neptunus,

951 2585 1078 2628 Apollo,
1110 2585 1131 2616 ii
1168 2591 1293 2617 tantum
1330 2590 1457 2616 nectare
1487 2583 1621 2615 uteban-

952 2643 1014 2667 tur.
