1809 3220
181 178 269 220 318
588 181 640 222 P.
676 179 896 222 OVIDII
931 179 1220 222 NASONIS

183 295 304 353 Sed,
333 311 448 360 quae
477 297 774 353 nescieram,
804 313 1126 362 quorumque
1153 312 1320 344 errore
1346 294 1574 351 tenebar,

245 374 466 437 Cognita
491 381 626 430 sunt,
654 376 793 424 nullo
819 376 1165 440 praecipiente,
1193 374 1334 423 mihi.
1507 375 1606 420 256

176 451 325 500 Dena
349 459 530 516 quater
555 461 841 502 memorant
867 455 1107 503 habuisse
1137 454 1320 502 Palilia
1349 452 1585 506 Romam,

243 529 410 585 Quum
439 531 656 579 flammae
681 540 856 580 custos
882 533 992 581 aede
1018 541 1226 597 recepta
1252 547 1345 579 sua
1369 538 1466 578 est.

174 608 334 673 Regis
360 626 489 675 opus
516 611 721 675 placidi,
750 628 853 676 quo
879 629 978 660 non
1006 611 1319 660 metuentius
1345 609 1506 657 ullum

241 687 479 736 Numinis
506 689 762 753 ingenium
790 698 923 738 terra
951 690 1145 738 Sabina
1170 689 1302 737 tulit.
1503 689 1604 735 260

173 766 301 822 Quae
327 784 461 815 nunc
488 784 586 816 aere
610 769 769 825 vides,
798 769 988 834 stipula
1013 777 1136 817 tunc
1163 775 1300 816 tecta
1323 767 1550 824 videres3

244 845 313 893 Et
337 846 504 910 paries
530 847 668 895 lento
694 847 879 896 vimine
905 855 1080 896 textus
1101 854 1225 895 erat.

171 923 271 972 Hic
297 925 440 973 locus
466 926 699 989 exiguuS,
729 927 815 991 qui
843 927 1062 975 sustinet
1087 926 1214 974 atria
1238 925 1428 979 Vestae,

238 1002 383 1051 Tunc
410 1011 518 1052 erat
543 1004 728 1053 intonsi
756 1006 895 1069 regia
919 1021 1106 1069 magna
1132 1004 1334 1052 Numae.

211 1229 400 1262 257—264.
449 1230 589 1262 Primum
622 1231 728 1262 x‘estae
767 1237 847 1262 tem-

167 1279 257 1322 plum
273 1278 358 1322 apud
374 1280 548 1312 Romanos.
574 1281 672 1311 Erant
688 1280 775 1317 olim,
792 1281 847 1323 qui

166 1329 408 1367 contenderent,
438 1331 592 1373 templum
621 1330 702 1362 illud
728 1330 797 1373 jam
827 1342 848 1363 a

167 1381 307 1412 Romulo
327 1390 396 1412 esse
418 1379 594 1412 conditum.
640 1380 708 1412 Hos
729 1380 849 1414 refellit

166 1430 343 1472 Dionysius
358 1429 524 1461 lialicarn.
538 1429 572 1461 ii.
588 1430 641 1461 65.
679 1430 754 1473 Ipse
770 1441 845 1474 cap.

166 1481 221 1511 64.
245 1479 356 1510 Numae
374 1479 434 1510 hoc
455 1479 587 1510 tribuit:
615 1478 735 1518 Ἀυτὸς
756 1483 846 1522 πρῶ-

166 1542 223 1568 τος
239 1529 328 1572 ἱερὸν
346 1528 562 1571 ἱδρυσάμενος
581 1529 759 1571 Ῥωμαῖοις
771 1529 847 1563 Ἐσ-

166 1581 251 1618 ring,
268 1581 325 1611 καὶ
345 1578 534 1622 παρθένους
557 1579 739 1618 ἀποδείξας
759 1581 848 1624 αὐτῇ

165 1630 370 1671 θυηπόλους.
416 1630 507 1661 Idem
529 1629 625 1661 tradit
640 1630 845 1668 Plutarchus,

167 1682 267 1714 Num.
293 1681 314 1712 9
333 1686 366 1711 et
385 1681 435 1711 ll.
457 1679 512 1711 ubi
533 1686 699 1711 narratur:
726 1681 763 1711 τὸ
784 1683 846 1719 τῆς

164 1731 300 1768 Ἑστίας
311 1730 400 1772 ἱερὸν
414 1729 588 1772 ἐγκύκλιον
605 1729 846 1772 περιβαλέσθαι

164 1784 213 1825 τῷ
240 1780 395 1822 ἀσβέστῳ
427 1781 506 1822 πυρὶ
544 1779 703 1823 φρουράν.
748 1781 844 1813 Adde

167 1833 304 1869 Livium,
318 1832 340 1863 i.
351 1832 404 1863 20.
432 1831 549 1862 Palilia
562 1831 787 1864 describuntur
801 1833 844 1864 iv.

167 1885 228 1916 721
246 1894 317 1926 sqq.
332 1889 391 1913 ete
409 1893 490 1913 vers.
509 1882 685 1913 727—732
699 1890 843 1926 apparet,

166 1946 222 1967 cur
238 1934 296 1966 hoc
311 1933 382 1964 loco
394 1943 502 1964 eorum
520 1933 639 1964 mentio
655 1933 720 1964 fiat.
753 1934 843 1965 Deua

165 1992 291 2027 quatem
320 1983 430 2014 Numa
455 1992 539 2013 anno
559 1982 602 2014 U.
629 1982 667 2014 C.
694 1984 747 2014 38.
772 1994 842 2026 reg-

164 2045 241 2066 num
254 2031 395 2074 suscepit
410 2043 418 2070 3
442 2042 516 2073 ergo
527 2031 682 2073 templum
699 2031 844 2063 condidit

164 2094 248 2115 anno
277 2081 366 2123 regni
405 2080 454 2112 sui
493 2080 644 2111 secundo.
699 2081 844 2114 Custodes

157 2135 292 2177 flamma
305 2131 386 2162 alias
401 2137 475 2161 sunt
487 2131 636 2161 Vestales
650 2144 656 2161 :
677 2142 759 2163 nunc
774 2132 842 2175 ipsa

163 2184 225 2215 dea
241 2188 359 2218 custos,·
384 2179 541 2216 VelleiuS,
558 2179 594 2211 ii.
614 2181 686 2212 131.
699 2189 841 2223 perpetu-

165 2244 252 2264 orum
272 2238 368 2263 cuseos
398 2230 483 2261 Vesta
507 2232 647 2273 ignium;
673 2231 743 2262 Cic.
765 2232 842 2264 Nat.

164 2285 262 2315 Deor.
285 2281 318 2312 ii.
337 2282 390 2312 27.
407 2291 508 2311 rerum
527 2287 626 2312 custos
650 2283 841 2314 intimarum.

165 2332 305 2366 Omnino
329 2331 373 2362 dii
400 2337 552 2361 vocantur
575 2334 710 2363 custodes
732 2342 840 2364 earum

162 2393 277 2418 rerum,
307 2381 423 2423 quibus
448 2387 598 2423 praesunt‚
629 2387 663 2412 ut
693 2382 761 2412 Pan
792 2393 840 2414 ar-

163 2432 263 2464 menti
289 2431 323 2462 ii.
351 2431 428 2461 277.
482 2430 547 2461 Re1
582 2432 736 2471 placidus,
764 2433 842 2474 quia

164 2482 254 2526 pacis
269 2491 391 2513 amans.
424 2480 477 2511 De
492 2483 615 2523 ingenio
630 2481 699 2523 ejus
713 2482 838 2513 virtuti-

162 2535 224 2565 bus
239 2537 414 2574 temperato
429 2530 551 2567 Livius,
565 2531 589 2562 i.
610 2532 648 2562 18
667 2543 674 2562 ;
700 2531 788 2563 Plut.
804 2535 837 2565 3.

164 2584 299 2615 Deorum
314 2588 425 2612 metum
440 2579 536 2611 etiam
551 2580 616 2611 suis
630 2580 838 2622 injiciendum

161 2633 302 2665 omniurn
317 2630 411 2674 piim.
426 2636 514 2661 ratus
528 2636 586 2661 est.

205 2683 282 2713 261.
305 2681 358 2712 De
381 2679 526 2711 aedificiis
544 2686 577 2711 et
597 2680 737 2711 moribus
758 2681 837 2723 pris-

163 2743 209 2765 cae
228 2731 333 2763 aetatjs
351 2729 459 2761 confer
475 2729 497 2760 i.
515 2730 577 2761 199
592 2740 674 2772 sqq3
697 2729 743 2760 iii.
761 2731 836 2762 183.

162 2789 193 2814 et
209 2781 296 2813 alibi.
341 2781 476 2816 Seneca,
489 2779 590 2823 Epist.
606 2790 644 2811 xc
659 2792 665 2810 ε
692 2785 712 2797 “
726 2780 835 2812 Furcae

918 1231 1078 1275 utrimque
1093 1242 1255 1275 suspensae
1273 1231 1451 1263 fulciebant
1470 1239 1577 1260 casam
1593 1241 1600 1260 :

916 1282 1059 1324 Spissatis
1074 1282 1248 1314 ramalibus
1264 1292 1301 1313 ac
1318 1280 1428 1313 fronde
1445 1284 1598 1322 congesta

916 1338 948 1364 et
970 1333 1002 1363 in
1025 1333 1167 1375 proclive
1185 1332 1354 1375 disposita,
1371 1331 1524 1363 decursus
1538 1329 1598 1360 im-

915 1382 1026 1414 bribus
1039 1383 1186 1425 quamvis
1198 1381 1323 1424 magnis
1338 1387 1418 1413 erat.
1461 1379 1599 1412 Culmus

915 1430 1031 1464 liberos
1048 1432 1163 1463 texit.'’
1207 1432 1301 1463 Tatio
1316 1436 1483 1473 regnante,
1498 1428 1598 1460 etiam

917 1481 1005 1514 curia
1019 1481 1059 1513 de
1079 1483 1194 1522 stipula
1218 1488 1305 1520 erat;
1329 1481 1403 1512 Art.
1420 1480 1532 1511 Amat.
1550 1478 1597 1510 iii.

920 1533 993 1564 118.
1029 1533 1105 1563 AEre
1121 1532 1248 1575 Lipsius
1262 1538 1356 1575 putat
1371 1536 1494 1562 aurato.
1534 1530 1598 1560 Pa-

916 1585 1020 1614 rietem
1046 1584 1158 1614 vimine
1180 1586 1295 1614 linitum
1319 1580 1476 1625 Neapolis
1495 1579 1599 1612 credit

915 1632 948 1663 in
972 1643 1057 1664 nova
1080 1632 1150 1664 aede
1172 1643 1242 1664 esse
1266 1638 1441 1668 servatum,
1459 1637 1492 1663 et
1510 1630 1598 1662 hunc

915 1693 983 1714 esse
1002 1695 1125 1724 penum,
1142 1683 1182 1714 de
1206 1694 1270 1725 quo
1293 1683 1423 1714 Festus:
1450 1687 1472 1700 ‘⁴
1490 1682 1600 1713 Penus

916 1739 1046 1764 vocatur
1071 1733 1160 1765 locus
1183 1732 1215 1764 in
1241 1732 1311 1764 aede
1334 1733 1442 1764 Vestae
1464 1731 1598 1764 intimus

915 1783 1074 1825 tegetibus
1089 1789 1211 1826 septus,
1227 1783 1281 1825 qui
1298 1782 1393 1814 certis
1406 1781 1520 1814 diebus
1535 1779 1598 1813 cir-

914 1844 952 1865 ca
970 1834 1117 1865 vestalia
1133 1832 1306 1876 aperitur.‘'

957 1885 1035 1916 263.
1058 1884 1175 1915 Numae
1201 1885 1319 1926 regiam
1339 1881 1482 1926 proxime
1498 1880 1596 1914 fuisse

914 1934 955 1965 ad
971 1934 1075 1965 aedem
1089 1934 1210 1970 vestae,
1226 1939 1346 1965 certum
1363 1938 1422 1964 est.
1466 1933 1597 1964 Plutar-

913 1984 1003 2021 chus,
1029 1984 1130 2015 Num.
1153 1985 1203 2015 14.
1225 1982 1412 2015 sacerdotiis
1437 1980 1594 2014 constitu-

914 2033 972 2064 tis:
991 2032 1142 2075 ἐδείματο
1156 2032 1308 2072 πλησίον
1320 2034 1378 2064 τοῦ
1391 2030 1597 2071 τῆςἘστιάς

913 2082 997 2124 ἱεροῦ
1011 2083 1077 2121 τὴν
1088 2081 1301 2124 καλουμένην
1313 2080 1471 2124 Ῥηγίαν,
1481 2080 1554 2114 οἷόν
1564 2093 1594 2113 τι

911 2133 1087 2172 βασιλεων
1106 2132 1237 2174 ὄικημα.
1284 2131 1412 2162 Solinus
1436 2132 1469 2162 2.
1485 2131 1597 2162 Numa

913 2183 1067 2213 habitabat
1078 2188 1206 2222 propter
1221 2184 1312 2213 ‹rdem
1330 2182 1435 2213 Vester..
1466 2181 1594 2224 Lipsius

913 2233 952 2264 de
969 2234 1070 2264 Vesta
1092 2244 1164 2275 cap.
1181 2234 1212 2263 4.
1229 2238 1347 2269 monet,
1363 2231 1518 2264 Ovidium
1543 2231 1593 2263 di-

911 2293 1003 2314 versa
1028 2283 1232 2321 confudisse5
1269 2285 1387 2313 atrium
1417 2281 1510 2313 Vestoe
1535 2282 1594 2314 ad-

906 2333 1055 2373 junctum
1083 2332 1181 2363 fuisse
1212 2334 1314 2375 regiae.
1359 2331 1399 2362 In
1428 2333 1510 2362 atrio
1537 2331 1594 2364 illo

911 2382 1102 2413 habitabant
1129 2383 1277 2414 Vestales
1292 2394 1301 2420 ;
1341 2381 1477 2418 Plinius,
1506 2381 1590 2414 VII.

910 2433 1011 2475 Epist.
1024 2433 1092 2463 xix:
1101 2432 1199 2463 2.ubi
1219 2431 1290 2463 vide
1306 2437 1415 2462 notam
1431 2438 1588 2463 nostram:

909 2482 994 2514 conf.
1012 2489 1044 2514 et
1059 2493 1154 2525 supra
1171 2484 1222 2514 ll.
1233 2483 1289 2514 69.
1338 2482 1494 2519 Intonsus,
1510 2482 1590 2525 pris-

908 2543 976 2569 cus,
994 2539 1028 2563 ut
1053 2532 1087 2563 ii.
1111 2533 1164 2564 30.
1182 2537 1213 2563 et
1238 2531 1328 2563 alibi.
1373 2531 1440 2563 111.
1453 2531 1549 2563 Trist.
1564 2531 1589 2563 i.

908 2583 971 2614 30:
1010 2587 1031 2600 “
1048 2582 1111 2614 Hic
1134 2582 1196 2613 fuit
1222 2582 1348 2624 antiqui
1374 2582 1463 2623 regia
1488 2592 1589 2624 parva

909 2633 1026 2664 Numae
1039 2633 1073 2671 ;”
1098 2643 1183 2664 nunc
1205 2631 1323 2664 dicitur
1337 2643 1452 2675 magna
1465 2642 1522 2675 pro
1536 2641 1587 2663 ra-

908 2682 994 2714 tione
1018 2683 1144 2714 illorum
1171 2683 1348 2725 temp0rum
1379 2687 1435 2714 aut
1461 2687 1587 2725 propter

908 2732 1160 2773 magnitudinem
1176 2731 1270 2774 regis.
1568 2734 1574 2738 ”

1796 2201 1809 2281 J„.k
1799 2131 1809 2172 x-.
