1809 3220
244 200 329 241 194

638 198 687 238 Ρ.
722 195 936 238 OVIDII
972 195 1252 236 NASONIS

250 315 625 376 Rhoeteumque
651 327 822 376 rapax,
853 311 1106 374 Sigeaque
1131 311 1276 358 litora
1300 310 1476 358 transit
1495 330 1522 366 ;-

315 392 381 439 Et
401 391 678 446 Tenedum,
705 397 758 438 et
780 398 972 437 veteres
1000 388 1223 435 Eetionis
1249 404 1387 452 opes.

1546 390 1644 435 280

252 469 504 533 Cyclades
530 467 805 531 excipiunt,
836 466 1000 514 Lesbo
1025 473 1141 530 post
1165 473 1308 528 terga
1332 465 1534 522 relicta;

315 546 530 609 Quaque
556 543 815 608 Carysteis
840 543 1084 605 frangitur
1108 543 1243 590 unda
1266 542 1423 590 vadiS.

250 622 448 670 Transit
473 630 523 670 et
549 621 782 676 Icarium,
810 621 977 684 lapsas
1003 619 1088 666 ubi
1115 620 1334 682 perdidit
1357 620 1462 666 alas

315 699 503 754 Icarus,
530 707 580 746 et
603 705 756 745 vastae
782 698 984 744 nomina
1007 696 1127 743 fecit
1151 713 1313 759 aquae.

248 777 375 824 Tum
400 778 524 824 laeva
549 777 756 834 Creten,
782 776 963 823 dextra
990 774 1290 838 Pelopeidas
1315 775 1475 822 undas

1550 777 1648 823 285

316 854 540 912 Deserit;
582 861 633 901 et
657 854 840 901 Veneri
867 869 1011 900 sacra
1037 853 1262 917 Cythera
1286 854 1442 916 petit:

248 931 380 978 Hinc
400 948 534 979 mare
556 931 886 988 Trinacrium,
903 931 1124 978 candens
1145 930 1230 977 ubi
1251 930 1443 992 tingere
1463 929 1646 977 ferrum

316 1009 651 1073 Brontesque,
675 1017 726 1057 et
754 1010 1011 1073 SteropeS,
1034 1008 1441 1070 Acmonidesque
1467 1008 1644 1063 solent,

250 1086 572 1150 AEquoraque
596 1087 714 1134 Afra
738 1088 876 1150 legit,
906 1087 1198 1149 Sardoaque
1224 1101 1379 1148 regna
1403 1077 1618 1132 sinistris

315 1162 567 1227 Prospicit
592 1181 621 1211 a
646 1164 823 1219 remis;
868 1164 1246 1226 Ausoniamque
1272 1169 1428 1210 tenet.

1548 1164 1647 1209 290

249 1240 394 1288 Ostia
419 1242 713 1304 contigerat,
742 1259 843 1305 qua
870 1259 923 1290 se
949 1241 1213 1289 Tiberinus
1240 1240 1289 1286 in
1316 1240 1471 1287 altum

320 1318 525 1374 Dividit,
553 1327 603 1366 et
627 1335 806 1383 campo
831 1319 1062 1366 liberiore
1087 1325 1242 1365 natat.

244 1522 296 1557 bo,
313 1522 387 1559 xiii3
412 1521 543 1557 Plinius,
560 1534 589 1553 v.
605 1523 659 1553 39.
708 1523 825 1559 Eetion,
843 1523 909 1554 An-

246 1570 429 1602 dromaches
448 1577 548 1613 pater,
572 1572 702 1603 Theben
725 1572 872 1609 habebat,
894 1584 911 1603 a

244 1619 366 1651 Troade
390 1621 429 1651 ad
450 1628 589 1651 austrum
612 1632 717 1652 versus
742 1622 911 1663 Adramyt-

245 1674 311 1700 tum
338 1669 452 1707 sitam3
488 1670 614 1701 Homer.
633 1671 673 1702 Il.
699 1675 739 1702 Α.
760 1672 846 1709 336;
877 1675 911 1703 Ζ.

246 1719 309 1750 395
325 1730 333 1757 ;
358 1723 399 1750 X.
416 1720 489 1750 480.

288 1768 363 1798 282.
390 1768 536 1808 Carystus
551 1767 583 1798 in
598 1768 687 1800 litore
707 1769 834 1800 australi
850 1770 913 1800 Eu-

245 1817 327 1847 boeae
343 1815 466 1848 insulae.
512 1817 559 1847 Ex
581 1818 788 1860 Hellesponto
808 1824 913 1850 autem

244 1866 444 1897 venientibus
474 1867 598 1898 Euboea
634 1867 719 1908 prius
756 1867 912 1903 adeunda,

245 1925 341 1956 quam
368 1915 524 1955 Cyclades.
573 1916 622 1946 De
647 1916 736 1947 Icaro
759 1924 791 1946 et
814 1916 914 1947 Icario

244 1963 365 1994 scilicet
388 1963 479 1999 mari,
506 1964 577 1995 vide
603 1965 736 1995 Metam.
763 1964 825 1995 viii.
856 1967 913 1996 183

243 2022 313 2053 sqq.
352 2012 412 2042 Pro
429 2014 537 2052 lapsus,
553 2013 677 2054 plurimi
697 2013 790 2045 codd.
808 2016 910 2050 lassas,

245 2059 328 2102 quod
351 2060 528 2092 Mitscherl.
547 2061 688 2103 placuit;
718 2063 912 2093 Bersmanno

246 2110 340 2145 laxas,
363 2109 395 2140 id
415 2115 472 2146 est,
489 2120 507 2140 a
527 2111 591 2140 sole
613 2110 746 2141 laxatas.
792 2113 910 2142 Verum

246 2159 424 2189 lassitudine
450 2159 577 2190 minime
606 2159 707 2190 victus
731 2166 778 2190 est
804 2161 912 2191 Icarus

246 2206 360 2238 audaci
382 2207 488 2238 volatu
515 2208 676 2249 gaudens;
703 2209 756 2240 sed
781 2211 841 2239 labi
865 2210 911 2240 di-

244 2262 368 2292 cuntur,
382 2267 452 2298 quae
467 2257 517 2288 vel
532 2257 701 2294 intereunt,
714 2258 763 2289 vel
780 2259 811 2288 in
823 2259 912 2300 pejus

243 2311 412 2336 mutantur.
459 2306 570 2347 Itaque
592 2307 661 2342 alae,
679 2317 811 2348 quarum
831 2318 910 2338 cerae

245 2353 422 2395 liquefactae
437 2360 509 2385 sunt
525 2365 542 2384 a
558 2356 634 2390 sole,
649 2356 730 2386 bene
746 2361 776 2386 et
791 2357 910 2396 dilapsae

244 2407 275 2432 et
293 2403 379 2441 lapsae
394 2402 458 2433 dici
473 2410 612 2444 possunt.
653 2404 741 2434 Vasta
758 2416 836 2444 aqua
852 2405 909 2435 cir-

245 2451 437 2482 cumlocutio
452 2452 557 2483 maris.
605 2453 738 2493 Cythera
759 2454 861 2485 insula
874 2465 910 2485 eo

245 2499 313 2542 ipso
331 2500 410 2536 loco,
427 2511 488 2542 quo
508 2500 696 2543 Pelopeides
717 2503 809 2533 undae
834 2503 908 2534 ade-

245 2554 352 2580 untur.

288 2599 364 2629 287.
391 2598 528 2629 Nomina
538 2599 714 2641 Cyclopum
731 2599 825 2630 etiarn
843 2602 908 2631 He-

245 2646 352 2678 siodus
372 2647 490 2688 Theog.
510 2648 580 2678 140.
600 2647 706 2684 habet,
727 2649 780 2679 sed
803 2650 909 2681 tertius

243 2695 273 2726 ei
303 2702 348 2726 est
378 2697 496 2738 Arges‚·
534 2696 577 2726 sic
615 2703 646 2726 et
676 2697 905 2734 Callimachus,

245 2744 353 2786 hymn.
364 2746 461 2776 Dian.
474 2746 536 2784 683
560 2745 780 2787 Apollodorus,
794 2746 822 2777 Ι.
839 2747 906 2785 i.2;

979 1523 1112 1558 Plinius,
1130 1534 1224 1553 xxxw
1239 1523 1293 1553 36.
1319 1522 1382 1559 Qui
1400 1522 1568 1563 Pyracmon
1577 1522 1649 1553 Vir-

979 1571 1055 1613 gilio
1071 1573 1147 1602 AEn,
1163 1570 1227 1602 viii.
1249 1573 1323 1603 425.
1342 1572 1456 1602 Nostro
1473 1572 1650 1603 Acmonides

980 1620 1094 1651 dicitur
1109 1626 1163 1651 aut
1176 1621 1366 1662 Agmanides,
1379 1620 1410 1650 id
1426 1626 1484 1656 est,
1498 1621 1648 1651 Acmonis

980 1670 1072 1700 filius.
1120 1670 1282 1711 Tingentes
1298 1669 1379 1700 ferra
1397 1669 1469 1700 lacu
1483 1680 1567 1712 saepe
1583 1670 1648 1711 Cy-

980 1720 1086 1760 clopes
1109 1725 1140 1749 et
1166 1718 1245 1749 fabri
1270 1719 1473 1755 inducuntur,
1497 1726 1532 1750 ut
1555 1719 1648 1750 docet

981 1768 1144 1800 Heinsius.
1190 1769 1296 1805 Quum
1330 1779 1391 1799 non
1421 1768 1575 1800 auderent
1603 1767 1650 1800 illi

983 1817 1097 1848 fretum
1109 1817 1248 1848 Siculum
1258 1818 1400 1855 transire,
1413 1818 1523 1860 legunt
1532 1829 1649 1858 aequora

983 1867 1074 1908 Afra.
1120 1867 1235 1908 Legere
1249 1878 1366 1907 aequora
1382 1877 1472 1909 aeque
1487 1872 1570 1898 recte
1586 1867 1649 1898 dici

982 1926 1019 1946 ac
1031 1918 1126 1958 legere
1137 1915 1239 1952 litora,
1255 1922 1364 1947 contra
1377 1915 1542 1947 Heinsium
1555 1916 1649 1947 docet

983 1965 1195 1996 Burmannus.

1025 2015 1099 2045 291.
1126 2013 1209 2044 Ostia
1234 2013 1367 2044 Lenzius
1389 2013 1512 2045 Ostiam
1538 2015 1647 2045 urbem

979 2062 1146 2103 intelligit,
1180 2062 1224 2093 sic
1240 2062 1408 2093 insolenter
1425 2062 1551 2093 locutus
1565 2069 1648 2094 esset

980 2111 1132 2147 Ovidius3
1172 2111 1290 2146 Livius,
1320 2112 1408 2142 xxix.
1443 2112 1492 2142 14.
1517 2112 1556 2142 de
1586 2112 1646 2143 hac

979 2160 1092 2203 ipsarre
1109 2173 1115 2191 :
1142 2165 1163 2177 “
1176 2166 1342 2203 postquam
1365 2161 1454 2192 navis
1467 2161 1508 2192 ad
1532 2160 1646 2192 ostium

979 2211 1079 2241 amnis
1114 2210 1254 2242 Tiberini
1290 2211 1510 2242 accessisset.''
1554 2210 1644 2242 Idem

980 2259 1115 2290 Lenzius
1138 2260 1267 2291 verbum
1291 2261 1402 2291 dividit
1422 2260 1463 2291 ad
1481 2260 1544 2291 duo
1566 2259 1647 2291 ostia

979 2309 1081 2344 refert,
1097 2309 1212 2350 quibus
1226 2308 1348 2339 Tiberis
1362 2319 1395 2340 se
1415 2308 1597 2339 exoneravit
1611 2309 1644 2339 in

978 2368 1073 2388 mare.
1119 2357 1246 2393 Putem,
1267 2357 1362 2388 etiam
1380 2357 1521 2393 fluvium,
1537 2357 1590 2399 qui
1606 2368 1645 2389 ex

977 2406 1071 2436 unius
1100 2405 1170 2436 ostii
1201 2405 1354 2447 angustiis
1387 2411 1490 2442 exeat,
1521 2411 1554 2436 et
1577 2406 1643 2448 jam

977 2455 1071 2485 latius
1087 2453 1292 2490 diffundatur,
1312 2456 1446 2486 dividere
1459 2466 1489 2486 se
1503 2457 1536 2486 in
1547 2456 1644 2486 altum

977 2503 1040 2534 dici
1055 2514 1154 2546 posse.
1189 2503 1282 2541 Quod
1298 2504 1358 2534 nisi
1374 2503 1524 2535 voluisset
1538 2509 1642 2546 poeta,

978 2563 1038 2583 non
1064 2552 1238 2583 addidisset
1268 2555 1297 2583 in
1323 2554 1431 2589 altum,
1459 2563 1517 2584 nec
1540 2564 1642 2592 campo

979 2602 1114 2631 liberiore
1125 2602 1177 2642 (ut
1188 2602 1320 2632 Metam.
1330 2601 1351 2632 i.
1364 2602 1434 2641 41.)
1444 2608 1543 2632 natat.
1558 2600 1641 2633 Vide

977 2650 1100 2680 omnino
1124 2650 1165 2680 ad
1181 2661 1304 2680 versum
1326 2651 1400 2681 330.
1446 2649 1639 2681 Advenienti

976 2698 1048 2728 navi
1065 2708 1188 2728 omnem
1213 2698 1344 2729 effusam
1364 2699 1457 2729 fuisse
1477 2698 1638 2729 civitatem

975 2747 1111 2782 obviam,
1128 2747 1223 2778 etiam
1248 2748 1356 2778 Livius
1377 2748 1462 2778 dicto
1483 2748 1552 2778 loco
1570 2757 1640 2777 nar-
