1809 3220
196 182 282 225 508

589 179 640 221 P.
675 175 893 220 OVIDII
929 173 1215 218 NASONIS

199 299 561 361 Astacidaeque
588 295 739 343 modo
765 294 938 342 decisa
962 292 1208 340 cadavere
1235 298 1431 343 trunco,

269 377 439 440 Digna
464 374 599 431 feris,
628 372 820 421 homini
846 372 912 419 sit
936 377 1092 435 caput
1117 385 1236 417 esca
1260 375 1432 415 tuum:

202 454 454 517 Quodque
480 451 649 499 ferunt
670 450 896 498 Brotean
922 448 1107 498 fecisse
1132 445 1371 511 cupidine
1395 443 1588 497 mortis,

269 531 376 580 Des
401 538 490 579 tua
514 545 775 578 succensae
794 528 1024 577 membra
1042 522 1318 574 cremanda
1334 537 1475 587 pyrae
1493 537 1504 569 :
1523 522 1624 568 520

205 609 546 672 Inclususque
574 623 752 655 necem
775 621 930 654 cavea
955 603 1178 669 patiaris,
1207 608 1263 649 ut
1285 601 1369 649 ille

270 687 387 735 Non
413 685 714 751 profecturae
740 683 970 731 conditor
995 681 1234 729 historiae.

203 764 380 829 thue
407 763 650 828 repertori
676 762 852 809 nocuit
877 759 1124 825 pugnacis
1151 759 1324 814 iambi,

271 843 357 891 Sic
384 843 449 890 sit
474 842 524 890 in
551 841 767 890 exitium
788 840 964 903 lingua
988 845 1221 903 proterva
1244 843 1418 884 tuum:

204 922 377 986 thue
401 937 579 986 parum
607 920 777 968 stabili
804 919 892 983 qui
919 917 1143 966 carmine
1168 915 1300 963 laesit
1325 913 1573 968 Athenas,

269 1000 468 1048 Invisus
496 1016 673 1064 pereas
700 998 970 1046 deficiente
997 996 1142 1044 cibo:

202 1217 293 1259 equis
309 1217 525 1252 velocissimis,
541 1217 684 1247 Evenum
702 1215 877 1257 superavit,

201 1266 394 1309 Marpissam
432 1266 531 1297 filiam
569 1265 703 1296 abduxit
740 1274 882 1295 uxorem.

202 1318 332 1348 Evenus
358 1322 464 1348 autem
488 1328 551 1359 prae
578 1315 686 1346 dolore
705 1326 738 1346 se
764 1315 796 1345 in
818 1315 882 1356 Ly-

203 1377 342 1398 cormam
360 1366 490 1398 ffjtoliae
508 1366 639 1398 fluvium
655 1364 816 1401 demersit,
832 1365 883 1395 cui

203 1415 292 1447 dedit
309 1427 434 1448 nomen.
473 1417 557 1448 Nam
573 1426 612 1447 ex
627 1415 683 1446 illo
703 1422 752 1446 est
773 1414 883 1456 adpel-

204 1467 289 1498 latus
304 1466 439 1497 Euenus.

247 1517 323 1547 516.
349 1516 483 1546 Nomina
505 1517 555 1545 des
572 1514 714 1555 rupida]
734 1511 885 1544 Aurelius

205 1565 316 1597 Victor
330 1565 363 1596 in
380 1565 513 1606 Origine
539 1564 644 1605 gentis
663 1563 818 1594 Romanae
840 1562 885 1593 sic

206 1615 298 1646 illum
320 1614 480 1657 adpellat:
507 1618 528 1630 “
549 1614 626 1644 Post
646 1623 719 1644 eum
745 1611 889 1653 regnavit

207 1664 354 1696 Tiberius
369 1664 498 1701 Silvius,
510 1663 601 1694 Silvii
613 1663 708 1699 filius,
721 1662 776 1704 qui
789 1672 887 1703 quum

210 1716 360 1748 adversus
391 1714 541 1746 finitimos
571 1713 692 1744 bellum
717 1712 889 1744 inferentes

208 1765 316 1808 copias
332 1765 507 1801 eduxisset,
525 1764 607 1795 inter
630 1763 812 1806 praeliantes
834 1761 888 1793 de-

207 1815 320 1859 pulsus
347 1815 380 1846 in
404 1814 558 1845 Albulam
586 1814 717 1848 flumen,
737 1811 886 1854 deperiit,

211 1863 421 1907 mutandique
448 1863 584 1895 nominis
608 1862 732 1894 exstitit
757 1861 889 1893 causa.‘'

209 1915 261 1946 De
278 1925 342 1957 qua
357 1913 493 1945 nominis
511 1912 664 1944 varietate
688 1923 750 1944 non
772 1911 889 1942 miran-

209 1964 286 1996 dum
301 1976 310 2003 3
330 1974 428 2006 quum
443 1963 503 2006 ipsi
514 1973 641 2005 quoque
658 1961 754 1993 fluvio
766 1961 888 1992 diversa

209 2014 272 2046 sint
302 2014 443 2046 nomina.
493 2013 567 2046 Fuit
589 2012 736 2045 Tiberius
759 2017 891 2043 octavus

210 2065 410 2096 Albanorum
430 2074 484 2095 rex
501 2064 541 2094 ab
560 2065 677 2100 AEnea,
693 2069 728 2094 ut
743 2061 890 2098 Ovidius,

210 2114 268 2146 lib.
279 2114 311 2146 ii.
322 2115 408 2145 Fast.
420 2124 483 2145 ver.
496 2115 571 2145 389.
587 2113 706 2144 scribit.
718 2113 892 2144 SALVAGN.

257 2164 333 2196 519.
351 2163 526 2204 Quodque]
540 2164 687 2198 Broteus,
704 2161 843 2193 Vulcani
861 2167 893 2192 et

213 2213 370 2245 Minervae
395 2213 490 2249 filius,
507 2219 635 2255 propter
660 2211 892 2244 deformitatem

212 2264 274 2295 oris
297 2268 510 2305 contemptus,
530 2273 564 2294 se
590 2261 624 2293 in
644 2272 756 2304 pyram
780 2261 893 2293 arden-

219 2318 283 2344 tem
314 2312 461 2354 conjecit.
516 2312 589 2344 Alio
626 2312 753 2344 nomine
784 2312 896 2343 Erich-

212 2363 334 2394 thonius
349 2361 535 2401 dicebatur3
553 2362 623 2394 vide
639 2368 672 2393 et
687 2362 775 2394 Gell.
791 2362 892 2393 Noct-

216 2412 286 2444 Art.
302 2412 358 2443 lib.
375 2411 451 2443 xxii.
463 2422 494 2443 c.
514 2413 564 2443 ll.
588 2412 684 2443 Dom.

258 2463 334 2493 521.
346 2461 548 2503 Inclususque
564 2473 665 2493 necem
682 2461 803 2502 cavera]
817 2460 892 2493 Cal-

212 2512 382 2544 listhenem
398 2512 555 2554 designat,
566 2511 620 2554 qui
635 2523 738 2543 rerum
750 2511 892 2542 Alexan-

216 2561 263 2593 dri
287 2562 401 2604 Magni
422 2561 568 2604 scriptor,
586 2561 672 2593 illius
687 2561 780 2604 jus-„u
797 2571 895 2592 cavea

216 2611 358 2643 inclusus
372 2611 479 2643 inedia
494 2611 598 2654 periit.
623 2611 673 2642 De
686 2609 894 2642 Callisthenis

222 2672 301 2694 nece
329 2661 478 2693 differunt
508 2662 693 2704 scriptores;
718 2661 791 2692 vide
821 2671 892 2702 quae

220 2717 349 2743 narrant
364 2710 478 2742 Suidas
493 2723 501 2750 ;
517 2711 675 2748 Justinus‚
687 2722 741 2742 xv.
756 2711 792 2742 3:
811 2711 890 2742 Cur-

218 2759 290 2797 tius,
307 2760 381 2799 viii3
407 2761 519 2793 Senec.
545 2761 622 2793 Nat.
638 2762 764 2800 Quaest.
783 2771 812 2791 v.
827 2761 892 2799 235

1525 993 1624 1038 526

948 1212 1085 1248 Tullius,
1108 1210 1148 1242 de.
1179 1212 1324 1245 Oratore,
1354 1207 1397 1246 ii;
1430 1206 1558 1239 Arrian.
1587 1206 1630 1238 iv.

951 1263 1110 1294 Caeterum
1128 1260 1352 1292 existimarunt
1367 1257 1497 1300 quidam
1513 1256 1631 1289 Callis-

952 1311 1058 1343 thenis
1082 1310 1256 1342 Historiam
1278 1309 1311 1339 in
1326 1307 1488 1341 Vaticana
1507 1305 1630 1338 Biblio-

952 1362 1047 1393 theca
1074 1361 1200 1398 Romae,
1232 1360 1264 1390 in
1302 1358 1390 1400 regia
1420 1356 1569 1394 Lutetiae‚
1597 1356 1634 1389 in

954 1411 1106 1443 Medicea
1143 1409 1326 1442 Florentide
1360 1406 1524 1439 asservari.
1568 1406 1633 1438 Sed

954 1462 1023 1493 haec
1043 1461 1171 1493 omnino
1192 1459 1312 1503 spuria,
1329 1458 1410 1490 falsa
1431 1463 1464 1489 et
1484 1456 1630 1500 supposi-

955 1513 1025 1544 titia
1039 1518 1096 1548 est,
1113 1511 1297 1552 fabulisque
1314 1509 1440 1540 referta.

1000 1563 1076 1594 523.
1101 1562 1199 1603 thue
1223 1558 1403 1600 repertori]
1422 1557 1636 1589 Archilochus

957 1623 1055 1655 quum
1089 1611 1289 1653 Lycamben,
1320 1607 1458 1640 iambico
1494 1607 1635 1640 carmine

957 1663 1097 1699 invento,
1115 1661 1156 1692 ad
1180 1661 1334 1703 laqueum
1359 1657 1577 1701 compulisset,
1595 1658 1637 1690 ab

958 1712 1044 1744 illius
1057 1710 1240 1743 domesticis
1263 1714 1397 1741 necatus
1413 1713 1475 1740 est.
1520 1707 1589 1739 Alii
1603 1707 1636 1740 in

959 1762 1105 1794 exsilium
1122 1761 1252 1792 missum
1269 1759 1392 1791 dicunt.
1415 1758 1511 1791 Dom.

1003 1813 1079 1844 524.
1104 1812 1137 1843 Si
1161 1814 1199 1843 sit
1226 1813 1259 1842 in
1284 1811 1412 1841 esi-tium
1433 1809 1544 1851 lingua
1564 1820 1635 1850 pro-

959 1863 1076 1904 terva]
1097 1861 1259 1898 Valerius,
1274 1860 1382 1893 lib.vi.
1397 1870 1468 1903 cap.
1483 1860 1524 1891 de
1538 1860 1636 1892 Seve-

959 1913 1066 1949 ritate,
1101 1911 1190 1948 dicit,
1221 1911 1318 1943 libros
1351 1909 1496 1953 ejusdem
1533 1916 1636 1953 poetae

960 1960 1222 1994 Lacedaemonios
1246 1972 1263 1993 e
1285 1960 1418 1993 civitate
1439 1970 1498 1991 sua
1524 1970 1637 2003 expor-

961 2012 1018 2044 tari
1038 2011 1188 2055 jussisse:
1216 2010 1302 2053 quod
1325 2020 1433 2042 eorum
1456 2020 1568 2052 pamm
1584 2021 1636 2043 ve-

961 2061 1133 2094 recundam
1160 2072 1197 2093 ae
1220 2060 1372 2103 pudicam
1394 2059 1565 2093 lectionem
1584 2071 1635 2093 ar-

960 2111 1173 2143 bitrabantur.
1231 2110 1282 2141 De
1318 2115 1420 2141 morte
1453 2109 1639 2143 Archilochi

962 2167 1081 2197 autem,
1097 2167 1130 2193 et
1145 2161 1186 2192 de
1203 2159 1350 2192 Calonda
1370 2169 1554 2203 percussore
1568 2160 1638 2204 ejus

962 2211 1060 2243 tradit
1074 2211 1198 2243 Suidas.

1007 2263 1082 2294 525.
1103 2262 1132 2293 U
1135 2268 1203 2302 tque
1216 2271 1327 2302 purum
1342 2260 1459 2297 stabili,
1477 2259 1561 2302 etc.]
1579 2260 1638 2292 Al-

964 2311 1078 2348 eiatus,
1095 2312 1224 2353 Parerg.
1241 2310 1338 2343 lib.v.
1354 2320 1426 2352 cap.
1445 2310 1497 2341 18.
1511 2314 1544 2341 et
1557 2310 1639 2342 Tur-

960 2362 1033 2394 neb.
1049 2361 1186 2393 Advers.
1205 2361 1261 2392 lib.
1279 2360 1322 2392 ix.
1339 2370 1413 2402 cap.
1429 2361 1485 2392 25.
1501 2361 1638 2393 Athenin

961 2411 1132 2454 legendum
1153 2412 1316 2447 adserunt,
1333 2416 1365 2441 et
1380 2410 1420 2442 de
1435 2409 1640 2453 Hipponacte

960 2461 1224 2503 intelligendum:
1253 2465 1273 2478 “
1293 2459 1431 2491 Videtur
1452 2459 1550 2496 enim,
1576 2463 1636 2498 aie,

961 2511 1001 2542 de
1032 2510 1235 2553 Hipponacte
1262 2509 1410 2552 intelligi,
1435 2509 1491 2552 qui
1516 2509 1640 2541 claudi·-

963 2566 1056 2592 cante
1080 2566 1112 2591 et
1134 2570 1246 2602 parum
1270 2559 1378 2591 stabili
1399 2568 1501 2596 versu,
1523 2558 1556 2590 id
1580 2564 1640 2596 est,

963 2611 1116 2642 Scazonte
1135 2609 1168 2641 in
1187 2609 1350 2652 Bupalum
1375 2614 1407 2640 et
1423 2608 1570 2640 Athenin
1591 2608 1640 2641 in-

962 2666 1074 2692 vectus
1094 2666 1142 2692 est
1165 2659 1398 2692 Athenienses:
1424 2669 1488 2702 quo
1512 2658 1544 2690 in
1567 2669 1638 2691 car-

964 2711 1059 2748 mine,
1073 2722 1110 2741 ne
1123 2710 1258 2742 Athenis
1269 2709 1399 2752 quidem
1417 2708 1638 2752 pepercerat,''

962 2767 1023 2793 etc.
1061 2761 1236 2792 SALVAGN.
