<?xml version="1.0" encoding="UTF-8"?>
<!DOCTYPE html PUBLIC "-//W3C//DTD XHTML 1.0 Transitional//EN"
    "http://www.w3.org/TR/xhtml1/DTD/xhtml1-transitional.dtd">
<html xmlns="http://www.w3.org/1999/xhtml" xml:lang="en" lang="en">
 <head>
  <title>
</title>
<meta http-equiv="Content-Type" content="text/html;charset=utf-8" />
  <meta name='ocr-system' content='tesseract 3.04.00' />
  <meta name='ocr-capabilities' content='ocr_page ocr_carea ocr_par ocr_line ocrx_word'/>
</head>
<body>
  <div class='ocr_page' id='page_1' title='image "./povidiinasonisop05oviduoft_0347.png"; bbox 0 0 1830 3220; ppageno 0'>
   <div class='ocr_carea' id='block_1_1' title="bbox 555 167 1180 211">
    <p class='ocr_par' dir='ltr' id='par_1_1' title="bbox 555 167 1180 211">
     <span class='ocr_line' id='line_1_1' title="bbox 555 167 1180 211; baseline 0 -2"><span class='ocrx_word' id='word_1_1' title='bbox 555 167 903 211; x_wconf 84' lang='lat' dir='ltr'><strong>FASTORUM</strong></span> <span class='ocrx_word' id='word_1_2' title='bbox 940 169 1061 210; x_wconf 80' lang='lat' dir='ltr'>Llss.</span> <span class='ocrx_word' id='word_1_3' title='bbox 1098 167 1180 209; x_wconf 85' lang='lat' dir='ltr'>VI.</span> 
     </span>
    </p>
   </div>
   <div class='ocr_carea' id='block_1_2' title="bbox 1498 168 1587 210">
    <p class='ocr_par' dir='ltr' id='par_1_2' title="bbox 1498 168 1587 210">
     <span class='ocr_line' id='line_1_2' title="bbox 1498 168 1587 210; baseline -0.011 0"><span class='ocrx_word' id='word_1_4' title='bbox 1498 168 1587 210; x_wconf 79' lang='lat'>219</span> 
     </span>
    </p>
   </div>
   <div class='ocr_carea' id='block_1_3' title="bbox 155 282 1587 506">
    <p class='ocr_par' dir='ltr' id='par_1_3' title="bbox 155 282 1587 506">
     <span class='ocr_line' id='line_1_3' title="bbox 157 282 1586 351; baseline 0.003 -21"><span class='ocrx_word' id='word_1_5' title='bbox 157 282 341 331; x_wconf 85' lang='lat' dir='ltr'>Forma</span> <span class='ocrx_word' id='word_1_6' title='bbox 361 291 531 332; x_wconf 81' lang='lat' dir='ltr'>tamen</span> <span class='ocrx_word' id='word_1_7' title='bbox 558 286 754 350; x_wconf 86' lang='lat' dir='ltr'>templi,</span> <span class='ocrx_word' id='word_1_8' title='bbox 773 302 889 351; x_wconf 87' lang='lat' dir='ltr'>quae</span> <span class='ocrx_word' id='word_1_9' title='bbox 916 302 1050 334; x_wconf 89' lang='lat' dir='ltr'>nunc</span> <span class='ocrx_word' id='word_1_10' title='bbox 1078 292 1266 341; x_wconf 80' lang='lat' dir='ltr'>manet,</span> <span class='ocrx_word' id='word_1_11' title='bbox 1286 291 1402 333; x_wconf 86' lang='lat' dir='ltr'>ante</span> <span class='ocrx_word' id='word_1_12' title='bbox 1429 283 1586 334; x_wconf 86' lang='lat' dir='ltr'>fuisse</span> 
     </span>
     <span class='ocr_line' id='line_1_4' title="bbox 224 361 1584 429; baseline 0.001 -20"><span class='ocrx_word' id='word_1_13' title='bbox 224 361 449 410; x_wconf 84' lang='lat' dir='ltr'>Dicitur:</span> <span class='ocrx_word' id='word_1_14' title='bbox 492 370 543 411; x_wconf 87' lang='lat' dir='ltr'>et</span> <span class='ocrx_word' id='word_1_15' title='bbox 569 363 740 412; x_wconf 84' lang='lat' dir='ltr'>formae</span> <span class='ocrx_word' id='word_1_16' title='bbox 768 381 923 413; x_wconf 78' lang='lat' dir='ltr'>causa</span> <span class='ocrx_word' id='word_1_17' title='bbox 949 363 1211 429; x_wconf 81' lang='lat' dir='ltr'>probanda</span> <span class='ocrx_word' id='word_1_18' title='bbox 1238 363 1431 411; x_wconf 83' lang='lat' dir='ltr'>subest.</span> <span class='ocrx_word' id='word_1_19' title='bbox 1485 365 1584 411; x_wconf 85' lang='lat'>266</span> 
     </span>
     <span class='ocr_line' id='line_1_5' title="bbox 155 439 1587 506; baseline 0.001 -19"><span class='ocrx_word' id='word_1_20' title='bbox 155 439 315 488; x_wconf 84' lang='lat' dir='ltr'>Vesta</span> <span class='ocrx_word' id='word_1_21' title='bbox 336 441 515 488; x_wconf 84' lang='lat' dir='ltr'>eadem</span> <span class='ocrx_word' id='word_1_22' title='bbox 538 449 632 498; x_wconf 87' lang='lat' dir='ltr'>est,</span> <span class='ocrx_word' id='word_1_23' title='bbox 656 459 771 506; x_wconf 86' lang='lat' dir='ltr'>quae</span> <span class='ocrx_word' id='word_1_24' title='bbox 792 450 951 499; x_wconf 82' lang='lat' dir='ltr'>te1·1·a;</span> <span class='ocrx_word' id='word_1_25' title='bbox 984 443 1162 490; x_wconf 88' lang='lat' dir='ltr'>subest</span> <span class='ocrx_word' id='word_1_26' title='bbox 1177 441 1292 506; x_wconf 82' lang='lat' dir='ltr'>vigil</span> <span class='ocrx_word' id='word_1_27' title='bbox 1314 442 1443 505; x_wconf 85' lang='lat' dir='ltr'>ignis</span> <span class='ocrx_word' id='word_1_28' title='bbox 1466 441 1587 489; x_wconf 89' lang='lat' dir='ltr'>utri-</span> 
     </span>
    </p>
   </div>
   <div class='ocr_carea' id='block_1_4' title="bbox 227 518 1352 583">
    <p class='ocr_par' dir='ltr' id='par_1_4' title="bbox 227 518 1352 583">
     <span class='ocr_line' id='line_1_6' title="bbox 227 518 1352 583; baseline 0 -17"><span class='ocrx_word' id='word_1_29' title='bbox 227 518 529 582; x_wconf 79' lang='lat' dir='ltr'>Significant</span> <span class='ocrx_word' id='word_1_30' title='bbox 556 521 729 568; x_wconf 90' lang='lat' dir='ltr'>sedem</span> <span class='ocrx_word' id='word_1_31' title='bbox 757 527 891 568; x_wconf 82' lang='lat' dir='ltr'>terra</span> <span class='ocrx_word' id='word_1_32' title='bbox 915 520 1163 583; x_wconf 87' lang='lat' dir='ltr'>focusque</span> <span class='ocrx_word' id='word_1_33' title='bbox 1192 536 1352 568; x_wconf 80' lang='lat' dir='ltr'>suam.</span> 
     </span>
    </p>
   </div>
   <div class='ocr_carea' id='block_1_5' title="bbox 1429 522 1581 583">
    <p class='ocr_par' dir='ltr' id='par_1_5' title="bbox 1429 522 1581 583">
     <span class='ocr_line' id='line_1_7' title="bbox 1429 522 1581 583; baseline 0 -17"><span class='ocrx_word' id='word_1_34' title='bbox 1429 522 1581 583; x_wconf 79' lang='lat' dir='ltr'>[quet</span> 
     </span>
    </p>
   </div>
   <div class='ocr_carea' id='block_1_6' title="bbox 156 596 1288 662">
    <p class='ocr_par' dir='ltr' id='par_1_6' title="bbox 156 596 1288 662">
     <span class='ocr_line' id='line_1_8' title="bbox 156 596 1288 662; baseline 0.002 -18"><span class='ocrx_word' id='word_1_35' title='bbox 156 596 313 645; x_wconf 84' lang='lat' dir='ltr'>Terra</span> <span class='ocrx_word' id='word_1_36' title='bbox 338 598 453 662; x_wconf 85' lang='lat' dir='ltr'>pilae</span> <span class='ocrx_word' id='word_1_37' title='bbox 481 598 674 654; x_wconf 86' lang='lat' dir='ltr'>similis,</span> <span class='ocrx_word' id='word_1_38' title='bbox 705 599 842 647; x_wconf 91' lang='lat' dir='ltr'>nullo</span> <span class='ocrx_word' id='word_1_39' title='bbox 870 598 1127 646; x_wconf 82' lang='lat' dir='ltr'>fulcimine</span> <span class='ocrx_word' id='word_1_40' title='bbox 1154 598 1288 653; x_wconf 83' lang='lat' dir='ltr'>nixa,</span> 
     </span>
    </p>
   </div>
   <div class='ocr_carea' id='block_1_7' title="bbox 223 677 1315 741">
    <p class='ocr_par' dir='ltr' id='par_1_7' title="bbox 223 677 1315 741">
     <span class='ocr_line' id='line_1_9' title="bbox 223 677 1315 741; baseline 0.001 -18"><span class='ocrx_word' id='word_1_41' title='bbox 223 677 354 724; x_wconf 88' lang='lat' dir='ltr'>Aere</span> <span class='ocrx_word' id='word_1_42' title='bbox 382 677 616 740; x_wconf 88' lang='lat' dir='ltr'>subjecto</span> <span class='ocrx_word' id='word_1_43' title='bbox 645 684 748 725; x_wconf 83' lang='lat' dir='ltr'>tam</span> <span class='ocrx_word' id='word_1_44' title='bbox 776 693 926 740; x_wconf 81' lang='lat' dir='ltr'>grave</span> <span class='ocrx_word' id='word_1_45' title='bbox 954 677 1145 741; x_wconf 80' lang='lat' dir='ltr'>pendet</span> <span class='ocrx_word' id='word_1_46' title='bbox 1170 693 1315 724; x_wconf 89' lang='lat' dir='ltr'>onus.</span> 
     </span>
    </p>
   </div>
   <div class='ocr_carea' id='block_1_8' title="bbox 1489 679 1588 723">
    <p class='ocr_par' dir='ltr' id='par_1_8' title="bbox 1489 679 1588 723">
     <span class='ocr_line' id='line_1_10' title="bbox 1489 679 1588 723; baseline -0.01 -1"><span class='ocrx_word' id='word_1_47' title='bbox 1489 679 1588 723; x_wconf 86' lang='lat'>270</span> 
     </span>
    </p>
   </div>
   <div class='ocr_carea' id='block_1_9' title="bbox 153 755 1504 1057">
    <p class='ocr_par' dir='ltr' id='par_1_9' title="bbox 158 755 1504 899">
     <span class='ocr_line' id='line_1_11' title="bbox 158 755 1323 819; baseline 0 -17"><span class='ocrx_word' id='word_1_48' title='bbox 158 755 279 819; x_wconf 80' lang='lat' dir='ltr'>Ipsa</span> <span class='ocrx_word' id='word_1_49' title='bbox 304 755 594 803; x_wconf 85' lang='lat' dir='ltr'>volubilitas</span> <span class='ocrx_word' id='word_1_50' title='bbox 621 756 861 803; x_wconf 81' lang='lat' dir='ltr'>libratum</span> <span class='ocrx_word' id='word_1_51' title='bbox 888 757 1107 804; x_wconf 83' lang='lat' dir='ltr'>sustinet</span> <span class='ocrx_word' id='word_1_52' title='bbox 1132 755 1323 811; x_wconf 88' lang='lat' dir='ltr'>orbem,</span> 
     </span>
     <span class='ocr_line' id='line_1_12' title="bbox 223 832 1504 899; baseline 0 -19"><span class='ocrx_word' id='word_1_53' title='bbox 223 832 428 897; x_wconf 84' lang='lat' dir='ltr'>Quique</span> <span class='ocrx_word' id='word_1_54' title='bbox 457 842 654 898; x_wconf 83' lang='lat' dir='ltr'>premat</span> <span class='ocrx_word' id='word_1_55' title='bbox 681 842 868 899; x_wconf 79' lang='lat' dir='ltr'>partes,</span> <span class='ocrx_word' id='word_1_56' title='bbox 897 834 1114 897; x_wconf 75' lang='lat' dir='ltr'>angulus</span> <span class='ocrx_word' id='word_1_57' title='bbox 1141 834 1305 880; x_wconf 87' lang='lat' dir='ltr'>omnis</span> <span class='ocrx_word' id='word_1_58' title='bbox 1332 834 1504 881; x_wconf 82' lang='lat' dir='ltr'>abest:</span> 
     </span>
    </p>

    <p class='ocr_par' dir='ltr' id='par_1_10' title="bbox 153 910 1426 1057">
     <span class='ocr_line' id='line_1_13' title="bbox 153 910 1426 976; baseline 0 -17"><span class='ocrx_word' id='word_1_59' title='bbox 153 910 429 976; x_wconf 83' lang='lat' dir='ltr'>Quumque</span> <span class='ocrx_word' id='word_1_60' title='bbox 457 912 523 960; x_wconf 83' lang='lat' dir='ltr'>sit</span> <span class='ocrx_word' id='word_1_61' title='bbox 549 913 596 960; x_wconf 88' lang='lat' dir='ltr'>in</span> <span class='ocrx_word' id='word_1_62' title='bbox 625 913 792 961; x_wconf 79' lang='lat' dir='ltr'>media</span> <span class='ocrx_word' id='word_1_63' title='bbox 819 929 984 961; x_wconf 86' lang='lat' dir='ltr'>rerum</span> <span class='ocrx_word' id='word_1_64' title='bbox 1014 912 1218 975; x_wconf 76' lang='lat' dir='ltr'>regione</span> <span class='ocrx_word' id='word_1_65' title='bbox 1247 912 1426 967; x_wconf 83' lang='lat' dir='ltr'>locata,</span> 
     </span>
     <span class='ocr_line' id='line_1_14' title="bbox 227 989 1366 1057; baseline 0.001 -20"><span class='ocrx_word' id='word_1_66' title='bbox 227 989 294 1038; x_wconf 87' lang='lat' dir='ltr'>Et</span> <span class='ocrx_word' id='word_1_67' title='bbox 319 998 495 1054; x_wconf 81' lang='lat' dir='ltr'>tangat</span> <span class='ocrx_word' id='word_1_68' title='bbox 522 992 718 1039; x_wconf 86' lang='lat' dir='ltr'>nullum</span> <span class='ocrx_word' id='word_1_69' title='bbox 746 993 922 1057; x_wconf 82' lang='lat' dir='ltr'>plusve</span> <span class='ocrx_word' id='word_1_70' title='bbox 949 991 1177 1038; x_wconf 85' lang='lat' dir='ltr'>minusve</span> <span class='ocrx_word' id='word_1_71' title='bbox 1206 991 1366 1047; x_wconf 82' lang='lat' dir='ltr'>latus3</span> 
     </span>
    </p>
   </div>
   <div class='ocr_carea' id='block_1_10' title="bbox 158 1068 1239 1135">
    <p class='ocr_par' dir='ltr' id='par_1_11' title="bbox 158 1068 1239 1135">
     <span class='ocr_line' id='line_1_15' title="bbox 158 1068 1239 1135; baseline 0.001 -20"><span class='ocrx_word' id='word_1_72' title='bbox 158 1068 225 1116; x_wconf 93' lang='lat' dir='ltr'>Ni</span> <span class='ocrx_word' id='word_1_73' title='bbox 252 1086 483 1118; x_wconf 84' lang='lat' dir='ltr'>convexa</span> <span class='ocrx_word' id='word_1_74' title='bbox 508 1069 652 1127; x_wconf 87' lang='lat' dir='ltr'>foret,</span> <span class='ocrx_word' id='word_1_75' title='bbox 684 1070 813 1135; x_wconf 85' lang='lat' dir='ltr'>parti</span> <span class='ocrx_word' id='word_1_76' title='bbox 841 1069 1049 1117; x_wconf 88' lang='lat' dir='ltr'>vicinior</span> <span class='ocrx_word' id='word_1_77' title='bbox 1075 1076 1239 1126; x_wconf 79' lang='lat' dir='ltr'>esset3</span> 
     </span>
    </p>
   </div>
   <div class='ocr_carea' id='block_1_11' title="bbox 1486 1071 1584 1115">
    <p class='ocr_par' dir='ltr' id='par_1_12' title="bbox 1486 1071 1584 1115">
     <span class='ocr_line' id='line_1_16' title="bbox 1486 1071 1584 1115; baseline 0.01 -1"><span class='ocrx_word' id='word_1_78' title='bbox 1486 1071 1584 1115; x_wconf 84' lang='lat'>275</span> 
     </span>
    </p>
   </div>
   <div class='ocr_carea' id='block_1_12' title="bbox 227 1147 1452 1198">
    <p class='ocr_par' dir='ltr' id='par_1_13' title="bbox 227 1147 1452 1198">
     <span class='ocr_line' id='line_1_17' title="bbox 227 1147 1452 1198; baseline -0.002 -3"><span class='ocrx_word' id='word_1_79' title='bbox 227 1147 337 1196; x_wconf 91' lang='lat' dir='ltr'>Nec</span> <span class='ocrx_word' id='word_1_80' title='bbox 365 1148 588 1197; x_wconf 88' lang='lat' dir='ltr'>medium</span> <span class='ocrx_word' id='word_1_81' title='bbox 616 1158 798 1198; x_wconf 82' lang='lat' dir='ltr'>terram</span> <span class='ocrx_word' id='word_1_82' title='bbox 828 1149 1046 1196; x_wconf 85' lang='lat' dir='ltr'>mundus</span> <span class='ocrx_word' id='word_1_83' title='bbox 1074 1148 1285 1196; x_wconf 80' lang='lat' dir='ltr'>haberet</span> <span class='ocrx_word' id='word_1_84' title='bbox 1309 1163 1452 1194; x_wconf 86' lang='lat' dir='ltr'>onus.</span> 
     </span>
    </p>
   </div>
   <div class='ocr_carea' id='block_1_13' title="bbox 151 1371 838 2817">
    <p class='ocr_par' dir='ltr' id='par_1_14' title="bbox 151 1371 838 2777">
     <span class='ocr_line' id='line_1_18' title="bbox 198 1371 830 1415; baseline 0.005 -13"><span class='ocrx_word' id='word_1_85' title='bbox 198 1372 275 1404; x_wconf 81' lang='lat'><strong>265.</strong></span> <span class='ocrx_word' id='word_1_86' title='bbox 323 1372 374 1404; x_wconf 93' lang='lat' dir='ltr'>De</span> <span class='ocrx_word' id='word_1_87' title='bbox 406 1371 504 1404; x_wconf 84' lang='lat' dir='ltr'>forma</span> <span class='ocrx_word' id='word_1_88' title='bbox 534 1373 645 1415; x_wconf 86' lang='lat' dir='ltr'>templi</span> <span class='ocrx_word' id='word_1_89' title='bbox 682 1373 830 1410; x_wconf 81' lang='lat' dir='ltr'>rotunda,</span> 
     </span>
     <span class='ocr_line' id='line_1_19' title="bbox 161 1421 833 1466; baseline 0.004 -15"><span class='ocrx_word' id='word_1_90' title='bbox 161 1421 352 1454; x_wconf 80' lang='lat' dir='ltr'>Plutarchus</span> <span class='ocrx_word' id='word_1_91' title='bbox 361 1421 448 1454; x_wconf 82' lang='lat' dir='ltr'>dicto</span> <span class='ocrx_word' id='word_1_92' title='bbox 458 1422 635 1465; x_wconf 79' lang='grc' dir='ltr'>Ιοοο,ὶερὸν</span> <span class='ocrx_word' id='word_1_93' title='bbox 646 1423 833 1466; x_wconf 76' lang='grc' dir='ltr'>ἐγκύκλιον.</span> 
     </span>
     <span class='ocr_line' id='line_1_20' title="bbox 153 1470 832 1509; baseline 0.004 -7"><span class='ocrx_word' id='word_1_94' title='bbox 153 1470 218 1509; x_wconf 87' lang='lat' dir='ltr'>Qui</span> <span class='ocrx_word' id='word_1_95' title='bbox 241 1477 360 1509; x_wconf 88' lang='lat' dir='ltr'>monet,</span> <span class='ocrx_word' id='word_1_96' title='bbox 378 1472 520 1504; x_wconf 84' lang='lat' dir='ltr'>Numam</span> <span class='ocrx_word' id='word_1_97' title='bbox 537 1472 620 1504; x_wconf 89' lang='lat' dir='ltr'>hanc</span> <span class='ocrx_word' id='word_1_98' title='bbox 636 1473 767 1505; x_wconf 84' lang='lat' dir='ltr'>formam</span> <span class='ocrx_word' id='word_1_99' title='bbox 784 1485 832 1505; x_wconf 86' lang='lat' dir='ltr'>se-</span> 
     </span>
     <span class='ocr_line' id='line_1_21' title="bbox 151 1523 833 1559; baseline 0.003 -6"><span class='ocrx_word' id='word_1_100' title='bbox 151 1527 262 1554; x_wconf 87' lang='lat' dir='ltr'>cutum</span> <span class='ocrx_word' id='word_1_101' title='bbox 287 1532 366 1559; x_wconf 86' lang='lat' dir='ltr'>esse,</span> <span class='ocrx_word' id='word_1_102' title='bbox 385 1533 446 1554; x_wconf 88' lang='lat' dir='ltr'>non</span> <span class='ocrx_word' id='word_1_103' title='bbox 471 1529 505 1554; x_wconf 82' lang='lat' dir='ltr'>ut</span> <span class='ocrx_word' id='word_1_104' title='bbox 528 1523 719 1555; x_wconf 85' lang='lat' dir='ltr'>assimilaret</span> <span class='ocrx_word' id='word_1_105' title='bbox 745 1530 833 1556; x_wconf 84' lang='lat' dir='ltr'>terrae</span> 
     </span>
     <span class='ocr_line' id='line_1_22' title="bbox 153 1573 835 1617; baseline 0.003 -13"><span class='ocrx_word' id='word_1_106' title='bbox 153 1573 298 1616; x_wconf 84' lang='lat' dir='ltr'>figuram,</span> <span class='ocrx_word' id='word_1_107' title='bbox 321 1580 486 1617; x_wconf 79' lang='lat' dir='ltr'>tamquam</span> <span class='ocrx_word' id='word_1_108' title='bbox 512 1585 551 1606; x_wconf 74' lang='lat' dir='ltr'>ea</span> <span class='ocrx_word' id='word_1_109' title='bbox 577 1575 639 1606; x_wconf 80' lang='lat' dir='ltr'>dea</span> <span class='ocrx_word' id='word_1_110' title='bbox 663 1581 755 1610; x_wconf 87' lang='lat' dir='ltr'>esset.</span> <span class='ocrx_word' id='word_1_111' title='bbox 779 1574 835 1606; x_wconf 90' lang='lat' dir='ltr'>sed</span> 
     </span>
     <span class='ocr_line' id='line_1_23' title="bbox 156 1623 836 1667; baseline 0.003 -13"><span class='ocrx_word' id='word_1_112' title='bbox 156 1623 292 1655; x_wconf 84' lang='lat' dir='ltr'>universi</span> <span class='ocrx_word' id='word_1_113' title='bbox 318 1623 412 1667; x_wconf 86' lang='lat' dir='ltr'>hujus</span> <span class='ocrx_word' id='word_1_114' title='bbox 436 1625 559 1661; x_wconf 88' lang='lat' dir='ltr'>mundi,</span> <span class='ocrx_word' id='word_1_115' title='bbox 583 1625 675 1667; x_wconf 87' lang='lat' dir='ltr'>cujus</span> <span class='ocrx_word' id='word_1_116' title='bbox 696 1625 836 1656; x_wconf 89' lang='lat' dir='ltr'>medium</span> 
     </span>
     <span class='ocr_line' id='line_1_24' title="bbox 155 1673 833 1716; baseline 0.003 -12"><span class='ocrx_word' id='word_1_117' title='bbox 155 1673 351 1716; x_wconf 78' lang='lat' dir='ltr'>Pythagorei</span> <span class='ocrx_word' id='word_1_118' title='bbox 381 1674 487 1716; x_wconf 88' lang='lat' dir='ltr'>ignem</span> <span class='ocrx_word' id='word_1_119' title='bbox 526 1686 594 1707; x_wconf 88' lang='lat' dir='ltr'>esse</span> <span class='ocrx_word' id='word_1_120' title='bbox 631 1675 833 1706; x_wconf 81' lang='lat' dir='ltr'>arbitrentur.</span> 
     </span>
     <span class='ocr_line' id='line_1_25' title="bbox 157 1722 836 1765; baseline 0.004 -12"><span class='ocrx_word' id='word_1_121' title='bbox 157 1722 332 1765; x_wconf 88' lang='lat' dir='ltr'>Dionysius</span> <span class='ocrx_word' id='word_1_122' title='bbox 355 1725 525 1755; x_wconf 82' lang='lat' dir='ltr'>Halicarn.</span> <span class='ocrx_word' id='word_1_123' title='bbox 543 1725 620 1756; x_wconf 88' lang='lat' dir='ltr'>dict.</span> <span class='ocrx_word' id='word_1_124' title='bbox 640 1725 702 1756; x_wconf 90' lang='lat' dir='ltr'>loc.</span> <span class='ocrx_word' id='word_1_125' title='bbox 721 1731 836 1756; x_wconf 84' lang='lat' dir='ltr'>terram</span> 
     </span>
     <span class='ocr_line' id='line_1_26' title="bbox 153 1773 835 1817; baseline 0.004 -13"><span class='ocrx_word' id='word_1_126' title='bbox 153 1779 186 1804; x_wconf 90' lang='lat' dir='ltr'>et</span> <span class='ocrx_word' id='word_1_127' title='bbox 212 1773 317 1816; x_wconf 87' lang='lat' dir='ltr'>ignem</span> <span class='ocrx_word' id='word_1_128' title='bbox 343 1775 529 1817; x_wconf 86' lang='lat' dir='ltr'>conjungit‚·</span> <span class='ocrx_word' id='word_1_129' title='bbox 566 1776 710 1811; x_wconf 82' lang='lat' dir='ltr'>Vestam,</span> <span class='ocrx_word' id='word_1_130' title='bbox 734 1786 835 1817; x_wconf 90' lang='lat' dir='ltr'>quum</span> 
     </span>
     <span class='ocr_line' id='line_1_27' title="bbox 155 1825 834 1867; baseline 0.004 -12"><span class='ocrx_word' id='word_1_131' title='bbox 155 1829 237 1856; x_wconf 84' lang='lat' dir='ltr'>terra</span> <span class='ocrx_word' id='word_1_132' title='bbox 259 1825 311 1862; x_wconf 84' lang='lat' dir='ltr'>sit,</span> <span class='ocrx_word' id='word_1_133' title='bbox 331 1836 402 1867; x_wconf 87' lang='lat' dir='ltr'>quae</span> <span class='ocrx_word' id='word_1_134' title='bbox 429 1825 572 1857; x_wconf 85' lang='lat' dir='ltr'>medium</span> <span class='ocrx_word' id='word_1_135' title='bbox 596 1826 707 1857; x_wconf 90' lang='lat' dir='ltr'>mundi</span> <span class='ocrx_word' id='word_1_136' title='bbox 730 1827 834 1858; x_wconf 85' lang='lat' dir='ltr'>locum</span> 
     </span>
     <span class='ocr_line' id='line_1_28' title="bbox 155 1875 835 1918; baseline 0.003 -12"><span class='ocrx_word' id='word_1_137' title='bbox 155 1881 276 1912; x_wconf 83' lang='lat' dir='ltr'>teneat,</span> <span class='ocrx_word' id='word_1_138' title='bbox 300 1875 478 1907; x_wconf 81' lang='lat' dir='ltr'>accendere</span> <span class='ocrx_word' id='word_1_139' title='bbox 503 1887 542 1908; x_wconf 85' lang='lat' dir='ltr'>ex</span> <span class='ocrx_word' id='word_1_140' title='bbox 567 1887 637 1908; x_wconf 87' lang='lat' dir='ltr'>sese</span> <span class='ocrx_word' id='word_1_141' title='bbox 660 1876 835 1918; x_wconf 83' lang='lat' dir='ltr'>superiores</span> 
     </span>
     <span class='ocr_line' id='line_1_29' title="bbox 153 1924 833 1968; baseline 0.004 -13"><span class='ocrx_word' id='word_1_142' title='bbox 153 1924 226 1957; x_wconf 89' lang='lat' dir='ltr'>illos</span> <span class='ocrx_word' id='word_1_143' title='bbox 249 1924 348 1968; x_wconf 86' lang='lat' dir='ltr'>ignes.</span> <span class='ocrx_word' id='word_1_144' title='bbox 395 1926 510 1968; x_wconf 83' lang='lat' dir='ltr'>Neque</span> <span class='ocrx_word' id='word_1_145' title='bbox 534 1927 651 1958; x_wconf 80' lang='lat' dir='ltr'>Noster</span> <span class='ocrx_word' id='word_1_146' title='bbox 672 1926 733 1958; x_wconf 88' lang='lat' dir='ltr'>sibi</span> <span class='ocrx_word' id='word_1_147' title='bbox 757 1938 833 1958; x_wconf 87' lang='lat' dir='ltr'>con-</span> 
     </span>
     <span class='ocr_line' id='line_1_30' title="bbox 155 1977 833 2019; baseline 0.003 -12"><span class='ocrx_word' id='word_1_148' title='bbox 155 1981 240 2014; x_wconf 81' lang='lat' dir='ltr'>stat3</span> <span class='ocrx_word' id='word_1_149' title='bbox 267 1987 407 2019; x_wconf 87' lang='lat' dir='ltr'>namque</span> <span class='ocrx_word' id='word_1_150' title='bbox 423 1977 474 2008; x_wconf 88' lang='lat' dir='ltr'>hic</span> <span class='ocrx_word' id='word_1_151' title='bbox 491 1983 522 2008; x_wconf 86' lang='lat' dir='ltr'>et</span> <span class='ocrx_word' id='word_1_152' title='bbox 535 1988 599 2009; x_wconf 88' lang='lat' dir='ltr'>ver.</span> <span class='ocrx_word' id='word_1_153' title='bbox 612 1978 687 2008; x_wconf 84' lang='lat'>460.</span> <span class='ocrx_word' id='word_1_154' title='bbox 700 1978 833 2009; x_wconf 71' lang='lat' dir='ltr'>Vestam</span> 
     </span>
     <span class='ocr_line' id='line_1_31' title="bbox 156 2026 834 2070; baseline 0.003 -13"><span class='ocrx_word' id='word_1_155' title='bbox 156 2026 235 2058; x_wconf 83' lang='lat' dir='ltr'>facit</span> <span class='ocrx_word' id='word_1_156' title='bbox 261 2033 398 2065; x_wconf 82' lang='lat' dir='ltr'>terram,·</span> <span class='ocrx_word' id='word_1_157' title='bbox 435 2039 499 2059; x_wconf 88' lang='lat' dir='ltr'>ver.</span> <span class='ocrx_word' id='word_1_158' title='bbox 523 2029 600 2059; x_wconf 84' lang='lat'><strong>291.</strong></span> <span class='ocrx_word' id='word_1_159' title='bbox 622 2030 719 2059; x_wconf 80' lang='lat' dir='ltr'>vivam</span> <span class='ocrx_word' id='word_1_160' title='bbox 735 2028 834 2070; x_wconf 84' lang='lat' dir='ltr'>stam-</span> 
     </span>
     <span class='ocr_line' id='line_1_32' title="bbox 156 2077 834 2120; baseline 0.001 -12"><span class='ocrx_word' id='word_1_161' title='bbox 156 2089 245 2109; x_wconf 73' lang='lat' dir='ltr'>mam.</span> <span class='ocrx_word' id='word_1_162' title='bbox 291 2077 438 2120; x_wconf 86' lang='lat' dir='ltr'>Euripid.</span> <span class='ocrx_word' id='word_1_163' title='bbox 467 2078 594 2120; x_wconf 87' lang='lat' dir='ltr'>Fragm.</span> <span class='ocrx_word' id='word_1_164' title='bbox 624 2079 708 2110; x_wconf 79' lang='lat'>178:</span> <span class='ocrx_word' id='word_1_165' title='bbox 749 2080 834 2111; x_wconf 86' lang='grc' dir='ltr'>Γαῖα</span> 
     </span>
     <span class='ocr_line' id='line_1_33' title="bbox 153 2126 834 2171; baseline 0.003 -11"><span class='ocrx_word' id='word_1_166' title='bbox 153 2130 266 2171; x_wconf 81' lang='grc' dir='ltr'>μῆτερ·</span> <span class='ocrx_word' id='word_1_167' title='bbox 291 2126 430 2160; x_wconf 82' lang='grc' dir='ltr'>Ἐστίαν</span> <span class='ocrx_word' id='word_1_168' title='bbox 451 2127 482 2160; x_wconf 85' lang='grc' dir='ltr'>δὲ</span> <span class='ocrx_word' id='word_1_169' title='bbox 500 2127 527 2160; x_wconf 87' lang='grc' dir='ltr'>ο·’</span> <span class='ocrx_word' id='word_1_170' title='bbox 544 2127 574 2160; x_wconf 82' lang='grc' dir='ltr'>οἱ</span> <span class='ocrx_word' id='word_1_171' title='bbox 588 2130 683 2171; x_wconf 86' lang='grc' dir='ltr'>σοφὸι</span> <span class='ocrx_word' id='word_1_172' title='bbox 699 2132 834 2171; x_wconf 82' lang='grc' dir='ltr'>Βροτῶν</span> 
     </span>
     <span class='ocr_line' id='line_1_34' title="bbox 154 2178 835 2222; baseline 0.003 -12"><span class='ocrx_word' id='word_1_173' title='bbox 154 2179 328 2216; x_wconf 81' lang='grc' dir='ltr'>καλοῦσιν,</span> <span class='ocrx_word' id='word_1_174' title='bbox 353 2178 483 2222; x_wconf 83' lang='grc' dir='ltr'>ἡμένην</span> <span class='ocrx_word' id='word_1_175' title='bbox 507 2178 545 2211; x_wconf 82' lang='grc' dir='ltr'>ἐν</span> <span class='ocrx_word' id='word_1_176' title='bbox 569 2178 687 2222; x_wconf 82' lang='grc' dir='ltr'>αἰθέρι.</span> <span class='ocrx_word' id='word_1_177' title='bbox 739 2180 835 2222; x_wconf 61' lang='lat' dir='ltr'>vigil,</span> 
     </span>
     <span class='ocr_line' id='line_1_35' title="bbox 155 2229 836 2272; baseline 0.003 -12"><span class='ocrx_word' id='word_1_178' title='bbox 155 2234 304 2267; x_wconf 86' lang='lat' dir='ltr'>aeternus,</span> <span class='ocrx_word' id='word_1_179' title='bbox 321 2229 492 2272; x_wconf 83' lang='lat' dir='ltr'>perennis;</span> <span class='ocrx_word' id='word_1_180' title='bbox 520 2229 686 2272; x_wconf 81' lang='lat' dir='ltr'>Virgilius,</span> <span class='ocrx_word' id='word_1_181' title='bbox 704 2230 836 2262; x_wconf 86' lang='lat' dir='ltr'>AEneid.</span> 
     </span>
     <span class='ocr_line' id='line_1_36' title="bbox 157 2279 834 2322; baseline 0.001 -13"><span class='ocrx_word' id='word_1_182' title='bbox 157 2279 203 2310; x_wconf 83' lang='lat' dir='ltr'>iv.</span> <span class='ocrx_word' id='word_1_183' title='bbox 221 2280 305 2311; x_wconf 84' lang='lat'>200:</span> <span class='ocrx_word' id='word_1_184' title='bbox 335 2284 358 2297; x_wconf 90' lang='lat'><em>“</em></span> <span class='ocrx_word' id='word_1_185' title='bbox 376 2279 570 2322; x_wconf 84' lang='lat' dir='ltr'>vigilemque</span> <span class='ocrx_word' id='word_1_186' title='bbox 591 2286 770 2312; x_wconf 80' lang='lat' dir='ltr'>sacraverat</span> <span class='ocrx_word' id='word_1_187' title='bbox 786 2280 834 2322; x_wconf 85' lang='lat' dir='ltr'>ig-</span> 
     </span>
     <span class='ocr_line' id='line_1_37' title="bbox 155 2329 837 2363; baseline 0.003 -2"><span class='ocrx_word' id='word_1_188' title='bbox 155 2329 265 2362; x_wconf 85' lang='lat' dir='ltr'>nem.&#39;&#39;</span> <span class='ocrx_word' id='word_1_189' title='bbox 305 2330 414 2362; x_wconf 85' lang='lat' dir='ltr'>Florus</span> <span class='ocrx_word' id='word_1_190' title='bbox 429 2330 548 2362; x_wconf 82' lang='lat' dir='ltr'>i.·2.de</span> <span class='ocrx_word' id='word_1_191' title='bbox 563 2330 611 2362; x_wconf 93' lang='lat' dir='ltr'>his</span> <span class='ocrx_word' id='word_1_192' title='bbox 627 2330 742 2363; x_wconf 85' lang='lat' dir='ltr'>sacris:</span> <span class='ocrx_word' id='word_1_193' title='bbox 769 2336 837 2363; x_wconf 90' lang='lat' dir='ltr'>“ut</span> 
     </span>
     <span class='ocr_line' id='line_1_38' title="bbox 155 2379 835 2414; baseline 0.004 -3"><span class='ocrx_word' id='word_1_194' title='bbox 155 2379 196 2411; x_wconf 87' lang='lat' dir='ltr'>ad</span> <span class='ocrx_word' id='word_1_195' title='bbox 234 2379 441 2412; x_wconf 88' lang='lat' dir='ltr'>simulacrum</span> <span class='ocrx_word' id='word_1_196' title='bbox 477 2381 658 2413; x_wconf 80' lang='lat' dir='ltr'>coelestium</span> <span class='ocrx_word' id='word_1_197' title='bbox 696 2381 835 2414; x_wconf 86' lang='lat' dir='ltr'>siderum</span> 
     </span>
     <span class='ocr_line' id='line_1_39' title="bbox 155 2430 835 2474; baseline 0.001 -12"><span class='ocrx_word' id='word_1_198' title='bbox 155 2435 262 2462; x_wconf 89' lang='lat' dir='ltr'>custos</span> <span class='ocrx_word' id='word_1_199' title='bbox 276 2430 400 2473; x_wconf 87' lang='lat' dir='ltr'>imperii</span> <span class='ocrx_word' id='word_1_200' title='bbox 415 2431 545 2462; x_wconf 85' lang='lat' dir='ltr'>flamma</span> <span class='ocrx_word' id='word_1_201' title='bbox 557 2430 736 2474; x_wconf 85' lang='lat' dir='ltr'>vigilaret.’&#39;</span> <span class='ocrx_word' id='word_1_202' title='bbox 776 2432 835 2463; x_wconf 89' lang='lat' dir='ltr'>Fo-</span> 
     </span>
     <span class='ocr_line' id='line_1_40' title="bbox 156 2479 837 2524; baseline 0.001 -12"><span class='ocrx_word' id='word_1_203' title='bbox 156 2491 221 2517; x_wconf 79' lang='lat' dir='ltr'>cus,</span> <span class='ocrx_word' id='word_1_204' title='bbox 239 2479 334 2522; x_wconf 85' lang='lat' dir='ltr'>ignis.</span> <span class='ocrx_word' id='word_1_205' title='bbox 381 2481 478 2512; x_wconf 84' lang='lat' dir='ltr'>Terra</span> <span class='ocrx_word' id='word_1_206' title='bbox 501 2487 533 2512; x_wconf 92' lang='lat' dir='ltr'>et</span> <span class='ocrx_word' id='word_1_207' title='bbox 553 2480 636 2524; x_wconf 86' lang='lat' dir='ltr'>ignis</span> <span class='ocrx_word' id='word_1_208' title='bbox 658 2482 757 2513; x_wconf 88' lang='lat' dir='ltr'>forma</span> <span class='ocrx_word' id='word_1_209' title='bbox 778 2482 837 2514; x_wconf 84' lang='lat' dir='ltr'>illa</span> 
     </span>
     <span class='ocr_line' id='line_1_41' title="bbox 156 2530 837 2573; baseline 0.003 -11"><span class='ocrx_word' id='word_1_210' title='bbox 156 2530 294 2562; x_wconf 85' lang='lat' dir='ltr'>rotunda</span> <span class='ocrx_word' id='word_1_211' title='bbox 328 2530 523 2573; x_wconf 86' lang='lat' dir='ltr'>significant,</span> <span class='ocrx_word' id='word_1_212' title='bbox 556 2531 601 2563; x_wconf 90' lang='lat' dir='ltr'>ibi</span> <span class='ocrx_word' id='word_1_213' title='bbox 632 2543 700 2564; x_wconf 88' lang='lat' dir='ltr'>esse</span> <span class='ocrx_word' id='word_1_214' title='bbox 728 2532 837 2564; x_wconf 88' lang='lat' dir='ltr'>sedem</span> 
     </span>
     <span class='ocr_line' id='line_1_42' title="bbox 156 2580 838 2626; baseline 0.004 -14"><span class='ocrx_word' id='word_1_215' title='bbox 156 2591 259 2612; x_wconf 87' lang='lat' dir='ltr'>suam.</span> <span class='ocrx_word' id='word_1_216' title='bbox 307 2580 442 2612; x_wconf 87' lang='lat' dir='ltr'>Lenzius</span> <span class='ocrx_word' id='word_1_217' title='bbox 471 2592 545 2613; x_wconf 88' lang='lat' dir='ltr'>vero</span> <span class='ocrx_word' id='word_1_218' title='bbox 573 2594 659 2614; x_wconf 82' lang='lat' dir='ltr'>suam</span> <span class='ocrx_word' id='word_1_219' title='bbox 688 2594 744 2626; x_wconf 91' lang='lat' dir='ltr'>pro</span> <span class='ocrx_word' id='word_1_220' title='bbox 773 2586 838 2624; x_wconf 56' lang='lat' dir='ltr'>ejus</span> 
     </span>
     <span class='ocr_line' id='line_1_43' title="bbox 157 2630 838 2674; baseline 0.006 -13"><span class='ocrx_word' id='word_1_221' title='bbox 157 2630 296 2674; x_wconf 88' lang='lat' dir='ltr'>positum</span> <span class='ocrx_word' id='word_1_222' title='bbox 323 2636 428 2674; x_wconf 87' lang='lat' dir='ltr'>putat,</span> <span class='ocrx_word' id='word_1_223' title='bbox 452 2637 488 2663; x_wconf 86' lang='lat' dir='ltr'>ut</span> <span class='ocrx_word' id='word_1_224' title='bbox 512 2642 622 2664; x_wconf 89' lang='lat' dir='ltr'>sensus</span> <span class='ocrx_word' id='word_1_225' title='bbox 645 2633 704 2664; x_wconf 83' lang='lat' dir='ltr'>sit:</span> <span class='ocrx_word' id='word_1_226' title='bbox 738 2633 838 2666; x_wconf 81' lang='lat' dir='ltr'>forma</span> 
     </span>
     <span class='ocr_line' id='line_1_44' title="bbox 158 2681 835 2716; baseline 0.004 -3"><span class='ocrx_word' id='word_1_227' title='bbox 158 2682 296 2714; x_wconf 81' lang='lat' dir='ltr'>rotunda</span> <span class='ocrx_word' id='word_1_228' title='bbox 307 2687 396 2714; x_wconf 85' lang='lat' dir='ltr'>terrae</span> <span class='ocrx_word' id='word_1_229' title='bbox 413 2687 445 2714; x_wconf 84' lang='lat' dir='ltr'>et</span> <span class='ocrx_word' id='word_1_230' title='bbox 457 2681 546 2714; x_wconf 86' lang='lat' dir='ltr'>focus</span> <span class='ocrx_word' id='word_1_231' title='bbox 560 2682 744 2715; x_wconf 89' lang='lat' dir='ltr'>describunt</span> <span class='ocrx_word' id='word_1_232' title='bbox 757 2690 835 2716; x_wconf 81' lang='lat' dir='ltr'>tem-</span> 
     </span>
     <span class='ocr_line' id='line_1_45' title="bbox 159 2732 671 2777; baseline 0.006 -14"><span class='ocrx_word' id='word_1_233' title='bbox 159 2732 249 2775; x_wconf 91' lang='lat' dir='ltr'>plum</span> <span class='ocrx_word' id='word_1_234' title='bbox 264 2733 385 2770; x_wconf 86' lang='lat' dir='ltr'>Vestae,</span> <span class='ocrx_word' id='word_1_235' title='bbox 401 2738 475 2765; x_wconf 89' lang='lat' dir='ltr'>sunt</span> <span class='ocrx_word' id='word_1_236' title='bbox 490 2733 519 2764; x_wconf 91' lang='lat' dir='ltr'>ei</span> <span class='ocrx_word' id='word_1_237' title='bbox 536 2734 671 2777; x_wconf 85' lang='lat' dir='ltr'>propria.</span> 
     </span>
    </p>

    <p class='ocr_par' dir='ltr' id='par_1_15' title="bbox 203 2783 836 2817">
     <span class='ocr_line' id='line_1_46' title="bbox 203 2783 836 2817; baseline 0.002 -2"><span class='ocrx_word' id='word_1_238' title='bbox 203 2783 279 2815; x_wconf 87' lang='grc'><strong>269.</strong></span> <span class='ocrx_word' id='word_1_239' title='bbox 317 2785 450 2816; x_wconf 86' lang='lat' dir='ltr'>Festus:</span> <span class='ocrx_word' id='word_1_240' title='bbox 487 2783 711 2816; x_wconf 84' lang='lat' dir='ltr'>“Rotundam</span> <span class='ocrx_word' id='word_1_241' title='bbox 735 2784 836 2817; x_wconf 87' lang='lat' dir='ltr'>aedem</span> 
     </span>
    </p>
   </div>
   <div class='ocr_carea' id='block_1_14' title="bbox 903 1370 1587 2830">
    <p class='ocr_par' dir='ltr' id='par_1_16' title="bbox 903 1370 1587 2830">
     <span class='ocr_line' id='line_1_47' title="bbox 907 1370 1586 1414; baseline -0.003 -10"><span class='ocrx_word' id='word_1_242' title='bbox 907 1373 1011 1404; x_wconf 67' lang='lat' dir='ltr'>Vesta}</span> <span class='ocrx_word' id='word_1_243' title='bbox 1028 1372 1135 1403; x_wconf 85' lang='lat' dir='ltr'>Numa</span> <span class='ocrx_word' id='word_1_244' title='bbox 1152 1370 1340 1414; x_wconf 88' lang='lat' dir='ltr'>Pompilius,</span> <span class='ocrx_word' id='word_1_245' title='bbox 1355 1382 1407 1403; x_wconf 86' lang='lat' dir='ltr'>rex</span> <span class='ocrx_word' id='word_1_246' title='bbox 1427 1372 1586 1403; x_wconf 87' lang='lat' dir='ltr'>Romano-</span> 
     </span>
     <span class='ocr_line' id='line_1_48' title="bbox 903 1421 1587 1463; baseline -0.004 -9"><span class='ocrx_word' id='word_1_247' title='bbox 903 1434 983 1459; x_wconf 92' lang='lat' dir='ltr'>rum,</span> <span class='ocrx_word' id='word_1_248' title='bbox 1001 1432 1203 1454; x_wconf 83' lang='lat' dir='ltr'>consecrasse</span> <span class='ocrx_word' id='word_1_249' title='bbox 1229 1421 1364 1458; x_wconf 85' lang='lat' dir='ltr'>videtur,</span> <span class='ocrx_word' id='word_1_250' title='bbox 1389 1422 1474 1463; x_wconf 84' lang='lat' dir='ltr'>quod</span> <span class='ocrx_word' id='word_1_251' title='bbox 1501 1432 1587 1452; x_wconf 86' lang='lat' dir='ltr'>eam-</span> 
     </span>
     <span class='ocr_line' id='line_1_49' title="bbox 903 1471 1584 1514; baseline -0.004 -9"><span class='ocrx_word' id='word_1_252' title='bbox 903 1473 976 1505; x_wconf 89' lang='lat' dir='ltr'>dem</span> <span class='ocrx_word' id='word_1_253' title='bbox 1001 1484 1069 1504; x_wconf 85' lang='lat' dir='ltr'>esse</span> <span class='ocrx_word' id='word_1_254' title='bbox 1097 1479 1226 1508; x_wconf 83' lang='lat' dir='ltr'>terram,</span> <span class='ocrx_word' id='word_1_255' title='bbox 1243 1482 1307 1514; x_wconf 88' lang='lat' dir='ltr'>qua</span> <span class='ocrx_word' id='word_1_256' title='bbox 1331 1471 1397 1503; x_wconf 84' lang='lat' dir='ltr'>vita</span> <span class='ocrx_word' id='word_1_257' title='bbox 1421 1471 1584 1503; x_wconf 89' lang='lat' dir='ltr'>hominum</span> 
     </span>
     <span class='ocr_line' id='line_1_50' title="bbox 904 1521 1586 1564; baseline -0.004 -9"><span class='ocrx_word' id='word_1_258' title='bbox 904 1530 1146 1560; x_wconf 79' lang='lat' dir='ltr'>sustentaretur,</span> <span class='ocrx_word' id='word_1_259' title='bbox 1176 1521 1358 1559; x_wconf 84' lang='lat' dir='ltr'>crediderit,</span> <span class='ocrx_word' id='word_1_260' title='bbox 1385 1532 1522 1564; x_wconf 88' lang='lat' dir='ltr'>eamque</span> <span class='ocrx_word' id='word_1_261' title='bbox 1553 1521 1586 1552; x_wconf 89' lang='lat' dir='ltr'>in</span> 
     </span>
     <span class='ocr_line' id='line_1_51' title="bbox 905 1572 1586 1617; baseline -0.003 -12"><span class='ocrx_word' id='word_1_262' title='bbox 905 1574 977 1617; x_wconf 83' lang='lat' dir='ltr'>pilae</span> <span class='ocrx_word' id='word_1_263' title='bbox 993 1574 1125 1605; x_wconf 84' lang='lat' dir='ltr'>formam</span> <span class='ocrx_word' id='word_1_264' title='bbox 1143 1584 1223 1610; x_wconf 84' lang='lat' dir='ltr'>csse,</span> <span class='ocrx_word' id='word_1_265' title='bbox 1242 1579 1276 1604; x_wconf 89' lang='lat' dir='ltr'>ut</span> <span class='ocrx_word' id='word_1_266' title='bbox 1291 1572 1338 1604; x_wconf 90' lang='lat' dir='ltr'>sui</span> <span class='ocrx_word' id='word_1_267' title='bbox 1355 1572 1450 1604; x_wconf 89' lang='lat' dir='ltr'>simili</span> <span class='ocrx_word' id='word_1_268' title='bbox 1467 1572 1586 1615; x_wconf 86' lang='lat' dir='ltr'>templo</span> 
     </span>
     <span class='ocr_line' id='line_1_52' title="bbox 906 1623 1585 1665; baseline -0.003 -9"><span class='ocrx_word' id='word_1_269' title='bbox 906 1625 1098 1656; x_wconf 84' lang='lat' dir='ltr'>coleretur.”</span> <span class='ocrx_word' id='word_1_270' title='bbox 1146 1625 1197 1656; x_wconf 86' lang='lat' dir='ltr'>De</span> <span class='ocrx_word' id='word_1_271' title='bbox 1226 1625 1376 1665; x_wconf 75' lang='lat' dir='ltr'>pendente</span> <span class='ocrx_word' id='word_1_272' title='bbox 1402 1623 1462 1655; x_wconf 91' lang='lat' dir='ltr'>hoc</span> <span class='ocrx_word' id='word_1_273' title='bbox 1490 1634 1585 1655; x_wconf 89' lang='lat' dir='ltr'>onere</span> 
     </span>
     <span class='ocr_line' id='line_1_53' title="bbox 906 1673 1585 1716; baseline 0 -11"><span class='ocrx_word' id='word_1_274' title='bbox 906 1673 938 1706; x_wconf 90' lang='lat' dir='ltr'>in</span> <span class='ocrx_word' id='word_1_275' title='bbox 954 1686 1024 1707; x_wconf 79' lang='lat' dir='ltr'>aere</span> <span class='ocrx_word' id='word_1_276' title='bbox 1038 1676 1170 1716; x_wconf 71' lang='lat' dir='ltr'>suly‘ecco</span> <span class='ocrx_word' id='word_1_277' title='bbox 1187 1674 1259 1706; x_wconf 89' lang='lat' dir='ltr'>vide</span> <span class='ocrx_word' id='word_1_278' title='bbox 1276 1675 1360 1705; x_wconf 85' lang='lat' dir='ltr'>Met.</span> <span class='ocrx_word' id='word_1_279' title='bbox 1377 1674 1400 1705; x_wconf 86' lang='lat' dir='ltr'>i.</span> <span class='ocrx_word' id='word_1_280' title='bbox 1416 1675 1466 1706; x_wconf 84' lang='lat'>12.</span> <span class='ocrx_word' id='word_1_281' title='bbox 1504 1675 1585 1706; x_wconf 89' lang='lat' dir='ltr'>Ver-</span> 
     </span>
     <span class='ocr_line' id='line_1_54' title="bbox 905 1724 1586 1767; baseline -0.001 -11"><span class='ocrx_word' id='word_1_282' title='bbox 905 1736 958 1756; x_wconf 87' lang='lat' dir='ltr'>sus</span> <span class='ocrx_word' id='word_1_283' title='bbox 973 1736 1043 1767; x_wconf 86' lang='lat' dir='ltr'>sqq.</span> <span class='ocrx_word' id='word_1_284' title='bbox 1060 1736 1114 1757; x_wconf 84' lang='lat' dir='ltr'>sex</span> <span class='ocrx_word' id='word_1_285' title='bbox 1138 1725 1324 1757; x_wconf 78' lang='lat'><strong>271—276.</strong></span> <span class='ocrx_word' id='word_1_286' title='bbox 1342 1735 1403 1756; x_wconf 89' lang='lat' dir='ltr'>non</span> <span class='ocrx_word' id='word_1_287' title='bbox 1425 1724 1586 1767; x_wconf 88' lang='lat' dir='ltr'>leguntur,</span> 
     </span>
     <span class='ocr_line' id='line_1_55' title="bbox 906 1775 1585 1812; baseline -0.001 -5"><span class='ocrx_word' id='word_1_288' title='bbox 906 1775 965 1807; x_wconf 88' lang='lat' dir='ltr'>nisi</span> <span class='ocrx_word' id='word_1_289' title='bbox 987 1775 1019 1807; x_wconf 89' lang='lat' dir='ltr'>in</span> <span class='ocrx_word' id='word_1_290' title='bbox 1034 1775 1140 1808; x_wconf 89' lang='lat' dir='ltr'>Ursini</span> <span class='ocrx_word' id='word_1_291' title='bbox 1162 1775 1243 1807; x_wconf 91' lang='lat' dir='ltr'>libro</span> <span class='ocrx_word' id='word_1_292' title='bbox 1264 1781 1296 1807; x_wconf 89' lang='lat' dir='ltr'>et</span> <span class='ocrx_word' id='word_1_293' title='bbox 1320 1785 1374 1806; x_wconf 86' lang='lat' dir='ltr'>sex</span> <span class='ocrx_word' id='word_1_294' title='bbox 1396 1775 1478 1812; x_wconf 87' lang='lat' dir='ltr'>aliis,</span> <span class='ocrx_word' id='word_1_295' title='bbox 1495 1781 1528 1807; x_wconf 88' lang='lat' dir='ltr'>et</span> <span class='ocrx_word' id='word_1_296' title='bbox 1540 1775 1585 1806; x_wconf 90' lang='lat' dir='ltr'>vi-</span> 
     </span>
     <span class='ocr_line' id='line_1_56' title="bbox 904 1827 1585 1870; baseline -0.001 -12"><span class='ocrx_word' id='word_1_297' title='bbox 904 1827 1020 1858; x_wconf 83' lang='lat' dir='ltr'>dentur</span> <span class='ocrx_word' id='word_1_298' title='bbox 1042 1827 1119 1858; x_wconf 88' lang='lat' dir='ltr'>mihi</span> <span class='ocrx_word' id='word_1_299' title='bbox 1144 1827 1242 1870; x_wconf 88' lang='lat' dir='ltr'>spurii</span> <span class='ocrx_word' id='word_1_300' title='bbox 1264 1837 1343 1863; x_wconf 87' lang='lat' dir='ltr'>esse,</span> <span class='ocrx_word' id='word_1_301' title='bbox 1359 1836 1498 1868; x_wconf 86' lang='lat' dir='ltr'>namque</span> <span class='ocrx_word' id='word_1_302' title='bbox 1521 1837 1585 1868; x_wconf 91' lang='lat' dir='ltr'>quo</span> 
     </span>
     <span class='ocr_line' id='line_1_57' title="bbox 905 1876 1585 1910; baseline -0.001 -1"><span class='ocrx_word' id='word_1_303' title='bbox 905 1878 1021 1910; x_wconf 88' lang='lat' dir='ltr'>referes</span> <span class='ocrx_word' id='word_1_304' title='bbox 1048 1889 1110 1909; x_wconf 84' lang='lat' dir='ltr'>ver.</span> <span class='ocrx_word' id='word_1_305' title='bbox 1137 1879 1216 1910; x_wconf 86' lang='lat'><strong>273.</strong></span> <span class='ocrx_word' id='word_1_306' title='bbox 1245 1878 1366 1909; x_wconf 79' lang='lat' dir='ltr'>locata?</span> <span class='ocrx_word' id='word_1_307' title='bbox 1404 1876 1444 1908; x_wconf 87' lang='lat' dir='ltr'>ad</span> <span class='ocrx_word' id='word_1_308' title='bbox 1471 1884 1585 1909; x_wconf 78' lang='lat' dir='ltr'>terram</span> 
     </span>
     <span class='ocr_line' id='line_1_58' title="bbox 904 1927 1585 1971; baseline -0.003 -11"><span class='ocrx_word' id='word_1_309' title='bbox 904 1940 968 1960; x_wconf 86' lang='lat' dir='ltr'>ver.</span> <span class='ocrx_word' id='word_1_310' title='bbox 983 1929 1071 1960; x_wconf 67' lang='lat'><strong>2692</strong></span> <span class='ocrx_word' id='word_1_311' title='bbox 1097 1934 1130 1959; x_wconf 82' lang='lat' dir='ltr'>at</span> <span class='ocrx_word' id='word_1_312' title='bbox 1152 1928 1216 1960; x_wconf 85' lang='lat' dir='ltr'>alia</span> <span class='ocrx_word' id='word_1_313' title='bbox 1237 1928 1383 1971; x_wconf 84' lang='lat' dir='ltr'>subjecta</span> <span class='ocrx_word' id='word_1_314' title='bbox 1398 1927 1585 1970; x_wconf 81' lang='lat' dir='ltr'>interposita</span> 
     </span>
     <span class='ocr_line' id='line_1_59' title="bbox 903 1977 1584 2021; baseline -0.003 -10"><span class='ocrx_word' id='word_1_315' title='bbox 903 1985 988 2017; x_wconf 88' lang='lat' dir='ltr'>sunt,</span> <span class='ocrx_word' id='word_1_316' title='bbox 1006 1980 1183 2011; x_wconf 78' lang='lat' dir='ltr'>volubilitas</span> <span class='ocrx_word' id='word_1_317' title='bbox 1196 1983 1229 2010; x_wconf 81' lang='lat' dir='ltr'>et</span> <span class='ocrx_word' id='word_1_318' title='bbox 1246 1979 1395 2021; x_wconf 76' lang='lat' dir='ltr'>angulus.</span> <span class='ocrx_word' id='word_1_319' title='bbox 1444 1977 1515 2018; x_wconf 78' lang='lat' dir='ltr'>Ipsa</span> <span class='ocrx_word' id='word_1_320' title='bbox 1535 1989 1584 2009; x_wconf 80' lang='lat' dir='ltr'>vo-</span> 
     </span>
     <span class='ocr_line' id='line_1_60' title="bbox 905 2027 1586 2069; baseline -0.003 -8"><span class='ocrx_word' id='word_1_321' title='bbox 905 2031 1055 2067; x_wconf 80' lang='lat' dir='ltr'>lubilitas,</span> <span class='ocrx_word' id='word_1_322' title='bbox 1068 2034 1132 2062; x_wconf 87' lang='lat' dir='ltr'>etc.</span> <span class='ocrx_word' id='word_1_323' title='bbox 1144 2028 1330 2061; x_wconf 78' lang='lat' dir='ltr'>volubilitas</span> <span class='ocrx_word' id='word_1_324' title='bbox 1345 2028 1476 2069; x_wconf 84' lang='lat' dir='ltr'>globum</span> <span class='ocrx_word' id='word_1_325' title='bbox 1491 2027 1586 2060; x_wconf 87' lang='lat' dir='ltr'>susti-</span> 
     </span>
     <span class='ocr_line' id='line_1_61' title="bbox 904 2078 1585 2122; baseline -0.004 -10"><span class='ocrx_word' id='word_1_326' title='bbox 904 2086 959 2112; x_wconf 86' lang='lat' dir='ltr'>net</span> <span class='ocrx_word' id='word_1_327' title='bbox 972 2080 1005 2111; x_wconf 87' lang='lat' dir='ltr'>in</span> <span class='ocrx_word' id='word_1_328' title='bbox 1018 2078 1220 2122; x_wconf 80' lang='lat' dir='ltr'>aequilibri03</span> <span class='ocrx_word' id='word_1_329' title='bbox 1244 2078 1315 2110; x_wconf 88' lang='lat' dir='ltr'>vide</span> <span class='ocrx_word' id='word_1_330' title='bbox 1332 2078 1372 2110; x_wconf 87' lang='lat' dir='ltr'>ad</span> <span class='ocrx_word' id='word_1_331' title='bbox 1388 2079 1470 2110; x_wconf 83' lang='lat' dir='ltr'>Met.</span> <span class='ocrx_word' id='word_1_332' title='bbox 1482 2078 1507 2110; x_wconf 87' lang='lat' dir='ltr'>i.</span> <span class='ocrx_word' id='word_1_333' title='bbox 1525 2079 1562 2110; x_wconf 92' lang='lat'>13</span> <span class='ocrx_word' id='word_1_334' title='bbox 1575 2091 1585 2119; x_wconf 78' lang='lat'><em>3</em></span> 
     </span>
     <span class='ocr_line' id='line_1_62' title="bbox 905 2128 1583 2162; baseline 0 0"><span class='ocrx_word' id='word_1_335' title='bbox 905 2130 1018 2162; x_wconf 86' lang='lat' dir='ltr'>Cicero</span> <span class='ocrx_word' id='word_1_336' title='bbox 1046 2129 1125 2162; x_wconf 83' lang='lat' dir='ltr'>Nat.</span> <span class='ocrx_word' id='word_1_337' title='bbox 1151 2130 1253 2161; x_wconf 91' lang='lat' dir='ltr'>Deor.</span> <span class='ocrx_word' id='word_1_338' title='bbox 1279 2129 1312 2161; x_wconf 87' lang='lat' dir='ltr'>ii.</span> <span class='ocrx_word' id='word_1_339' title='bbox 1332 2130 1391 2161; x_wconf 83' lang='lat'>19:</span> <span class='ocrx_word' id='word_1_340' title='bbox 1427 2133 1447 2147; x_wconf 88' lang='lat'><strong>“</strong></span> <span class='ocrx_word' id='word_1_341' title='bbox 1464 2128 1583 2162; x_wconf 88' lang='lat' dir='ltr'>Mundi</span> 
     </span>
     <span class='ocr_line' id='line_1_63' title="bbox 904 2178 1586 2222; baseline 0 -10"><span class='ocrx_word' id='word_1_342' title='bbox 904 2180 1097 2217; x_wconf 85' lang='lat' dir='ltr'>volubilitas,</span> <span class='ocrx_word' id='word_1_343' title='bbox 1113 2190 1184 2222; x_wconf 90' lang='lat' dir='ltr'>quae</span> <span class='ocrx_word' id='word_1_344' title='bbox 1209 2179 1268 2211; x_wconf 91' lang='lat' dir='ltr'>nisi</span> <span class='ocrx_word' id='word_1_345' title='bbox 1289 2179 1320 2210; x_wconf 90' lang='lat' dir='ltr'>in</span> <span class='ocrx_word' id='word_1_346' title='bbox 1338 2179 1469 2222; x_wconf 82' lang='lat' dir='ltr'>globosa</span> <span class='ocrx_word' id='word_1_347' title='bbox 1485 2178 1586 2212; x_wconf 82' lang='lat' dir='ltr'>forma.</span> 
     </span>
     <span class='ocr_line' id='line_1_64' title="bbox 904 2229 1583 2270; baseline 0 -8"><span class='ocrx_word' id='word_1_348' title='bbox 904 2241 973 2263; x_wconf 86' lang='lat' dir='ltr'>esse</span> <span class='ocrx_word' id='word_1_349' title='bbox 988 2241 1050 2262; x_wconf 90' lang='lat' dir='ltr'>non</span> <span class='ocrx_word' id='word_1_350' title='bbox 1067 2229 1208 2270; x_wconf 81' lang='lat' dir='ltr'>posset.’&#39;</span> <span class='ocrx_word' id='word_1_351' title='bbox 1256 2229 1349 2261; x_wconf 89' lang='lat' dir='ltr'>Idem</span> <span class='ocrx_word' id='word_1_352' title='bbox 1368 2229 1400 2260; x_wconf 90' lang='lat' dir='ltr'>in</span> <span class='ocrx_word' id='word_1_353' title='bbox 1415 2229 1537 2261; x_wconf 85' lang='lat' dir='ltr'>Timaeo</span> <span class='ocrx_word' id='word_1_354' title='bbox 1550 2240 1583 2262; x_wconf 90' lang='lat' dir='ltr'>c.</span> 
     </span>
     <span class='ocr_line' id='line_1_65' title="bbox 908 2280 1583 2313; baseline -0.003 0"><span class='ocrx_word' id='word_1_355' title='bbox 908 2282 959 2313; x_wconf 84' lang='lat'>10.</span> <span class='ocrx_word' id='word_1_356' title='bbox 976 2280 1057 2313; x_wconf 78' lang='lat' dir='ltr'>deus</span> <span class='ocrx_word' id='word_1_357' title='bbox 1069 2280 1226 2312; x_wconf 89' lang='lat' dir='ltr'>mundum</span> <span class='ocrx_word' id='word_1_358' title='bbox 1239 2282 1279 2312; x_wconf 81' lang='lat' dir='ltr'>ad</span> <span class='ocrx_word' id='word_1_359' title='bbox 1296 2281 1518 2312; x_wconf 79' lang='lat' dir='ltr'>volubilitatem</span> <span class='ocrx_word' id='word_1_360' title='bbox 1534 2292 1583 2312; x_wconf 76' lang='lat' dir='ltr'>ro-</span> 
     </span>
     <span class='ocr_line' id='line_1_66' title="bbox 906 2330 1585 2373; baseline 0.001 -11"><span class='ocrx_word' id='word_1_361' title='bbox 906 2332 1066 2363; x_wconf 76' lang='lat' dir='ltr'>tundavit.</span> <span class='ocrx_word' id='word_1_362' title='bbox 1115 2331 1276 2362; x_wconf 85' lang='lat' dir='ltr'>Caeterum</span> <span class='ocrx_word' id='word_1_363' title='bbox 1294 2340 1358 2362; x_wconf 89' lang='lat' dir='ltr'>non</span> <span class='ocrx_word' id='word_1_364' title='bbox 1371 2330 1456 2362; x_wconf 88' lang='lat' dir='ltr'>orbis</span> <span class='ocrx_word' id='word_1_365' title='bbox 1468 2330 1585 2373; x_wconf 87' lang='lat' dir='ltr'>planus</span> 
     </span>
     <span class='ocr_line' id='line_1_67' title="bbox 905 2380 1585 2424; baseline 0.003 -12"><span class='ocrx_word' id='word_1_366' title='bbox 905 2381 957 2413; x_wconf 83' lang='lat' dir='ltr'>hie</span> <span class='ocrx_word' id='word_1_367' title='bbox 981 2381 1172 2424; x_wconf 84' lang='lat' dir='ltr'>cogitandus</span> <span class='ocrx_word' id='word_1_368' title='bbox 1194 2386 1253 2417; x_wconf 90' lang='lat' dir='ltr'>est,</span> <span class='ocrx_word' id='word_1_369' title='bbox 1277 2380 1333 2412; x_wconf 87' lang='lat' dir='ltr'>sed</span> <span class='ocrx_word' id='word_1_370' title='bbox 1357 2381 1435 2422; x_wconf 84' lang='lat' dir='ltr'>pila,</span> <span class='ocrx_word' id='word_1_371' title='bbox 1459 2381 1585 2423; x_wconf 86' lang='lat' dir='ltr'>globus.</span> 
     </span>
     <span class='ocr_line' id='line_1_68' title="bbox 906 2431 1584 2475; baseline 0.001 -12"><span class='ocrx_word' id='word_1_372' title='bbox 906 2432 977 2464; x_wconf 92' lang='lat' dir='ltr'>Nec</span> <span class='ocrx_word' id='word_1_373' title='bbox 997 2433 1135 2475; x_wconf 82' lang='lat' dir='ltr'>angulus</span> <span class='ocrx_word' id='word_1_374' title='bbox 1155 2432 1323 2474; x_wconf 87' lang='lat' dir='ltr'>depressus</span> <span class='ocrx_word' id='word_1_375' title='bbox 1344 2431 1584 2473; x_wconf 80' lang='lat' dir='ltr'>intelligenduS,</span> 
     </span>
     <span class='ocr_line' id='line_1_69' title="bbox 905 2481 1584 2526; baseline 0 -12"><span class='ocrx_word' id='word_1_376' title='bbox 905 2483 961 2514; x_wconf 88' lang='lat' dir='ltr'>sed</span> <span class='ocrx_word' id='word_1_377' title='bbox 997 2493 1196 2526; x_wconf 87' lang='lat' dir='ltr'>procurrens,</span> <span class='ocrx_word' id='word_1_378' title='bbox 1228 2481 1422 2525; x_wconf 85' lang='lat' dir='ltr'>prominens,</span> <span class='ocrx_word' id='word_1_379' title='bbox 1452 2487 1488 2513; x_wconf 90' lang='lat' dir='ltr'>ut</span> <span class='ocrx_word' id='word_1_380' title='bbox 1517 2493 1584 2514; x_wconf 87' lang='lat' dir='ltr'>ver.</span> 
     </span>
     <span class='ocr_line' id='line_1_70' title="bbox 905 2532 1587 2565; baseline 0 -1"><span class='ocrx_word' id='word_1_381' title='bbox 905 2534 982 2565; x_wconf 82' lang='lat'><strong>281.</strong></span> <span class='ocrx_word' id='word_1_382' title='bbox 993 2533 1109 2565; x_wconf 87' lang='lat' dir='ltr'>diserte</span> <span class='ocrx_word' id='word_1_383' title='bbox 1125 2538 1281 2565; x_wconf 86' lang='lat' dir='ltr'>monetur.</span> <span class='ocrx_word' id='word_1_384' title='bbox 1326 2532 1514 2564; x_wconf 83' lang='lat' dir='ltr'>Eminentes</span> <span class='ocrx_word' id='word_1_385' title='bbox 1529 2544 1587 2564; x_wconf 85' lang='lat' dir='ltr'>au-</span> 
     </span>
     <span class='ocr_line' id='line_1_71' title="bbox 905 2582 1585 2627; baseline -0.001 -12"><span class='ocrx_word' id='word_1_386' title='bbox 905 2589 970 2616; x_wconf 88' lang='lat' dir='ltr'>tem</span> <span class='ocrx_word' id='word_1_387' title='bbox 996 2590 1103 2627; x_wconf 85' lang='lat' dir='ltr'>partes</span> <span class='ocrx_word' id='word_1_388' title='bbox 1125 2590 1270 2624; x_wconf 79' lang='lat' dir='ltr'>premunt</span> <span class='ocrx_word' id='word_1_389' title='bbox 1293 2582 1452 2620; x_wconf 80' lang='lat' dir='ltr'>inferiora,</span> <span class='ocrx_word' id='word_1_390' title='bbox 1468 2583 1585 2625; x_wconf 90' lang='lat' dir='ltr'>quibus</span> 
     </span>
     <span class='ocr_line' id='line_1_72' title="bbox 905 2636 1586 2671; baseline 0 -4"><span class='ocrx_word' id='word_1_391' title='bbox 905 2636 1098 2668; x_wconf 85' lang='lat' dir='ltr'>innituntur.</span> <span class='ocrx_word' id='word_1_392' title='bbox 1147 2636 1213 2667; x_wconf 88' lang='lat' dir='ltr'>Nec</span> <span class='ocrx_word' id='word_1_393' title='bbox 1247 2637 1392 2671; x_wconf 84' lang='lat' dir='ltr'>medium,</span> <span class='ocrx_word' id='word_1_394' title='bbox 1423 2640 1487 2666; x_wconf 88' lang='lat' dir='ltr'>etc.</span> <span class='ocrx_word' id='word_1_395' title='bbox 1523 2645 1586 2667; x_wconf 88' lang='lat' dir='ltr'>non</span> 
     </span>
     <span class='ocr_line' id='line_1_73' title="bbox 907 2684 1586 2718; baseline -0.003 0"><span class='ocrx_word' id='word_1_396' title='bbox 907 2685 1039 2718; x_wconf 84' lang='lat' dir='ltr'>haberet</span> <span class='ocrx_word' id='word_1_397' title='bbox 1051 2687 1167 2718; x_wconf 82' lang='lat' dir='ltr'>molem</span> <span class='ocrx_word' id='word_1_398' title='bbox 1182 2692 1271 2718; x_wconf 81' lang='lat' dir='ltr'>terrae</span> <span class='ocrx_word' id='word_1_399' title='bbox 1287 2685 1321 2716; x_wconf 89' lang='lat' dir='ltr'>in</span> <span class='ocrx_word' id='word_1_400' title='bbox 1336 2684 1452 2716; x_wconf 81' lang='lat' dir='ltr'>medio.</span> <span class='ocrx_word' id='word_1_401' title='bbox 1500 2685 1586 2716; x_wconf 80' lang='lat' dir='ltr'>Onus</span> 
     </span>
     <span class='ocr_line' id='line_1_74' title="bbox 908 2735 1584 2779; baseline -0.006 -11"><span class='ocrx_word' id='word_1_402' title='bbox 908 2736 1066 2779; x_wconf 89' lang='lat' dir='ltr'>quidquid</span> <span class='ocrx_word' id='word_1_403' title='bbox 1092 2741 1254 2779; x_wconf 51' lang='lat' dir='ltr'>gestatum</span> <span class='ocrx_word' id='word_1_404' title='bbox 1276 2735 1317 2767; x_wconf 92' lang='lat' dir='ltr'>iv.</span> <span class='ocrx_word' id='word_1_405' title='bbox 1340 2735 1416 2766; x_wconf 86' lang='lat'><strong>241.</strong></span> <span class='ocrx_word' id='word_1_406' title='bbox 1436 2745 1511 2765; x_wconf 81' lang='lat' dir='ltr'>onus</span> <span class='ocrx_word' id='word_1_407' title='bbox 1533 2735 1584 2765; x_wconf 83' lang='lat' dir='ltr'>in·</span> 
     </span>
     <span class='ocr_line' id='line_1_75' title="bbox 904 2789 1023 2830; baseline 0 -12"><span class='ocrx_word' id='word_1_408' title='bbox 904 2789 1023 2830; x_wconf 79' lang='lat' dir='ltr'>guinis.</span> 
     </span>
    </p>
   </div>
  </div>
 </body>
</html>
