1809 3220
257 195 343 237 530
792 189 1143 232 EXCURSUS

259 325 363 358 rem,
389 309 440 350 ad
479 308 654 354 Carum,
679 306 733 347 ad
766 305 988 352 Pei-illum,
1014 306 1068 347 ad
1106 305 1308 352 Brutum,
1333 304 1387 345 ad
1426 303 1682 352 Maximum,

260 379 314 420 ad
346 376 568 423 Rufinum,
594 375 647 415 ad
672 373 937 421 Graeciuum,
961 374 1013 413 ad
1050 373 1342 420 Messalinum,
1369 373 1420 414 ad
1455 372 1683 420 Severum,

259 447 313 488 ad
349 446 570 491 Flaccum,
599 444 652 484 ud
689 442 1014 490 Germanicum,
1044 442 1096 483 ad
1133 441 1356 487 solanum,
1387 441 1439 482 ad
1471 440 1683 489 Atticum,

259 516 313 557 ad
347 514 535 560 Cottam,
569 513 619 553 ad
656 511 815 558 Cotim‚
847 511 899 551 ad
935 510 1150 557 Suillium,
1180 511 1232 551 ad
1269 510 1601 557 Albinovanum,
1630 509 1683 550 ad

261 583 523 629 Gallionem,
559 582 611 622 ad
647 580 904 621 Tuticanum
945 579 1149 633 epistolas
1184 578 1328 626 mittit,
1363 579 1414 620 ad
1459 577 1684 633 Hyginum

262 667 361 693 vero
386 651 558 692 nnllam.
620 650 692 690 An
717 649 826 690 forte.
850 648 920 689 ille
945 655 1009 688 est
1032 648 1084 688 ad
1110 662 1237 702 quem
1259 662 1487 702 suppresso
1515 646 1683 688 nomine

260 722 386 763 toties
408 720 582 763 scribit?
618 719 882 773 neutiquam.
938 717 1162 772 Hyginum
1188 716 1300 757 enim
1324 716 1555 757 admodum
1578 729 1681 770 pau-

262 804 409 845 perem
440 788 679 830 decessisse
700 786 977 841 Tranquillus
1007 785 1090 832 ait;
1124 784 1304 826 alterum
1339 784 1531 834 divitem,
1553 789 1685 839 atque

263 860 415 915 opibus
444 859 733 900 abundantem
756 856 903 904 fuisse,
930 855 1048 896 Naso
1072 854 1232 896 diserte
1254 854 1443 909 prodidit
1473 854 1533 896 his
1555 854 1685 895 versi-

265 930 358 978 bus,
382 943 490 984 quos
519 928 570 969 ad
604 927 786 968 amicum
817 925 960 973 mittit,
985 925 1107 979 cujus
1137 938 1292 965 nomen
1316 923 1510 965 consulto
1529 928 1684 978 praete-

262 999 330 1046 rit,
355 998 574 1045 Tristium,
601 995 684 1037 IV.
711 995 780 1036 El.
807 1010 825 1035 v
848 1011 856 1035 :

422 1083 480 1122 O!
511 1083 606 1120 mihi
627 1081 787 1120 dilectos
807 1081 909 1119 inter
929 1094 1008 1118 sors
1029 1080 1152 1131 prima
1172 1079 1331 1123 sodales,

480 1146 603 1184 Unica
623 1145 788 1183 fortunis
807 1158 872 1182 ara
893 1151 1048 1195 reperta
1067 1143 1186 1187 meis;

421 1210 544 1260 Cujus
564 1210 611 1248 ab
631 1208 823 1260 adloquiis
842 1208 971 1246 anima
990 1208 1070 1245 haec
1091 1207 1319 1245 moribunda
1338 1206 1492 1250 revixit,

477 1273 533 1312 Ut
553 1273 648 1323 vigil
668 1273 798 1311 infusa
820 1272 979 1311 Pallade
1000 1272 1153 1310 flamma
1173 1271 1269 1310 solet
1288 1286 1297 1316 ;

425 1338 505 1385 Qui
526 1337 673 1375 veritus
692 1350 768 1374 non
788 1350 829 1374 es
847 1343 982 1387 portus
1001 1335 1149 1387 aperire
1170 1334 1315 1379 fideles,

477 1400 660 1438 Fulmine
680 1413 869 1451 percussae
888 1399 1190 1450 confugiumque
1210 1398 1282 1436 rati
1298 1414 1308 1443 ,-

425 1464 549 1515 Cujus
565 1477 666 1501 eram
689 1476 806 1501 censu
827 1476 903 1500 non
922 1476 983 1500 me
1003 1475 1185 1500 sensurus
1204 1469 1397 1513 egentem,

480 1527 521 1564 Si
544 1527 671 1565 Caesar
690 1526 834 1577 patrias
854 1525 1059 1576 eripuisset
1079 1538 1179 1576 opes.

269 1622 440 1663 Deinde
471 1622 510 1662 in
542 1636 594 1661 ea
622 1619 803 1674 epistola
835 1633 955 1665 uxor,
979 1619 1099 1659 liberi
1130 1625 1174 1660 et
1202 1619 1337 1660 frater
1357 1619 1464 1674 ejuS,
1488 1619 1540 1660 ad
1560 1634 1687 1674 quem

264 1690 422 1744 scripta
446 1697 526 1736 est,
552 1694 955 1735 commemorantur,
977 1702 1158 1742 quorum
1183 1688 1434 1736 Suetonius,
1452 1688 1688 1743 caeteroqui

267 1774 348 1800 non
383 1759 629 1806 omissurus,
668 1757 826 1798 nullam
860 1757 1121 1798 mentionem
1155 1757 1297 1797 habet.
1362 1756 1509 1798 Unum
1543 1764 1687 1798 autem

267 1835 310 1869 et
341 1828 541 1869 eumdem
569 1842 664 1868 esse
688 1827 999 1875 animadverto,
1024 1827 1077 1867 ad
1101 1841 1230 1880 quem
1254 1825 1439 1867 Ovidius
1462 1826 1591 1867 tacito
1613 1840 1686 1867 no·

266 1897 378 1937 mine
403 1896 547 1936 literas
570 1896 726 1936 iterum
745 1902 876 1949 atque
895 1895 1049 1935 iterum
1073 1895 1208 1935 dedit.
1254 1894 1447 1948 Ipsemet
1467 1895 1579 1936 enim
1605 1900 1688 1936 tes-

266 1966 319 2006 tis
342 1971 423 2013 est,
448 1965 502 2006 de
527 1965 682 2012 Ponto,
707 1964 776 2004 lib.
801 1964 859 2004 iii.
882 1963 1006 2019 Eleg.
1029 1964 1068 2004 (5.
1094 1963 1163 2004 ubi
1185 1963 1436 2005 familiarem
1457 1965 1686 2019 quemdam

267 2033 330 2074 his
350 2033 489 2074 verbis
512 2033 783 2087 adloquitur:

431 2135 519 2186 Ipse
540 2149 622 2185 ege,
639 2134 740 2186 quod
761 2135 884 2185 primo
903 2134 1035 2185 scripsi
1056 2134 1138 2172 sine
1159 2135 1312 2173 nomine
1331 2135 1450 2180 vobis,

481 2199 560 2236 Vix
581 2200 754 2237 excusari
775 2213 884 2250 posse
904 2199 998 2236 mihi
1019 2197 1160 2237 videor.

271 2304 370 2345 Una
406 2312 546 2346 tamen
580 2312 647 2347 est
680 2321 777 2360 quae
808 2307 860 2347 ad
888 2307 1111 2361 Hyginum
1142 2307 1300 2361 scripta
1322 2305 1507 2355 videtur,
1531 2321 1687 2363 nempe

269 2374 409 2421 tertia,
441 2375 495 2416 de
530 2374 685 2422 Ponto,
725 2375 795 2416 lib.
832 2375 885 2415 iv.
922 2375 1106 2416 amicum
1140 2375 1253 2416 enim
1288 2375 1518 2430 quemdam
1552 2381 1689 2425 taxat,

269 2449 314 2483 et
347 2458 445 2483 enm
480 2449 581 2484 nota
612 2444 796 2484 levitatis
826 2444 968 2490 inurit,
995 2445 1124 2499 quod,
1151 2458 1283 2498 quum
1317 2458 1341 2484 a
1376 2444 1535 2485 teneris
1568 2445 1690 2486 annis

269 2526 412 2552 secum
456 2512 692 2553 arctissimo
737 2513 1067 2554 necessitudinis
1113 2513 1282 2554 vinculo
1318 2513 1496 2568 junctus
1541 2513 1687 2562 fuerit,

270 2581 441 2621 tandem
482 2582 522 2621 in
558 2582 739 2622 adversa
772 2581 941 2622 fortuna
979 2597 1060 2623 non
1095 2582 1220 2623 modo
1255 2597 1351 2622 eum
1391 2582 1576 2629 deserat,
1609 2582 1686 2623 sed

270 2650 501 2704 nequidem
530 2651 784 2705 cognovisse
816 2651 1001 2693 simulet.
1067 2651 1172 2706 Ejus
1200 2657 1265 2692 est
1287 2651 1467 2700 initium,
1497 2651 1686 2708 Conque-

272 2733 364 2766 rar,
393 2734 447 2760 (ιη
482 2721 672 2760 taceam?
718 2720 815 2771 Qua
850 2721 1022 2775 quidem
1058 2721 1236 2775 epistola
1272 2720 1395 2762 facile
1430 2721 1685 2762 crediderim
