1830 3220
560 164 909 207 FASTORUM
943 164 1066 206 LIB.
1097 163 1136 206 Ι.
1501 166 1559 208 39

147 279 268 328 Este
296 281 440 329 bonis
466 282 640 329 avibus
665 281 757 329 visi
784 289 1005 344 natoque
1032 281 1257 344 mihique
1280 298 1288 329 :

214 357 452 422 Ripaque
477 359 611 407 felici
638 365 776 406 tacta
800 357 865 405 sit
890 358 987 405 ista
1012 358 1159 422 pede.

147 435 345 484 Fallor?
382 453 445 485 an
471 438 521 484 hi
545 437 670 485 fient
695 436 920 500 ingentia
943 436 1130 484 moenia
1153 435 1343 483 colles?

1461 439 1558 484 515

211 513 242 560 J
248 530 440 578 uraque
465 516 528 562 ab
554 515 647 561 hac
673 520 805 561 terra
829 520 1013 561 oaetera
1036 521 1170 561 terra
1194 514 1367 578 petet?

146 589 409 639 Montibus
436 592 512 639 his
537 591 657 639 olim
683 598 821 639 totus
843 591 1155 655 promittitur
1179 592 1331 639 orbis.

215 667 342 723 Quis
368 676 563 717 tantum
582 669 670 717 fati
695 670 870 717 credat
893 670 1082 718 habere
1105 670 1308 717 locum?

149 744 216 793 Et
233 747 341 809 jam
369 746 637 795 Dardaniae
662 754 873 811 tangent
896 749 1006 796 haec
1031 748 1179 796 litora
1203 747 1367 812 pinus.

215 822 313 871 Hic
340 841 545 888 quoque
571 841 725 873 eausa
750 825 863 873 novi
889 825 1077 873 femina
1102 825 1283 873 Martis
1310 826 1419 872 erit.
1465 827 1563 872 520

148 901 279 950 Care
301 919 478 967 nepos,
500 903 662 960 Palla,
686 903 889 952 funesta
914 904 1038 967 quid
1063 903 1229 950 induis
1256 903 1428 950 arma?

215 979 407 1028 Indue:
449 997 547 1028 non
574 980 750 1028 humili
772 981 970 1030 vindice
995 998 1158 1029 caesus
1184 982 1298 1028 eris.

147 1057 299 1106 Victa
324 1066 493 1107 tamen
520 1059 706 1116 vinces,
730 1076 1009 1123 eversaque
1031 1059 1183 1122 TroJ'a
1207 1075 1468 1122 resurges:

217 1135 414 1184 Obruet
439 1136 648 1185 hostiles
674 1137 772 1185 ista
797 1137 940 1184 ruina
964 1137 1159 1184 domos.

151 1212 294 1260 Urite
319 1214 550 1262 victrices
579 1214 839 1279 Neptunia
864 1215 1116 1278 Pergama
1140 1214 1384 1262 flammae:

1464 1217 1562 1262 525

220 1291 356 1338 Num
383 1292 547 1339 minus
574 1292 654 1339 hic
682 1299 789 1340 toto
815 1302 893 1341 est
917 1292 1061 1340 altior
1087 1292 1207 1340 orbe
1233 1291 1394 1339 cinis?

192 1454 267 1485 515.
291 1454 419 1484 Novum
439 1453 622 1485 vaticinium
642 1454 682 1485 de
698 1454 823 1497 imperii

150 1501 193 1533 R.
220 1502 451 1544 magnitudine,
478 1504 590 1534 AEneae
616 1503 767 1541 adventu,
791 1511 823 1536 et

148 1552 243 1584 Juliae
264 1552 367 1594 gentis
386 1553 563 1595 splendore,
579 1554 687 1595 qualia
702 1559 734 1585 et
750 1554 822 1585 Vir-

148 1601 243 1643 gilius
266 1602 372 1633 habet.
407 1602 504 1644 Apud
526 1603 661 1645 Dionys.
677 1603 785 1635 Halic.
801 1604 822 1635 i.

148 1652 202 1683 20.
227 1652 376 1683 Evander
398 1652 505 1683 vicum
539 1664 672 1694 parvum
702 1654 822 1691 condit,

149 1703 195 1740 ἣν
209 1701 321 1744 ἔμελλε
343 1703 380 1734 τὸ
396 1702 618 1745 πεπρωμένον
635 1705 698 1735 σὺν
718 1704 830 1746 χρόνῳ

151 1751 265 1790 Θὴσειν
282 1751 366 1791 ὅσην
382 1751 448 1784 οὔθ’
462 1751 610 1784 Ἑλλάδα
622 1752 736 1790 πόλιν,
750 1753 823 1785 οὔτε

148 1801 335 1844 βάρβαρον,
351 1802 435 1834 κατά
450 1815 487 1845 γε
503 1802 658 1842 οἰκήσεως
673 1802 821 1846 μέγεθος,

150 1853 204 1883 καὶ
217 1852 302 1884 κατὰ
318 1851 515 1890 δυναστείας
526 1852 676 1889 α’ξίωσιν,
689 1853 742 1883 καὶ
759 1853 824 1892 τὴν

148 1902 262 1941 ἄλλην
284 1902 425 1934 ἅπασαν
449 1902 622 1944 εὐτυχίαν,
649 1902 775 1944 χρόνον
789 1903 823 1935 τὲ

149 1951 278 1984 ὁπόσον
293 1950 339 1984 ἄν
354 1951 371 1983 ὁ
388 1953 512 1992 Θνητὸς
533 1951 674 1995 ἀντέχῃ,
693 1952 824 1984 πόλεων

149 2001 295 2044 μάλιστα
319 2006 438 2035 πασῶν
454 2001 825 2045 μνημονευθησομένην.

152 2052 257 2084 Etiam
274 2052 306 2083 h.
323 2052 346 2083 l.
366 2052 536 2094 imperium
552 2052 648 2084 totius
662 2053 746 2084 orbis
761 2057 822 2084 ter-

151 2112 255 2133 rarum
271 2102 322 2133 his
334 2104 495 2139 montibus,
512 2108 548 2133 ut
562 2101 825 2134 Metam.ii.259.

152 2151 271 2188 Tiberi,
292 2151 325 2182 id
349 2157 408 2188 est,
431 2151 504 2183 huic
529 2150 600 2182 urbi
622 2151 825 2194 promittitur.

154 2201 263 2233 Petere
286 2204 369 2242 jura
399 2207 446 2232 est
476 2201 612 2243 subjecti
640 2201 760 2243 populi,
791 2208 826 2232 ut

150 2253 224 2282 dare
237 2254 318 2292 jura
341 2250 537 2292 imperantis.
583 2251 698 2281 Locum
718 2251 826 2281 habere

149 2307 272 2332 tantum
292 2301 384 2344 fati;
409 2301 479 2332 loco
501 2300 692 2332 destinatam
716 2311 784 2331 esse
807 2311 826 2332 a

150 2350 216 2382 sato
228 2357 351 2382 tantam
363 2350 550 2392 dignitatem
562 2362 570 2389 ;
587 2351 694 2382 confer
704 2349 736 2381 ii.
748 2351 824 2382 403.

195 2401 272 2432 520.
296 2401 327 2432 V
329 2400 499 2432 aticinatur
522 2400 695 2431 adventum
712 2401 824 2431 AEneae

148 2456 181 2481 et
195 2450 317 2481 bellum
338 2461 411 2481 cum
426 2450 543 2481 Turno.
582 2454 603 2467 “
618 2450 754 2485 Turnus,
770 2460 824 2480 rex

152 2499 358 2536 Rutulorum,
384 2499 436 2531 cui
466 2505 561 2541 pacta
589 2499 724 2530 Lavinia
751 2504 825 2530 ante

151 2549 324 2580 adventum
353 2550 466 2580 AEneae
505 2549 618 2585 fuerat,
658 2548 824 2590 praelatum

150 2597 210 2629 sibi
249 2597 405 2628 advenam
444 2608 527 2638 aegre
563 2597 698 2640 patiens,
731 2597 825 2628 simul

153 2648 266 2678 AEneae
284 2648 461 2689 Latinoque
482 2647 606 2679 bellum
624 2647 778 2678 intulerat
793 2647 825 2686 ;’'

155 2697 223 2728 Liv.
252 2697 275 2728 i.
304 2699 338 2728 2.
394 2697 506 2737 Nepos.
546 2697 668 2733 Pallas,
698 2697 738 2728 de
765 2707 826 2738 quo

158 2745 273 2787 virgil.
301 2747 381 2778 AEn.
403 2746 468 2777 viii.
500 2747 558 2777 104
589 2757 658 2788 sqq.
688 2745 826 2777 Evandri

892 1456 986 1493 filius,
1017 1455 1191 1487 secundum
1230 1454 1308 1485 alios
1341 1455 1490 1485 Herculis
1526 1465 1564 1486 ex

893 1506 1030 1537 Evandri
1043 1505 1109 1536 filia
1122 1505 1205 1536 filius
1220 1517 1228 1544 ;
1245 1505 1380 1546 Dionys.
1394 1504 1414 1534 i.
1426 1505 1479 1536 32.
1498 1505 1563 1536 Fu-

892 1562 975 1587 nesta
985 1558 1058 1597 qnid
1068 1557 1173 1586 induis
1184 1567 1280 1586 arma.
1303 1554 1493 1585 Praedieitet
1505 1565 1566 1585 cae-

892 1605 966 1636 dem
978 1605 1135 1636 Pallantis
1149 1617 1156 1635 z
1182 1604 1238 1635 sed
1249 1604 1374 1636 Turnus
1385 1604 1502 1635 occisor
1513 1614 1567 1634 ca-

892 1655 961 1691 det,
975 1655 1090 1697 inquit,
1104 1655 1216 1686 AEneae
1227 1654 1352 1685 dextra.
1369 1654 1457 1686 LEM.
1483 1654 1568 1685 Pris-

894 1704 1004 1735 cianus
1029 1709 1117 1735 notat
1140 1703 1278 1735 vocativ.
1328 1704 1422 1734 Palla
1446 1703 1566 1734 factum

892 1764 960 1785 esse
981 1753 1022 1784 ad
1045 1753 1206 1784 Homeric.
1230 1751 1447 1794 Πουλυδάμα.
1497 1753 1567 1784 Νοη

892 1804 1011 1840 humili,
1048 1802 1256 1834 nobilissimo.
1309 1803 1420 1833 Horat.
1445 1803 1473 1833 1.
1503 1802 1568 1834 Od.

892 1853 1010 1884 xxxvii.
1027 1854 1080 1884 32.
1097 1852 1269 1894 Cleopatra
1285 1863 1345 1882 non
1361 1852 1484 1882 humilis
1500 1863 1567 1882 mu-

893 1903 960 1939 lier,
987 1902 1041 1933 ubi
1066 1901 1106 1933 ad
1135 1901 1275 1932 animum
1306 1911 1492 1942 generosum
1519 1911 1568 1932 re-

892 1952 1001 1984 fertur.
1057 1953 1145 1983 Victa
1177 1951 1269 1991 Trqja
1299 1952 1384 1986 vicit,
1409 1957 1567 1992 quatenus

892 2001 1020 2044 Trojani
1041 2011 1159 2032 novum
1178 2000 1210 2031 in
1227 2000 1322 2031 ltalia
1341 2011 1474 2041 regnum
1493 2011 1568 2031 con-

893 2050 1053 2082 diderunt.
1101 2050 1216 2080 Obruet
1246 2051 1365 2080 hostiles
1393 2051 1489 2080 ruina
1514 2052 1567 2081 do-

894 2112 965 2132 mos.
1003 2101 1113 2132 Ruina
1123 2099 1225 2141 Trojae
1240 2099 1368 2135 efficiet,
1379 2104 1415 2130 ut
1429 2099 1462 2130 in
1472 2099 1568 2129 Italia

892 2149 1061 2192 imperium
1087 2148 1253 2186 condatur,
1280 2148 1364 2190 quod
1395 2147 1568 2190 aliquando

895 2200 1079 2231 Graeeorum
1104 2198 1240 2230 hostium
1271 2204 1386 2229 terram
1409 2197 1468 2229 sibi
1495 2198 1569 2229 sub-

889 2249 991 2291 jiciet.

939 2300 1016 2330 525.
1036 2298 1197 2337 Neptunia
1213 2296 1379 2338 Pergama,
1395 2302 1430 2327 ut
1446 2297 1523 2327 AEn.
1535 2295 1569 2328 ii.

894 2348 970 2379 625.
996 2347 1155 2387 Neptunia
1183 2346 1287 2386 Trqja‚
1315 2345 1392 2387 quia
1420 2344 1452 2376 in
1477 2346 1567 2387 Nep-

895 2397 963 2428 tuni
982 2402 1014 2427 et
1030 2395 1189 2437 Apollinis
1210 2395 1324 2431 tutela,
1340 2400 1373 2425 et
1394 2394 1469 2436 quia
1488 2394 1569 2426 muri

895 2447 934 2477 ab
958 2445 1026 2477 istis
1051 2444 1124 2476 Di1s
1154 2443 1327 2482 aedificati3
1366 2444 1499 2475 Metam.
1524 2444 1569 2475 xi.

894 2497 979 2535 2033
1004 2496 1083 2526 AEn.
1102 2495 1134 2526 ii.
1150 2494 1224 2525 201.
1272 2494 1357 2524 Num
1377 2497 1489 2531 minus,
1505 2501 1568 2525 etc.

894 2546 992 2577 nihilo
1014 2550 1120 2576 tamen
1140 2544 1244 2575 minus
1259 2554 1296 2574 ex
1318 2544 1372 2574 illo
1388 2543 1492 2574 cinere
1509 2543 1568 2573 im-

893 2596 1016 2638 perium
1032 2594 1160 2631 orietur,
1174 2599 1274 2625 totum
1290 2599 1443 2624 terrarum
1459 2593 1567 2624 orbem

895 2657 1068 2689 occupans.
1112 2645 1184 2676 Jam
1196 2647 1265 2685 pius
1280 2644 1402 2679 AEneas,
1417 2648 1480 2674 etc.
1515 2642 1566 2673 Sic

895 2696 935 2727 de
958 2695 1069 2727 eodem
1091 2701 1123 2726 et
1147 2694 1190 2725 iv.
1212 2694 1267 2725 37.
1289 2699 1321 2724 et
1345 2693 1478 2724 Metam.
1500 2690 1567 2723 xiii.

895 2747 973 2777 624.
1021 2745 1168 2776 Hectoris
1197 2744 1309 2775 umbra
1339 2743 1450 2772 AEneae
1481 2752 1567 2771 sacra
