1809 3220
217 185 303 228 512

631 184 680 224 Ρ.
712 182 922 224 OVIDII
956 182 1239 225 NASONIS

220 302 397 366 thue
430 306 626 365 patrem
662 299 983 357 Psamathes,
1021 300 1210 348 condat
1243 308 1292 347 te
1328 298 1554 347 Phoebus
1588 299 1638 347 in

283 379 517 437 Tartara3
561 377 698 442 quod
725 384 859 425 natae
885 377 1077 426 fecerat
1100 378 1183 426 ille
1210 394 1333 426 suae.
1395 377 1519 440 [ima
1538 380 1636 426 575

214 458 380 521 Inque
404 463 518 504 tuos
544 472 606 504 ea
629 455 788 520 pestis
815 462 914 513 eat,
945 471 1100 519 quam
1120 456 1302 504 dextra
1325 455 1568 504 Choroebi

280 535 433 591 Vicit,
458 550 608 599 opem
633 533 832 582 miseris
859 533 1215 599 Argolicisque
1240 535 1372 583 tulit.

216 614 390 678 thue
415 629 575 677 nepos
599 611 808 669 AEthrae‚
830 612 1044 661 Veneris
1071 612 1324 677 periturus
1351 613 1416 661 ob
1441 612 1583 669 iram,

282 691 445 740 Exsul
472 692 535 739 ab
562 690 803 739 adtonitis
829 691 1103 740 excutiaris
1129 691 1291 756 equis.

1537 694 1637 740 580

213 769 431 835 Propter
449 785 574 834 opes
592 784 802 833 magnas
825 776 882 816 ut
906 769 1131 834 perdidit
1149 770 1334 835 hospes
1358 769 1633 825 alumnum,

280 847 473 896 Perdat
496 847 561 895 ob
588 847 800 911 exiguas
826 854 876 896 te
901 855 1019 897 tuus
1044 849 1231 914 hospes
1256 865 1397 913 opes.

214 925 348 974 Utve
364 925 532 975 ferunt
546 924 725 974 fratres
743 942 835 974 sex
855 942 973 974 cum
992 926 1428 976 Damasichthone
1453 941 1631 982 caesos,

281 1003 506 1052 Intereat
530 1011 701 1052 tecum
728 1003 800 1051 sic
827 1020 986 1067 genus
1012 1021 1163 1054 omne
1189 1012 1349 1053 tuum.

211 1082 426 1130 Addidit
450 1089 507 1130 ut
531 1082 718 1131 fidicen
744 1083 941 1131 miseris
967 1100 1062 1132 sua
1084 1083 1262 1133 funera
1287 1083 1435 1140 natis,

1532 1083 1633 1131 585

281 1161 366 1209 Sic
393 1161 484 1209 tibi
511 1160 614 1209 sint
638 1160 756 1209 vitae
781 1162 936 1211 taedia
952 1163 1093 1227 justa
1118 1171 1235 1212 tuae.

213 1239 347 1288 Utve
373 1255 513 1288 soror
538 1239 764 1305 Pelopis,
794 1257 918 1289 saxo
943 1241 1138 1290 dureris
1164 1243 1357 1298 oborto,

281 1317 347 1366 Et
370 1318 521 1366 laesus
544 1318 718 1382 lingua
747 1319 932 1368 Battus
958 1321 1021 1368 ab
1048 1321 1159 1386 ipse
1185 1337 1293 1369 sua.

252 1466 327 1497 575.
344 1464 442 1506 thue
452 1472 570 1504 putrem
583 1466 783 1507 Psamathisj
799 1465 882 1497 Scri-

208 1515 249 1546 be
277 1514 453 1545 Psamathes
476 1525 515 1546 ex
539 1514 667 1546 Photio.
690 1516 733 1546 H.
784 1515 884 1557 thue

205 1572 324 1605 patrem
342 1564 528 1595 Psamathes.
574 1565 625 1596 Ita
643 1564 676 1596 in
695 1564 821 1596 Aldinis
839 1566 884 1596 le-

206 1614 291 1657 gitur
306 1626 313 1652 ;
333 1621 368 1645 ut
381 1614 420 1645 de
432 1614 569 1656 Crotopo
581 1614 770 1646 Psamathes
781 1620 883 1657 patre,

205 1667 296 1707 cujus
312 1666 500 1698 crudelitate
517 1666 614 1697 Linus
634 1665 739 1697 infans
759 1666 883 1709 exposi-

204 1721 266 1753 tus,
283 1722 315 1748 et
330 1727 349 1748 a
364 1715 497 1748 canibus
518 1716 679 1747 laceratus
698 1716 769 1753 fuit,
786 1716 881 1748 intel-

203 1765 333 1808 ligatur.
391 1766 434 1797 Et
468 1765 553 1797 hanc
583 1765 754 1798 lectionem
785 1766 881 1798 etiam

204 1814 401 1859 probabilem
417 1815 494 1847 facit
507 1815 539 1846 id
552 1815 637 1858 quod
654 1816 760 1848 statim
775 1817 880 1859 sequi-

204 1873 256 1899 tur
270 1866 310 1898 de
324 1866 497 1902 Choroebo,
513 1866 552 1897 de
573 1877 637 1909 quo
652 1867 830 1898 Pausanias
850 1867 882 1899 in

203 1916 332 1948 Atticis.
383 1915 446 1948 Vel
485 1916 653 1958 Crotopus,
690 1915 881 1958 Argivorum

203 1977 268 2004 rex,
295 1967 350 1998 ubi
380 1966 508 1998 rescivit
534 1966 632 1998 filiam
663 1967 702 1998 ab
730 1968 880 2010 Apolline

203 2017 359 2055 vitiatam,
370 2024 466 2061 atque
476 2019 685 2061 matremjam
696 2029 776 2056 esse,
790 2020 881 2052 morti

203 2067 303 2100 dedit.
349 2068 540 2110 Indignatus
562 2069 681 2111 Apollo
706 2069 879 2112 Crotopum

202 2118 341 2151 confecit
356 2118 438 2150 telis.
455 2119 503 2150 M.

246 2169 325 2201 577.
351 2168 449 2210 Inque
479 2175 543 2200 tuos
566 2179 600 2199 ea
625 2171 715 2210 pestis
739 2169 821 2211 eat.]
850 2169 878 2201 A

204 2218 364 2250 Choroebo
379 2224 550 2250 monstrum
567 2218 647 2250 filios
659 2225 795 2250 matrum
807 2220 879 2251 sinu

203 2268 353 2305 educens,
370 2274 465 2310 atque
481 2269 636 2300 devorans
652 2269 855 2301 interfectum
870 2282 877 2309 ;

203 2318 335 2356 Statius,
366 2318 423 2350 lib.
454 2319 474 2350 i.
503 2319 694 2356 Thebaidos,
726 2319 780 2351 ubi
818 2320 878 2352 hoc

203 2374 376 2399 monstrum
405 2368 556 2411 graphice
585 2368 743 2411 depingit,
771 2369 879 2401 dicens

205 2418 288 2449 596:
316 2421 337 2435 “
354 2418 430 2449 Sero
454 2428 573 2449 memor
593 2418 738 2455 thalami,
755 2425 878 2451 moestae

206 2467 320 2499 solatia
329 2468 432 2505 morti,
442 2468 578 2505 Phoebe,
591 2478 693 2511 paras,
706 2474 878 2500 monstrum

204 2517 356 2555 infandis,
385 2518 567 2550 Acheronte
597 2519 656 2549 sub
684 2518 785 2555 im0,''
814 2525 878 2551 etc.

206 2567 341 2600 Ovidius
356 2574 462 2600 autem
481 2567 562 2600 illud
584 2574 757 2600 monstrum
770 2576 880 2608 pestem

207 2617 361 2661 adpellat.
375 2618 407 2650 S.

251 2669 327 2700 579.
357 2668 456 2710 thue
473 2679 560 2708 nepos
576 2669 722 2710 AEthrae.]
755 2669 881 2700 Revera

208 2718 430 2761 Hippolytum,
460 2719 500 2749 ob
528 2719 605 2749 iram
635 2718 780 2755 Veneris,
809 2730 880 2761 quae

207 2768 246 2798 ab
282 2779 318 2799 eo
355 2769 627 2804 contemnebatur,
659 2768 881 2811 interemptum

953 1468 1114 1510 comperio
1140 1467 1225 1510 apud
1255 1465 1354 1497 Ovid.
1381 1466 1436 1497 lib.
1460 1477 1490 1497 v.
1513 1465 1631 1497 Fastor.

953 1518 1037 1548 309:
1065 1522 1086 1535 “
1103 1516 1278 1560 Hippolyte
1305 1515 1428 1552 infelix,
1454 1514 1553 1546 velles
1577 1525 1629 1546 co-

952 1566 1047 1599 luisse
1086 1567 1236 1603 Dionem,
1275 1567 1384 1604 Quum
1422 1563 1632 1597 consternatis

953 1616 1131 1659 diripereris
1146 1616 1270 1659 equis.’'
1293 1617 1395 1648 SALv.

996 1668 1071 1699 581.
1100 1667 1143 1698 Ut
1155 1668 1291 1708 perdidit
1306 1665 1437 1708 hospes]
1464 1664 1504 1696 Id
1519 1669 1578 1701 est,
1594 1670 1631 1695 ut

950 1717 1129 1760 Polydorus
1157 1727 1176 1748 a
1202 1716 1452 1759 Polymnestore,
1481 1714 1625 1746 Thraciae

951 1778 1036 1809 rege,
1053 1767 1169 1799 violato
1185 1766 1313 1809 hospitii
1331 1767 1402 1809 jure
1417 1771 1551 1797 necatus
1569 1771 1628 1801 est,

951 1818 1127 1860 cupiditate
1143 1817 1211 1849 auri
1227 1817 1313 1860 quod
1328 1816 1480 1848 habebat.
1519 1815 1563 1847 D.

995 1870 1071 1900 583.
1111 1869 1211 1910 thue
1230 1867 1381 1910 seruum]
1421 1867 1472 1899 De
1499 1875 1629 1898 numero

951 1917 1086 1948 filiorum
1101 1917 1223 1949 Niobes
1238 1917 1371 1949 diversae
1386 1916 1472 1960 apud
1485 1921 1629 1947 auctores

950 1968 1150 2010 reperiuntur
1176 1968 1362 2000 sententiae:
1403 1977 1478 1999 nam
1509 1966 1628 1997 Home-

949 2030 1002 2050 rus
1031 2029 1145 2061 pueros
1183 2018 1370 2061 puellasque
1404 2028 1495 2049 senos
1533 2016 1629 2048 fuisse

949 2068 1070 2105 scribit,
1098 2068 1147 2100 bis
1176 2075 1322 2112 septenos
1347 2067 1529 2110 Euripides,
1557 2065 1629 2109 qui·

949 2119 1023 2151 dam
1040 2119 1094 2151 alii
1107 2119 1275 2162 scriptores
1288 2124 1351 2150 tres
1364 2123 1487 2150 tantum
1501 2117 1629 2155 volunt;

949 2169 1046 2200 Ovid.
1066 2169 1163 2200 etiam
1187 2169 1220 2201 in
1244 2169 1328 2200 Met.
1353 2168 1405 2200 vii.
1429 2168 1478 2199 bis
1503 2173 1625 2210 septem

948 2218 1036 2256 dicit,
1060 2225 1093 2250 et
1116 2219 1249 2250 marium
1273 2218 1362 2261 ponit
1390 2218 1538 2249 nomina:
1570 2216 1625 2259 qui

948 2280 1057 2301 omnes
1081 2270 1199 2311 sagitta
1225 2280 1243 2301 a
1268 2269 1392 2301 Phoebo
1417 2266 1513 2300 occisi
1537 2272 1623 2302 sunt,

948 2325 1073 2362 propter
1087 2320 1196 2352 matris
1210 2319 1341 2351 nimiam
1356 2318 1548 2362 superbiam,
1561 2319 1624 2349 La-

949 2376 1095 2412 tonaeque
1119 2375 1348 2412 contemptum,
1365 2379 1462 2412 quarn
1483 2367 1624 2400 sterilem

948 2419 1164 2462 praedicabat;
1194 2431 1212 2452 e
1235 2420 1352 2462 quibus
1374 2430 1457 2451 unus
1473 2425 1541 2451 erat
1555 2419 1624 2450 Da-

948 2469 1138 2502 masichton.
1479 2497 1487 2504 .

992 2522 1070 2551 585.
1103 2519 1263 2561 Addidit]
1305 2518 1478 2562 Amphion,
1506 2519 1624 2562 conjux

950 2568 1084 2607 Niobes,
1114 2572 1245 2601 mortuis
1279 2569 1363 2607 filiis,
1392 2569 1453 2601 sibi
1490 2575 1625 2602 mortem

950 2619 1115 2657 conscivit,
1131 2620 1236 2652 clarus
1251 2626 1317 2651 arte
1333 2620 1466 2652 musica.
1503 2621 1601 2652 Dom.

994 2671 1071 2702 587.
1097 2670 1350 2712 Soror-Pelopis]
1377 2670 1482 2703 Niobe
1497 2671 1627 2703 Tantali

951 2730 989 2750 ex
1012 2720 1154 2762 Taygete
1184 2720 1259 2757 filia,
1283 2720 1472 2764 Amphionis
1494 2721 1623 2754 Theba-

951 2780 1019 2801 rum
1038 2769 1120 2811 regis
1141 2781 1216 2801 uxor
1237 2770 1316 2802 suit:
1343 2781 1415 2812 quae
1432 2770 1528 2802 nimio
1543 2781 1623 2803 moe—
