1809 3220
235 173 321 215 520
772 167 1120 210 EXCURSUS

233 289 362 336 libris,
393 286 604 340 exemplis
638 284 868 326 admodum
902 283 1077 324 utilibus
1109 282 1344 331 illustratis,
1376 281 1557 323 nominis
1589 280 1655 322 sui

232 358 366 399 decus
402 356 455 395 ad
493 359 686 409 posteros
723 353 993 407 propagavit.
1060 351 1372 405 Heidelbergae
1406 351 1511 391 obiit
1543 364 1654 391 anno

230 424 359 467 1558.
384 423 542 464 relictis
564 422 732 463 duobus
755 421 847 461 filiis
871 421 1052 475 disparis
1074 421 1222 461 sortis:
1251 419 1394 461 Julius
1417 419 1531 460 enim
1555 432 1654 459 cau-

233 492 431 534 cellarius
453 491 535 531 fuit
557 490 782 538 Ludoviei,
801 489 1000 530 electoris
1023 488 1236 535 Palatini;
1269 488 1378 528 alter
1396 502 1497 528 vero
1521 492 1658 528 sartor

232 568 326 602 erat
350 559 753 613 Heidelbergensis.
796 558 907 598 Tum
927 558 1183 598 Franciscus
1207 556 1407 597 Sanctius
1426 555 1658 596 Brocensis

233 630 330 670 huic
353 629 510 670 chartae
532 627 757 682 impalluit,
773 633 817 667 et
838 626 1000 680 aliquid
1023 626 1064 667 in
1088 639 1184 666 eam
1209 640 1293 665 non
1316 625 1436 679 parvi
1453 622 1659 665 momenti

233 698 430 739 contulit.
492 697 790 737 Accesserunt
835 694 1038 749 Gregorii
1076 694 1346 741 Bersmanni,
1384 691 1658 734 Constantini

235 765 461 813 Fanensis,
494 770 540 805 et
568 763 775 804 Herculis
807 763 979 804 Ciofani
1015 762 1311 803 Sulmonensis
1347 760 1530 810 scholia;
1566 774 1659 800 eos-

234 848 319 888 que
360 839 534 874 secutus
576 838 644 872 est
682 831 876 871 Didacus
914 830 1066 871 Mexia
1106 829 1392 884 Hispalensis,
1428 828 1502 883 qui
1543 827 1659 882 apud

236 902 492 943 Mexicanos
531 901 665 942 Indos
707 900 785 941 hoc
827 900 1071 954 poemation
1110 899 1153 939 in
1191 899 1434 953 Hispanam
1469 897 1659 952 linguam

234 970 440 1018 traduxit,
466 975 510 1010 et
531 969 828 1010 annotationes
853 967 1104 1009 vernaculas
1127 967 1301 1021 adjecit,
1327 966 1466 1007 editas
1487 964 1661 1020 Hispali

235 1053 344 1080 anno
365 1038 494 1079 1608.
518 1052 623 1092 quas
648 1037 902 1078 humanitati
930 1036 1139 1076 debemus
1162 1035 1318 1077 Jacobi
1346 1034 1558 1082 Mantelli,
1583 1033 1656 1074 ho-

236 1108 360 1148 minis
382 1107 597 1162 exquisita
618 1106 826 1147 doctrina.
879 1104 1080 1146 Vidimus
1103 1110 1148 1145 et
1170 1119 1266 1158 quae
1288 1103 1317 1145 J
1321 1117 1480 1144 oannes
1504 1101 1660 1157 Grejo-

236 1176 347 1225 nius,
370 1176 562 1230 itemque
585 1175 776 1216 Jacobus
797 1173 1047 1215 Andrevius
1072 1173 1276 1219 Lutetiae,
1296 1186 1450 1227 magno
1473 1171 1658 1225 discipu-

237 1245 372 1286 lorum
395 1244 562 1299 plausu,
588 1244 774 1284 dictasse
797 1243 1019 1290 feruntur3
1053 1241 1118 1282 hic
1140 1255 1251 1281 anno
1273 1239 1404 1281 1584.
1426 1239 1499 1280 ille
1520 1238 1659 1280 1571:

239 1314 315 1354 sed
357 1314 398 1354 in
440 1312 520 1353 illis
558 1326 700 1352 merus
735 1310 967 1358 Domitius,
1002 1316 1215 1364 praeterea
1255 1308 1371 1349 nihil.
1433 1307 1661 1349 Postremo

187 1374 191 1377 ¹
240 1382 440 1423 Valerius
473 1381 674 1422 Andreas
709 1380 949 1427 Desselius,
986 1379 1170 1434 plurima
1201 1379 1387 1419 lectione
1425 1377 1658 1424 exercitus,

239 1466 323 1492 non
345 1451 642 1505 poenitendam
665 1463 839 1503 operam
863 1449 905 1489 in
929 1448 1005 1489 bac
1029 1449 1188 1502 Sparta
1210 1448 1400 1488 ornanda
1421 1446 1661 1494 collocavit,

241 1520 369 1561 editis
409 1533 519 1559 anno
552 1517 682 1559 1618.
719 1517 1005 1570 locupletibus
1041 1517 1164 1557 notis.
1229 1516 1327 1557 Nec
1365 1516 1456 1556 sine
1493 1514 1663 1569 piaculo

239 1595 495 1644 praeteream
531 1586 769 1627 Antonium
808 1584 1001 1626 Urceum
1041 1584 1246 1632 Codrum,
1283 1583 1444 1625 Janum
1480 1582 1663 1624 Parrha-

240 1658 364 1705 sium,
381 1655 601 1711 Angelum
625 1655 901 1703 Politianum,
919 1653 1140 1695 Andream
1163 1653 1395 1700 Alciatum,
1419 1652 1664 1707 Baptistam

243 1726 384 1774 Pium,
420 1724 606 1765 Paulum
639 1723 930 1778 Leopardum,
966 1723 1207 1763 Adrianum
1238 1722 1503 1769 Turnebum,
1538 1720 1664 1762 Jose-

243 1795 374 1850 phum
422 1794 706 1848 Scaligemm,
751 1792 968 1834 Didacum
1010 1791 1334 1840 Covarruviam,
1376 1790 1665 1839 Abstemium,

245 1865 539 1918 Hartungum,
567 1863 777 1917 Lipsium,
803 1862 1029 1903 Schottum
1051 1861 1258 1916 (Jupiter,
1277 1875 1384 1915 quos
1406 1860 1518 1902 viros
1534 1860 1562 1912 Ι)
1591 1860 1667 1915 qui

246 1934 313 1975 vel
342 1934 382 1974 in
408 1931 662 1973 adversariis
685 1937 730 1971 et
753 1931 1046 1972 Miscellaneis
1068 1930 1216 1971 dedita
1239 1944 1383 1984 opera,
1406 1929 1475 1971 vel
1504 1929 1546 1970 in
1574 1929 1667 1970 aliis

245 2002 460 2057 opusculis
494 2001 632 2041 obiter
668 1999 876 2054 quosdam
913 1999 1102 2040 Nasonis
1139 1999 1253 2039 locos
1287 2003 1587 2046 excusserunt,
1621 2004 1668 2038 ut

244 2085 346 2111 vere
382 2071 436 2111 de
466 2069 545 2110 hoc
575 2068 789 2122 poematio
819 2068 904 2108 dici
932 2068 1082 2122 possit,
1110 2067 1192 2108 Cae:
1220 2082 1303 2107 non
1330 2066 1470 2107 dictus
1491 2066 1667 2122 Hylas?

248 2140 506 2194 Suppudeat
529 2145 687 2186 autem,
702 2152 763 2178 me
781 2152 944 2193 quoque
958 2136 1232 2192 principibus
1249 2137 1502 2191 permistum
1517 2149 1667 2192 aquos-

246 2224 336 2250 cere
359 2207 550 2256 Achivis,
573 2207 643 2248 cui
668 2207 702 2247 si
726 2212 906 2260 paterna
926 2220 994 2246 res
1017 2205 1355 2246 administranda
1376 2204 1502 2252 foret,
1528 2203 1668 2244 aetatis

247 2278 373 2319 venia
404 2291 486 2317 non
513 2277 701 2317 daretur.
766 2275 825 2316 Et
846 2289 947 2315 vero
973 2282 1069 2329 post
1094 2280 1159 2316 tot.
1188 2273 1438 2315 eruditionis
1459 2278 1666 2328 spectatae

247 2347 359 2387 viros
390 2346 429 2386 in
468 2346 665 2386 eamdem
703 2344 942 2399 palaestram
980 2344 1261 2392 descendere,
1300 2342 1376 2383 hoc
1414 2355 1565 2383 revera
1601 2346 1668 2382 est

247 2422 344 2470 post
380 2414 588 2456 Roscium
625 2414 667 2454 in
710 2427 840 2454 scena
873 2413 985 2454 velle
1023 2420 1193 2468 gestum
1231 2425 1388 2467 agere;
1438 2410 1529 2459 sed,
1567 2411 1669 2465 quia

243 2485 361 2539 jacta
392 2489 458 2524 est
488 2483 596 2531 alea,
620 2482 890 2522 efficiendum
923 2487 1003 2530 est,
1028 2496 1081 2522 ne
1114 2481 1215 2522 mihi
1241 2480 1340 2533 jure
1373 2492 1529 2519 novum
1561 2492 1668 2533 opus

250 2552 492 2600 nuncietur,
525 2557 600 2592 aut
635 2551 863 2591 interdicto
902 2550 1016 2604 quod
1052 2550 1107 2591 vi.
1144 2556 1219 2590 aut
1255 2548 1363 2588 clam
1396 2561 1565 2588 mecum
1599 2547 1670 2602 agi

250 2622 397 2676 possit.
462 2620 695 2662 Neminem
721 2619 847 2659 laude
879 2633 956 2659 sua
978 2618 1210 2659 fraudabo:
1245 2616 1394 2658 nobilis
1424 2616 1538 2657 enim
1567 2614 1670 2656 mibi

252 2705 421 2745 semper
459 2691 548 2732 visa
587 2698 654 2731 est
694 2689 763 2730 lex
808 2688 877 2729 illa
920 2689 1214 2735 Laurentium,
1255 2698 1322 2728 NE
1370 2696 1548 2727 POMUM
1596 2694 1663 2725 Ex
