1809 3220
258 181 343 223 166

657 181 707 222 Ρ.
742 180 959 223 OVIDII
995 180 1279 225 NASONIS

256 297 492 344 Immolat
517 297 650 344 hunc
678 297 917 345 Briareus
942 297 1076 346 facta
1101 314 1166 346 ex
1186 298 1453 347 adamante
1474 299 1666 359 securi3

322 374 390 422 Et
409 376 515 438 jam
535 376 640 438 jam
666 374 882 423 flammis
909 383 1029 425 exta
1053 377 1263 425 daturus
1290 385 1412 426 erat.

1572 381 1668 426 806

251 452 450 517 Jupiter
475 452 678 501 alitibus
704 469 882 518 rapere
907 455 1150 519 imperat:
1192 456 1376 503 adtulit
1400 455 1471 502 illi

322 530 542 588 Miluus3
583 539 633 578 et
658 532 849 580 meritis
875 533 1016 581 venit
1040 533 1091 580 in
1118 540 1253 581 astra
1278 532 1398 581 suiS.

254 608 384 655 'UNA
412 608 520 656 dies
548 609 715 658 media
740 617 845 667 est;
888 617 940 659 et
963 611 1093 659 fiunt
1118 627 1264 659 sacra
1290 611 1562 669 Minervae3

319 685 641 750 Nominaque
658 703 688 735 a
700 688 892 751 junctis
910 688 1138 753 quinque
1153 689 1333 737 diebus
1349 689 1557 737 habent.
1571 691 1669 736 810

253 764 509 827 Sanguine
536 765 697 828 prima
720 771 894 824 vacat3
927 782 1020 814 nec
1047 766 1121 815 fas
1148 783 1448 815 concurrere
1472 766 1629 814 ferro:

318 842 504 899 Causa,
533 843 669 906 quod
695 851 772 891 est
796 844 882 891 illa
906 851 1025 892 nata
1051 844 1283 893 Minerva
1307 844 1405 892 die.

247 920 423 968 Altera
446 927 651 984 tresque
677 937 829 985 super
854 929 1010 970 strata
1035 923 1357 971 celebrantur
1382 937 1559 971 arena:

318 997 538 1046 Ensibus
565 1000 779 1048 exsertis
805 1001 990 1049 bellica
1013 1001 1130 1049 laeta
1156 1001 1269 1049 Dea
1295 1007 1392 1049 est.

248 1075 460 1124 Pallada
483 1093 617 1124 nunc
644 1078 802 1142 pueri,
831 1086 1122 1142 teneraeque
1149 1086 1323 1126 ornate
1347 1077 1558 1142 puellae:

313 1153 411 1209 Qui
437 1155 565 1203 bene
593 1155 805 1220 placarit
831 1155 1058 1213 Pallada,
1087 1156 1270 1204 doctus
1296 1155 1406 1204 erit.

244 1325 318 1354 (Ιιιιιι
349 1335 444 1361 micro,
470 1335 534 1365 quae
566 1322 754 1366 Phlegethon
783 1324 920 1366 flammis

244 1375 336 1404 ambit
348 1375 543 1405 torrentibus.
567 1373 616 1404 Ibi
628 1373 800 1415 Tisiphone
811 1373 918 1405 sedem

244 1423 351 1455 habet.
398 1424 478 1460 Sors,
492 1423 689 1455 vaticinium.

289 1473 364 1504 805.
387 1473 548 1509 Briareus,
568 1483 649 1504 unus
672 1483 689 1503 e
707 1472 917 1509 Centimanis,

244 1533 338 1565 quem
350 1529 476 1565 propter
486 1522 700 1554 fortitudinem
711 1534 863 1564 generum
877 1523 917 1554 si-

243 1573 275 1603 bi
288 1573 400 1604 sumsit
413 1574 582 1615 Neptunus
596 1585 604 1612 ;
619 1572 788 1608 Hesiodus,
798 1573 918 1615 Theog.

244 1623 322 1654 816.
369 1625 514 1660 Adamas,
541 1623 666 1654 serrum.
724 1623 831 1654 Etiam
862 1625 917 1655 Sa-

243 1678 335 1704 turno
354 1673 451 1704 Terra
478 1672 566 1704 dedit
592 1671 828 1714 ἀδαμαντίνην
858 1674 916 1716 lip-

244 1734 332 1762 πην;
352 1722 575 1764 Apollodorus,
594 1722 622 1753 Ι.
638 1722 659 1752 i.
677 1724 710 1753 3.

286 1772 471 1803 809—850.
496 1771 713 1812 Quinquatrus
739 1778 794 1803 aut
815 1773 913 1808 Quin-

242 1824 376 1863 quatria,
392 1821 505 1853 festum
528 1821 697 1858 Minervae,
715 1821 788 1853 inde
813 1833 832 1853 a
851 1823 915 1855 xiv.

243 1871 382 1903 Kalend.
394 1871 494 1914 April.
510 1870 576 1902 sive
589 1871 620 1902 d.
640 1873 686 1902 18.
700 1871 823 1904 Martii.
837 1872 914 1904 Ovi-

241 1921 313 1952 dius
342 1920 481 1962 exponit.
508 1920 585 1962 quid
615 1920 678 1951 illis
709 1921 821 1953 diebus
848 1922 915 1954 fieri

241 1971 352 2007 soleat,
390 1970 578 2012 quaeritque,
605 1971 792 2003 837—846.
830 1972 915 2004 unde

242 2020 398 2051 Minervae
415 2029 588 2061 cognomen
603 2020 706 2060 Capta>
719 2020 915 2052 sitinditum.

241 2071 344 2100 Varro
367 2075 400 2101 et
423 2070 534 2100 Festus
561 2076 686 2111 putant,
705 2071 916 2112 quinquatrus

242 2131 349 2150 nomen
378 2118 494 2150 habere
523 2119 608 2155 inde,
640 2119 724 2160 quod
757 2121 916 2152 celebrata

241 2170 304 2200 sint
325 2169 392 2200 liaec
408 2168 563 2200 solemnia
579 2176 650 2211 post
666 2169 750 2200 diem
769 2170 915 2211 quintum

239 2217 368 2254 Iduum,
385 2217 592 2260 similiterque
617 2218 703 2260 apud
717 2219 916 2251 Tusculanos

245 2268 399 2305 Triatrus,
416 2268 630 2308 Septimatrzts,
652 2274 684 2300 et
705 2269 790 2311 apud
814 2270 914 2301 Falis-

241 2329 293 2350 cos
312 2319 504 2349 Decimatrus
519 2318 635 2350 dictOS.

285 2369 360 2399 812.
383 2367 447 2398 Illa
466 2367 518 2399 die
535 2375 609 2399 nuta
626 2369 781 2405 Minerva,
801 2376 911 2411 quate-

241 2429 300 2450 nus
329 2418 358 2449 ei
381 2418 538 2459 templum
570 2419 602 2449 in
631 2419 791 2450 Aventino
821 2419 913 2450 dedi-

242 2475 360 2504 catum,
389 2467 475 2509 quod
505 2473 594 2498 notat
618 2468 760 2499 Verrius.
808 2469 914 2500 Etiam

242 2516 473 2550 Kalendarium
505 2517 645 2548 vindob.
677 2517 721 2547 N.
754 2518 913 2551 Minervoe.

242 2568 326 2599 Vide
361 2566 493 2599 Gesenii
529 2567 707 2608 Symbolas,
747 2577 821 2609 pag.
860 2569 913 2600 32.

240 2620 408 2660 Sanguinis
424 2628 477 2659 pro
494 2617 576 2648 ludis
589 2616 798 2658 gladiatoriis.
822 2618 912 2649 Idem

240 2668 344 2699 denuo
359 2667 448 2703 dicit,
464 2677 645 2697 concurrere
657 2667 762 2707 ferro,
779 2667 910 2708 (quibus

242 2716 372 2749 vocibus
409 2727 480 2753 non,
510 2723 544 2747 ut
584 2715 737 2757 Neapolis
765 2717 909 2758 putabat,

239 2766 443 2808 praelusiones
459 2765 607 2807 respexit,
626 2776 696 2807 quae
709 2765 839 2797 rudibus
855 2767 908 2797 fie-

1564 1158 1661 1203 816

989 1323 1096 1361 bant,)
1118 1329 1150 1354 et
1179 1322 1281 1360 tertio,
1311 1332 1401 1363 snper
1423 1328 1523 1353 strata
1543 1333 1662 1357 (ιτ-εγω,-

988 1373 1021 1404 iu
1040 1373 1281 1416 amphitheatris
1302 1373 1386 1404 enim
1410 1372 1511 1403 solum
1531 1377 1663 1402 stratum

989 1429 1056 1454 erat
1080 1434 1195 1460 arma,-
1220 1422 1317 1453 Trist.
1339 1422 1372 1453 ii.
1388 1423 1476 1453 282:
1503 1424 1525 1438 “
1545 1421 1665 1453 Martia

988 1484 1086 1514 quum
1118 1473 1231 1504 durum
1262 1472 1374 1504 sternit
1403 1482 1500 1504 arena
1523 1471 1663 1503 solum.''

988 1522 1141 1565 Neapolis
1169 1533 1206 1554 eo
1244 1523 1350 1559 refert,
1381 1521 1466 1564 quod
1504 1520 1664 1564 principes

988 1572 1118 1614 quidam
1149 1572 1269 1604 circum
1300 1571 1498 1615 chrysocolla
1521 1576 1663 1603 constra-

988 1622 1100 1654 verint.
1147 1622 1192 1653 At
1208 1622 1266 1654 hoc
1287 1621 1385 1654 scrius
1406 1621 1538 1658 facturn,
1556 1621 1594 1652 ab
1610 1620 1661 1652 in-

987 1672 1071 1704 sanis
1100 1678 1223 1704 tanturn
1250 1672 1503 1715 imperatoribus.
1551 1672 1663 1703 Sueto-

988 1722 1058 1753 nius
1073 1722 1178 1764 Calig.
1196 1724 1244 1754 18.
1277 1723 1390 1753 Plures
1405 1722 1500 1753 MSS.
1515 1721 1574 1753 hoc
1591 1721 1660 1752 loco

986 1784 1067 1809 rusa,
1093 1779 1127 1804 ut
1156 1772 1197 1804 sit
1223 1779 1360 1815 aequata.
1405 1772 1457 1803 De
1484 1773 1584 1803 ultera
1608 1771 1660 1802 die

987 1823 1102 1854 Noster
1129 1824 1174 1854 ait
1205 1823 1300 1854 etiam
1324 1822 1420 1854 Trist.
1451 1822 1513 1854 IV.
1537 1833 1570 1853 x.
1599 1822 1658 1853 13:

984 1876 1005 1889 ‘⁴
1025 1873 1103 1904 Haec
1125 1878 1174 1904 est
1189 1872 1342 1904 armiferae
1358 1871 1446 1904 sestis
1461 1872 1500 1903 de
1516 1871 1659 1914 quinque

985 1921 1152 1959 Minervae,
1169 1924 1249 1960 Quae
1266 1922 1332 1953 fieri
1348 1932 1454 1964 pugna
1469 1921 1571 1964 prima
1586 1932 1658 1953 cru-

984 1978 1059 2002 enta
1087 1972 1204 2003 solet.’'
1253 1972 1375 2008 Quarto
1405 1971 1539 2002 variavit
1568 1971 1659 2003 ludo-

985 2031 1053 2051 rum
1069 2021 1229 2052 notionem
1247 2023 1366 2052 ensibus
1381 2022 1515 2057 exsertis,
1529 2020 1658 2052 strictis.

1028 2071 1215 2102 815—834.
1229 2070 1353 2101 Diebus
1369 2070 1432 2100 illis
1446 2069 1575 2112 plurimi
1589 2070 1656 2100 Mi-

986 2130 1114 2151 nervam
1130 2119 1278 2162 precibus
1291 2120 1518 2162 exposcebant,
1533 2126 1569 2150 ut
1582 2130 1658 2161 ope-

985 2180 1066 2206 rum,
1088 2170 1204 2211 quibus
1225 2175 1386 2212 praeesset,
1409 2179 1574 2200 successus
1595 2167 1657 2200 sibi

984 2218 1086 2250 daret,
1120 2218 1172 2249 Sic
1190 2218 1283 2249 multi
1303 2218 1464 2260 eloquium
1484 2223 1517 2249 et
1537 2218 1656 2250 famam

985 2268 1211 2300 Demosthenis
1236 2274 1291 2300 aut
1314 2268 1478 2300 Ciceronis
1500 2268 1560 2300 sibi
1585 2268 1658 2301 totis

985 2318 1241 2361 Quinquatribus
1275 2318 1408 2349 orabant
1424 2330 1433 2357 3
1478 2318 1657 2356 Juvenalis,

984 2368 1050 2399 Sat.
1066 2380 1097 2399 x.
1117 2369 1188 2399 118.
1233 2366 1318 2398 Hinc
1343 2367 1461 2409 pendet
1481 2367 1549 2399 haec
1569 2368 1656 2399 exci—

985 2418 1072 2454 tatio,
1088 2428 1183 2460 quam
1199 2423 1294 2460 poeta
1314 2416 1347 2447 in
1363 2418 1424 2449 fine
1440 2418 1586 2460 exemplo
1599 2429 1657 2450 suo

984 2468 1177 2510 comprobat.
1225 2468 1343 2498 Omza‘te
1380 2478 1493 2509 nempe
1518 2467 1654 2505 coronis,

984 2517 1068 2559 quod
1098 2517 1164 2548 fieri
1187 2517 1309 2548 solebat
1331 2516 1445 2549 diebus
1472 2517 1579 2557 festis;
1601 2518 1654 2549 Ti-

983 2567 1100 2604 bullus,
1116 2567 1163 2597 ΙΙ.
1176 2566 1199 2597 i.
1213 2567 1255 2598 54
1269 2579 1275 2597 ε
1294 2571 1314 2584 ‘¹
1326 2568 1464 2598 Ornatos
1479 2573 1552 2599 ante
1567 2568 1655 2600 Deos

982 2627 1110 2648 carmen
1126 2617 1268 2648 dicere.''
1315 2617 1404 2648 Male
1425 2616 1520 2659 igitur
1535 2616 1568 2648 in
1586 2617 1652 2649 edi·
1707 2611 1711 2615 ”

980 2666 1019 2697 tis
1035 2666 1225 2708 quibusdam
1241 2674 1339 2698 orate.
1389 2668 1516 2705 Doctus,
1532 2667 1652 2710 peritus

979 2717 1081 2758 operis
1097 2717 1129 2748 in
1145 2728 1200 2748 suo
1215 2727 1343 2759 genere.
