1809 3220
178 164 267 206 452
563 160 615 202 P.
650 158 870 202 OVIDII
905 157 1194 200 NASONIS

254 280 443 328 Foedus
471 277 689 325 Lucanis
715 275 1026 341 provolvitur
1053 274 1220 322 Ursus
1246 274 1309 322 ab
1336 273 1512 329 antris,

185 358 324 415 Quid
345 357 440 405 nisi
468 356 670 421 pondus
692 355 844 411 iners,
868 353 1171 416 stolidaeque
1190 351 1379 400 ferocia
1397 349 1617 398 mentis?

185 437 349 486 Actus
376 435 516 499 Aper
543 434 666 482 setis
693 434 818 481 iram
845 432 1113 481 denuntiat
1137 431 1299 488 hirtis,

187 516 257 564 Et
282 514 380 562 ruit
404 512 627 578 oppositi
654 512 822 559 nitens
848 512 896 558 iu
925 511 1134 558 vulnera
1158 509 1304 566 ferri3
1551 509 1617 555 60

189 594 408 642 Pressus
435 599 486 640 et
512 591 698 639 emisso
724 588 935 637 moritur
961 604 1052 653 per
1077 588 1272 635 viscera
1296 587 1416 634 telo.

191 672 369 720 Altera
393 686 510 735 pars
535 669 699 716 fidens
724 666 961 732 pedibus,
990 666 1079 714 dat
1104 673 1248 729 terga
1274 663 1528 728 sequenti,

195 752 267 799 Ut
292 749 461 816 pavidi
490 748 733 813 Lepores,
760 755 818 794 ut
840 746 977 793 fulvo
1006 753 1203 808 tergore
1232 744 1429 800 Damae,

196 829 266 878 Et
291 836 442 894 capto
471 827 668 890 fugiens
698 825 891 873 Cervus
918 824 1026 872 sine
1052 823 1152 870 fine
1178 822 1377 870 timore.

197 909 320 974 Ipsa
345 907 491 971 sequi
518 914 700 955 natura
725 905 891 960 docet,
919 903 997 951 vel
1024 902 1253 950 cominus
1280 900 1352 949 ire
1367 905 1398 948 ³.
1560 900 1625 947 65

266 987 365 1035 Hic
389 1001 665 1050 generosus
692 984 870 1038 honos,
897 989 948 1029 et
973 981 1133 1046 gloria
1152 981 1313 1044 major
1335 978 1624 1043 Equorum;

201 1067 335 1115 Nam
365 1065 574 1130 capiunt
606 1063 787 1111 animis
820 1062 1060 1127 palmam,
1090 1060 1421 1124 gaudentque
1451 1056 1629 1104 trium·
1691 1073 1693 1075 ·

203 1146 306 1194 Seu
329 1152 529 1210 septem
551 1142 728 1208 spatiis
747 1141 899 1189 Circo
919 1156 1151 1188 meruere
1171 1153 1408 1187 coronam
1427 1155 1437 1194 ;
1473 1135 1599 1201 [pho
1617 1152 1627 1183 :

204 1223 389 1272 Nonne
415 1223 574 1279 vides,
602 1221 762 1268 vietor
789 1227 980 1284 quanto
1007 1217 1274 1267 sublimius
1301 1218 1460 1265 altum

206 1372 355 1403 Prodedit
370 1382 424 1413 pro
440 1372 587 1412 prodidit.
634 1370 740 1411 Lego:
767 1374 787 1386 “
801 1368 884 1400 Con·
955 1367 1120 1398 codicibus
1141 1376 1197 1408 pro
1218 1371 1318 1400 cauto,
1340 1370 1427 1404 capto
1448 1361 1544 1394 scribi
1565 1359 1635 1393 ani-

205 1421 369 1463 cussitque
386 1428 480 1457 toros,
492 1427 524 1451 et
540 1419 660 1451 viribus
672 1418 886 1461 adjicitiram,
956 1415 1195 1449 madverterim.
1222 1416 1343 1446 mes.

209 1471 401 1513 Prodigus-'¹
447 1473 492 1503 Τὸ
514 1471 668 1512 P²·od1'gus
691 1480 709 1501 a
732 1470 797 1500 viro
820 1469 885 1500 cla·
1002 1469 1056 1500 65.
1080 1467 1176 1508 ¹¹Ipsa
1191 1466 1300 1508 sequi]
1328 1464 1484 1496 Abundat
1499 1464 1552 1496 hic
1567 1475 1637 1497 ver-

206 1522 342 1557 ,issima
365 1523 452 1554 Jano
476 1521 587 1556 mitio,
604 1521 669 1563 jam
695 1525 886 1561 occupatum
958 1529 1024 1554 sus,
1041 1517 1138 1561 paulo
1155 1523 1228 1547 ante
1244 1526 1301 1546 suo
1316 1516 1385 1547 loco
1400 1515 1532 1557 positus.

208 1571 310 1603 video.
337 1572 457 1603 Πιεικε.
507 1572 576 1613 Ego
601 1571 752 1613 legerem,
784 1569 888 1600 Proci-
1004 1568 1057 1599 66.
1083 1565 1343 1609 Hicgenerosus]
1363 1564 1642 1605 Putolegendum,

206 1625 276 1658 cm,-
303 1622 368 1653 vid.
391 1622 431 1653 ad
454 1621 569 1652 librum
593 1621 635 1651 ix.
652 1621 787 1651 Metam.
803 1621 890 1660 6493
962 1619 1071 1654 Hiuc;
1104 1623 1136 1648 et
1161 1627 1216 1659 pro
1244 1616 1339 1652 Nam,
1364 1614 1510 1657 sequenti
1534 1625 1640 1651 versu,

209 1673 332 1703 addidit
367 1682 441 1702 vero
481 1682 542 1702 non
578 1670 778 1701 mutandum.
838 1670 890 1701 Sic
961 1669 1046 1700 Jam.
1067 1668 1189 1698 Hfflss.

210 1722 266 1753 lib.
304 1721 351 1753 iii.
391 1723 527 1753 Metam.
568 1721 651 1752 306:
703 1725 724 1738 “
742 1719 891 1756 Saevitiae,
1006 1720 1060 1750 68.
1085 1718 1143 1749 Seu
1159 1723 1269 1758 septem
1284 1718 1390 1757 spatiis
1407 1715 1530 1757 Circo]
1557 1716 1643 1748 Hinc

209 1773 410 1815 flammaeque
457 1772 574 1807 minus.
621 1772 726 1802 minus
771 1772 892 1802 addidit
962 1769 1098 1802 emenda
1128 1767 1287 1804 Gratium,
1318 1766 1378 1798 sub
1411 1766 1507 1798 finem
1538 1766 1645 1810 Cyne-

211 1824 306 1854 irae.”
963 1819 1071 1862 getici,
1099 1818 1152 1850 ubi
1177 1817 1371 1860 legendum:
1397 1821 1418 1834 “
1439 1839 1446 1848 .
1463 1839 1470 1848 .
1485 1840 1493 1849 .
1509 1817 1571 1849 Ille
1594 1817 1642 1849 vi-

257 1875 311 1905 58.
338 1873 463 1904 Ferocia
487 1871 621 1913 mentis]
651 1871 752 1902 Menti
770 1870 895 1913 reponit
964 1869 1054 1912 gebit
1070 1869 1185 1909 Septem
1209 1873 1300 1899 actus
1318 1867 1459 1908 spatiis.''
1505 1867 1558 1899 De
1574 1867 1646 1900 Nu-

214 1923 332 1955 Aldus.
359 1923 453 1954 Cxor.
965 1920 1053 1951 mida
1085 1930 1188 1961 equo:
1227 1928 1325 1960 quum
1362 1928 1448 1949 nunc
1478 1917 1648 1955 scribatur,

261 1975 314 2005 59.
339 1974 435 2005 Actus
451 1972 552 2013 apen]
583 1974 677 2002 Actus
701 1978 729 2001 et
750 1981 806 2011 per
822 1973 895 2002 retis
969 1970 1100 2001 Centum
1117 1971 1232 2010 spatiis.
1279 1968 1444 2008 Septimum
1466 1970 1594 2000 orbitam
1614 1975 1649 2002 et

217 2025 314 2055 MSS.
333 2024 370 2055 τὸ
391 2035 482 2065 agere
502 2022 547 2053 ita
568 2021 685 2064 passim
708 2020 797 2063 ponit
812 2021 894 2053 Gra-
965 2023 1121 2061 septimam
1146 2026 1242 2050 rotam
1265 2018 1346 2049 dixit
1365 2018 1560 2061 Propertius,
1576 2029 1648 2062 sep-

217 2073 300 2104 tius:
332 2078 353 2090 ‘¹
373 2073 535 2114 Glympice
566 2079 593 2102 te
623 2073 706 2103 silvis
736 2073 809 2113 egit,
835 2076 897 2101 etc.
967 2077 1030 2102 tem
1060 2069 1145 2101 Circi
1176 2069 1280 2112 spatia
1310 2067 1506 2109 respiciens3
1539 2074 1648 2108 septem

218 2124 408 2164 stimulisque
434 2123 606 2162 potentibus
635 2123 696 2152 acti
728 2120 766 2151 In
787 2120 899 2163 furius
964 2132 1058 2164 gyros
1069 2120 1239 2151 Arnobius.
1264 2118 1387 2151 Graecis
1401 2116 1487 2150 ἐ’πτα
1503 2117 1649 2161 κάμπτω

220 2179 337 2204 vertere
352 2172 474 2204 canes.”
500 2171 599 2202 Vm‘r.
969 2172 1018 2203 vel
1031 2172 1246 2214 κιιμπτῆρεςς
1266 2179 1399 2212 quorum
1412 2169 1561 2212 exemplo
1571 2169 1652 2202 Cas-

267 2223 321 2253 60.
351 2223 392 2253 Ft
416 2224 493 2254 ruit.
520 2221 614 2252 MSS.
640 2233 669 2252 se
692 2222 769 2252 ruit.
797 2220 900 2251 IDEM·
968 2222 1121 2259 siodorus,
1144 2222 1177 2252 in
1199 2219 1411 2262 descriptione
1431 2219 1517 2251 Circi
1540 2227 1652 2261 septem

221 2272 258 2303 Se
274 2274 350 2308 ruit,
363 2272 613 2302 'l'huan.Forte:
641 2273 717 2302 iram
731 2273 803 2302 dum
820 2282 900 2301 ηιιη-
972 2279 1077 2309 metas,
1103 2271 1162 2303 etsi
1192 2281 1303 2313 parum
1329 2269 1465 2312 proprie,
1488 2268 1584 2301 dixit.
1609 2270 1654 2302 H.

223 2325 281 2354 tiat
298 2323 368 2363 (vel
384 2322 535 2360 concitat)
550 2323 650 2357 hirtis,
663 2333 691 2352 se
708 2323 782 2352 ruit.
829 2321 902 2352 Ele·
972 2323 1135 2354 ——Sensus
1157 2321 1254 2356 idern,
1274 2331 1369 2362 quern
1396 2320 1430 2350 in
1456 2319 1655 2362 Cynegetico

223 2378 348 2415 ganter.
380 2373 431 2403 Sic
448 2375 546 2403 omnin
564 2384 665 2408 ruere,
681 2372 905 2408 Germanicus,
976 2373 1024 2404 his
1047 2372 1188 2404 versibus
1218 2370 1379 2402 decoravit
1406 2369 1474 2412 ipse
1500 2370 1654 2404 Gratius:

225 2424 415 2465 Fragmento
431 2423 719 2465 prognosticorum.
975 2428 995 2441 ‘¹
1022 2447 1029 2454 .
1042 2447 1049 2454 .
1063 2447 1070 2454 .
1086 2422 1206 2465 Spatiis
1223 2420 1327 2463 qualis
1340 2420 1493 2463 permissa
1510 2420 1657 2453 Lechaeis

272 2475 325 2505 61.
352 2473 492 2514 Emissa]
524 2474 775 2509 Forte,immissn.
798 2473 903 2503 Hfflx-
973 2472 1172 2504 Thessaiium
1213 2471 1369 2513 quadriga
1410 2469 1520 2506 decuS,
1558 2481 1655 2513 quam

228 2536 312 2556 srus.
976 2522 1077 2565 gloria
1097 2528 1222 2565 patrum
1244 2520 1386 2555 Excitat,
1405 2525 1437 2551 et
1451 2519 1561 2562 primae
1583 2531 1657 2564 spes

273 2575 328 2606 64.
359 2575 397 2605 Et
409 2573 633 2615 cnptojirgiens
648 2584 754 2603 cervus
768 2573 907 2613 siuefine
977 2571 1144 2604 ambitiosa
1167 2570 1323 2602 coronae.'’
1370 2571 1452 2608 Quae
1476 2569 1501 2600 si
1526 2580 1655 2612 compa-

229 2625 362 2666 timore.]
400 2625 515 2667 Capto,
545 2623 577 2654 id
608 2629 655 2654 est
680 2629 846 2664 concepto,
874 2629 907 2653 ut
976 2629 1084 2655 rentur
1104 2622 1186 2653 iuter
1207 2632 1251 2657 se,
1271 2626 1301 2652 et
1323 2619 1489 2662 sequentia
1511 2630 1583 2651 cum
1606 2620 1656 2657 iis,

230 2674 326 2717 paulo
348 2682 441 2716 post;
468 2686 536 2704 nam
561 2676 686 2715 capiunt
708 2675 819 2703 animis
838 2674 903 2712 pal—
977 2684 1048 2716 quae
1068 2672 1107 2704 de
1128 2671 1220 2714 equis
1234 2670 1267 2702 in
1283 2671 1345 2702 fine
1361 2669 1553 2712 Cynegetici
1568 2675 1656 2708 sunt,

230 2737 319 2757 mam.
344 2725 446 2756 Gasx.
494 2723 645 2766 Reposui,
667 2730 758 2755 cauta»
782 2725 905 2753 timore..-
976 2722 1122 2755 eumdem
1139 2721 1267 2764 genium
1288 2731 1325 2752 ac
1345 2726 1506 2752 auctorem
1529 2719 1656 2758 referre,

232 2775 316 2817 quod
343 2775 458 2818 passim
489 2775 520 2806 in
554 2774 774 2807 vetustissimis
798 2773 906 2805 Ovidii
978 2784 1069 2809 nemo
1085 2772 1260 2815 negaverit.
1285 2771 1384 2802 Vnt-r.
