1830 3220
252 213 309 252 58
654 210 703 250 P.
738 208 953 250 OVIDII
990 207 1276 250 NASONIS

258 328 456 375 Graecia
481 326 784 391 principium
811 326 960 373 moris
986 324 1106 374 fuit:
1148 325 1233 372 illa
1259 330 1500 372 nocentes

324 404 491 469 Impia
515 405 757 452 lustratos
783 419 970 468 ponere
996 403 1132 452 facta
1156 409 1318 467 putat.

253 483 530 532 Actoriden
554 482 758 539 Peleus,
787 482 952 546 ipsum
979 498 1186 545 quoque
1214 481 1372 528 Pelea
1397 479 1558 527 Phoci

323 561 478 609 Caede
504 577 593 625 per
619 559 910 607 Haemonias
937 559 1084 607 solvit
1110 558 1329 606 Acastus
1355 573 1533 621 aquas.

1605 560 1671 604 40

257 639 471 687 Vectam
495 638 703 687 frenatis
729 655 819 702 per
843 638 991 686 inane
1017 637 1322 685 draconibus
1348 635 1538 699 AEgeus

326 716 578 764 Credulus
605 716 855 763 immerita
882 715 1107 763 Phasida
1125 715 1257 779 juvit
1282 731 1395 778 ope.

256 794 643 859 Amphiaraides
673 795 974 859 Naupactoo
1000 794 1243 849 Acheloo,

326 873 476 920 Solve
502 873 658 929 nefaS‚
687 873 816 920 dixit
839 890 848 921 :
890 872 1038 920 solvit
1064 880 1116 919 et
1140 872 1225 919 ille
1251 870 1408 919 nefas,

257 951 363 998 Ah!
393 951 602 999 nimium
629 952 819 1009 faciles,
848 951 935 1016 qui
962 950 1126 998 tristia
1150 949 1360 998 crimina
1384 948 1538 996 caedis
1607 950 1672 995 45

326 1028 589 1078 Fluminea
614 1031 719 1078 tolli
746 1046 897 1095 posse
923 1030 1113 1094 putetis
1140 1029 1298 1092 aqua!

258 1106 361 1154 Sed
387 1114 575 1164 tamen,
603 1108 798 1172 antiqui
826 1125 888 1157 ne
914 1109 1115 1156 nescius
1141 1107 1330 1155 ordinis
1357 1122 1509 1162 erres,

323 1185 542 1240 Primus,
571 1194 626 1234 ut
648 1194 741 1244 est,
769 1187 798 1234 J
805 1188 885 1235 ani
911 1187 1100 1236 mensis
1127 1194 1178 1235 et
1203 1194 1318 1235 ante
1345 1185 1464 1233 fuit:

257 1261 357 1317 Qui
384 1263 612 1327 sequitur
635 1263 664 1311 J
671 1281 839 1321 anum,
866 1266 1048 1314 veteris
1074 1265 1169 1312 fuit
1195 1265 1402 1312 ultimus
1426 1263 1572 1311 anni:

322 1339 400 1387 Tu
426 1357 630 1405 quoque
656 1359 928 1400 sacrorum,
956 1343 1210 1399 Termine,
1237 1342 1351 1389 finis
1377 1358 1505 1390 eras.
1608 1344 1673 1389 50

257 1416 460 1465 Primus
486 1419 618 1466 enim
644 1419 759 1467 Jani
786 1422 990 1476 mensis,
1019 1421 1139 1485 quia
1156 1422 1315 1484 janua
1340 1420 1502 1484 prima
1525 1426 1634 1476 est;

326 1494 425 1550 Qui
453 1512 595 1544 sacer
620 1505 699 1545 est
724 1498 836 1545 imis
866 1498 1124 1555 Manibus,
1153 1500 1282 1546 imus
1308 1504 1432 1546 erat.

301 1690 352 1721 41.
377 1690 508 1727 Medea,
534 1690 708 1722 interfectis
729 1692 871 1723 Corinthi
893 1692 929 1723 li-

256 1739 338 1770 beris
354 1739 430 1775 suis,
447 1740 528 1782 sugit
544 1741 699 1778 Athenas,
710 1741 764 1772 ubi
782 1742 821 1773 ab
835 1742 930 1784 AEgeo

255 1789 432 1831 excipitur,
455 1791 590 1821 Metam.
607 1791 659 1822 vii.
680 1793 743 1822 398
759 1803 832 1834 sqq.
880 1793 929 1823 Ibi

257 1836 468 1870 “Titaniacis
489 1840 597 1871 ablata
620 1840 810 1873 draconibus
833 1841 930 1873 intrat

255 1887 419 1919 Palladias
433 1890 560 1920 arces.¹’
597 1891 762 1927 Credulus,
778 1891 931 1923 credebat

256 1937 340 1968 enim
360 1939 489 1970 Medeae
512 1939 688 1981 pollicenti,
706 1941 841 1972 orbitate
856 1952 930 1972 eum

253 1986 480 2026 liberaturam,·
519 1989 720 2026 Plutarchus,
750 1991 846 2022 Thes.
881 1993 931 2023 12.

255 2035 432 2073 Alcmaeon,
459 2039 639 2078 Amphiarai
669 2039 764 2076 filius,
791 2041 831 2071 ob
861 2041 929 2071 Eri—

256 2085 375 2127 phylen
397 2092 531 2118 matrem
556 2088 756 2120 interfectam
781 2090 931 2121 lustratus

255 2141 303 2166 est
319 2135 454 2176 primum
475 2147 491 2168 a
514 2137 652 2180 PhegeO,
674 2139 842 2182 Psophide,
859 2151 929 2182 quae

256 2184 314 2215 fuit
339 2186 413 2216 urbs
438 2186 597 2218 Arcadiae.
644 2188 695 2219 Sic
719 2189 857 2221 nondum
884 2190 930 2221 in-

256 2234 345 2265 sania
374 2235 538 2273 liberatus,
563 2237 698 2279 jubente
728 2240 867 2276 oraculo,
897 2240 929 2271 in

256 2289 371 2315 terram
400 2292 559 2317 recentem
594 2298 626 2318 se
660 2288 805 2325 contulit,
833 2300 929 2331 quam

256 2334 380 2365 Acheloi
397 2335 490 2365 limus
514 2344 682 2375 congestus
702 2338 819 2369 fecerat
837 2351 844 2375 ;
871 2339 927 2370 ibi-

257 2394 318 2425 que
334 2385 374 2415 ab
390 2386 519 2416 Acheloo
535 2394 686 2428 purgatus
699 2395 746 2419 est
760 2400 768 2426 3
782 2389 930 2429 Thucyd.

255 2432 290 2464 ii.
311 2434 383 2464 102.
407 2434 459 2465 ubi
481 2435 595 2466 fluvius
612 2436 666 2468 ille
685 2438 761 2468 satis
777 2438 929 2469 describi-

255 2489 327 2516 tur:
350 2484 538 2521 Pausanias,
558 2486 657 2517 vm.
679 2486 764 2517 xxiv.
786 2499 820 2529 p.
841 2489 927 2527 646,

256 2538 288 2563 et
302 2532 488 2575 Apollodor.
502 2535 567 2566 III.
582 2536 635 2567 vii.
651 2538 684 2567 5.
736 2537 928 2577 Naupactus,

257 2583 331 2614 urbs
347 2583 488 2620 AEtoliae,
506 2595 590 2616 nunc
606 2586 757 2625 Lepanto.
798 2587 928 2624 Faciles,

256 2631 388 2669 creduli,
398 2633 619 2676 superstitiosi.
636 2635 752 2667 Gravis
762 2636 929 2668 sententia.

300 2682 441 2714 47—54.
472 2683 522 2714 De
552 2683 661 2715 ordine
692 2684 785 2727 hujus
814 2685 929 2718 mensis

255 2731 447 2773 temporibus
472 2732 624 2775 antiquis.
672 2734 826 2766 Ultimum
855 2745 927 2766 eum

254 2780 358 2810 locum
393 2782 542 2819 tenuisse,
572 2793 634 2814 non
671 2784 858 2821 secundum,
893 2792 928 2815 ut

999 1691 1161 1723 Plutarch.
1175 1691 1322 1734 putabat,
1338 1690 1432 1722 docet
1446 1690 1542 1723 etiam
1557 1691 1673 1723 Ideler.

998 1753 1029 1784 p.
1069 1742 1145 1773 349.
1193 1742 1235 1772 Et
1259 1748 1342 1778 ante,
1372 1751 1487 1783 nempe
1514 1751 1533 1772 a
1556 1741 1672 1772 Numae

998 1791 1204 1834 temporibus.
1231 1791 1385 1829 Ulti7n11s5
1410 1791 1557 1823 Macrob.
1571 1791 1594 1822 i.
1611 1792 1650 1823 13
1664 1804 1671 1822 :

999 1846 1021 1859 ‘¹
1042 1842 1139 1873 Omni
1155 1841 1388 1873 intercalationi
1401 1841 1517 1872 mensis
1532 1842 1673 1873 Februa-

999 1892 1062 1923 rius
1075 1891 1247 1934 deputatus
1262 1897 1320 1928 est,
1337 1891 1489 1934 quoniam
1503 1892 1530 1922 is
1545 1891 1676 1924 ultimus

1000 1941 1074 1973 anni
1105 1948 1183 1973 erat.
1230 1941 1325 1980 Quod
1354 1941 1458 1984 ipsum
1488 1942 1674 1974 Graecorum

999 2001 1086 2022 more
1111 1992 1281 2023 faciebant.
1327 1992 1413 2023 Nam
1437 1998 1470 2023 et
1492 1991 1540 2022 illi
1561 1992 1674 2024 ultimo

1001 2040 1075 2072 anni
1089 2042 1137 2073 sui
1149 2041 1248 2072 mensi
1259 2041 1434 2084 superfluos
1445 2041 1674 2074 interserebant

999 2090 1102 2123 dies.'’
1150 2091 1290 2123 Romani
1310 2097 1417 2123 autem
1441 2092 1675 2124 intercalabant

1000 2146 1071 2181 post
1089 2140 1271 2172 vicesimum
1293 2141 1421 2173 tertium
1439 2140 1534 2178 diem,
1556 2142 1584 2172 T
1581 2144 1673 2174 ermi-

1000 2191 1122 2221 nalibus
1147 2191 1215 2232 jam
1252 2190 1400 2233 peractis.
1461 2191 1533 2228 Imi,
1569 2191 1673 2223 inseri.

999 2239 1115 2270 Noster
1128 2239 1237 2271 ludere
1248 2241 1342 2271 verbo
1356 2239 1467 2272 voluit.
1491 2240 1575 2272 Vide
1591 2241 1632 2273 ad
1647 2241 1670 2272 i.

999 2289 1059 2319 721
1068 2311 1075 2319 .
1095 2289 1144 2320 De
1157 2288 1217 2320 hac
1224 2289 1486 2320 Decemvirorum
1495 2290 1672 2322 mutatione

998 2338 1093 2369 silent
1105 2338 1159 2369 alii
1167 2338 1334 2381 scriptores
1347 2350 1355 2377 ;
1370 2339 1437 2381 ipse
1450 2340 1566 2372 Noster
1574 2340 1671 2372 dubie

997 2387 1148 2430 loquitur,
1165 2390 1349 2420 creduntur.
1379 2389 1537 2421 Videntur
1552 2397 1671 2428 autem,

998 2443 1033 2468 ut
1054 2437 1129 2474 alia,
1145 2438 1189 2469 ita
1207 2443 1239 2468 et
1254 2437 1416 2470 meliorem
1431 2440 1505 2470 anni
1520 2439 1670 2482 digestio-

998 2496 1069 2518 nem
1084 2487 1123 2518 ab
1139 2486 1390 2519 Atheniensibus
1409 2489 1558 2521 sumsisse
1572 2502 1579 2520 ι
1606 2490 1671 2522 vid.

997 2537 1115 2568 Ideler.
1127 2548 1201 2579 pag.
1212 2538 1287 2569 356.
1313 2538 1512 2571 continuasse
1522 2547 1668 2581 tempora,

997 2586 1153 2623 effecisse,
1173 2593 1207 2618 ut
1229 2587 1260 2618 hi
1276 2588 1340 2620 duo
1360 2599 1496 2626 menses,
1519 2589 1607 2622 nullo
1622 2591 1671 2622 in·

996 2636 1158 2679 terposit0‚
1177 2647 1210 2668 se
1235 2637 1428 2680 exciperent,
1450 2650 1550 2681 quum
1574 2646 1671 2673 antea

996 2687 1145 2718 distarent
1176 2688 1264 2729 longo
1299 2691 1406 2728 spatio,
1444 2689 1556 2721 decem
1594 2690 1670 2732 ipsis

996 2736 1157 2768 mensibus
1182 2736 1375 2780 interjectis:
1401 2738 1474 2770 vide
1498 2738 1669 2771 Petavium

996 2785 1035 2817 de
1052 2786 1148 2818 Doct.
1162 2787 1274 2829 Temp.
1288 2786 1344 2819 lib.
1358 2787 1390 2819 ii.
1406 2798 1478 2831 cap.
1495 2789 1549 2820 74.
