1830 3220
229 196 287 240 68
622 197 673 240 Ρ.
708 195 924 238 OVIDII
957 196 1243 239 NASONIS

235 313 390 361 Saevit
414 314 595 370 adhuc,
622 328 904 376 canamque
929 319 1073 375 rogat
1101 313 1337 361 Saturnia
1356 312 1576 378 Tethyn,

303 390 592 439 Maenaliam
617 390 767 438 tactis
794 406 856 437 ne
882 390 1016 438 lavet
1041 390 1231 438 Arcton
1257 392 1420 455 aquis.

237 468 434 516 IDIBUS
463 467 676 532 agrestis
701 467 900 514 fumant
925 468 1102 515 altaria
1129 467 1306 525 Fauni,

307 545 405 594 Hic
432 548 517 594 ubi
544 547 791 594 discretas
818 545 984 593 insula
1009 547 1197 611 rumpit
1221 563 1398 610 aquas,

238 623 363 671 Haec
389 624 482 671 fuit
506 625 592 672 illa
616 624 742 679 dies,
764 623 813 670 in
841 639 944 686 qua
967 623 1268 672 Veientibus
1295 625 1424 672 arvis

1557 627 1649 672 195

305 701 403 749 Ter
426 709 632 750 centum
660 700 802 748 Fabii
828 707 904 748 ter
929 701 1158 750 cecidere
1183 703 1301 750 duo.

241 777 357 826 Una
382 780 560 827 domus
581 779 711 826 vires
736 785 787 825 et
807 795 933 825 onus
960 788 1255 843 susceperat
1280 781 1446 828 urbis:

310 857 528 904 Sumunt
554 857 767 920 gentiles
794 872 932 904 arma
955 856 1183 920 professa
1208 874 1401 906 manus.

241 932 512 997 Egreditur
536 935 715 983 castris
743 934 887 982 miles
915 951 1190 997 generosus
1217 937 1279 984 ab
1305 936 1496 993 isdem3

310 1011 353 1058 E
380 1015 493 1076 quis
518 1013 623 1059 dux
648 1013 755 1060 fieri
781 1012 994 1075 quilibet
1020 1021 1168 1078 aptus
1194 1022 1317 1062 erat.

290 1188 469 1219 193—242.
488 1189 590 1219 Fauni
614 1200 702 1219 sacra
725 1195 752 1218 et
771 1188 913 1219 Fabiana:

243 1238 339 1269 cladis
374 1240 526 1269 memoria.
584 1238 724 1274 Faunus,
754 1237 844 1269 Latio
883 1245 915 1269 et

244 1286 378 1317 Etruriae
400 1287 558 1329 proprium
583 1298 709 1318 numen.
756 1287 829 1318 Fuit
850 1287 916 1318 Pici

246 1335 342 1373 filius,
371 1343 501 1378 quartus
523 1337 626 1368 Italia:
651 1348 718 1373 rex,
745 1338 784 1368 ob
808 1337 919 1368 merita

246 1385 279 1416 in
305 1396 369 1416 rem
397 1388 545 1417 rusticam
576 1387 657 1417 inter
680 1387 768 1417 Deos
791 1393 920 1429 agrestes

246 1434 375 1472 relatus,
391 1435 486 1466 etiam
505 1442 592 1466 vates
613 1436 744 1477 insignis
771 1435 921 1474 habitus3

250 1484 387 1526 Dionys.
406 1485 512 1516 Halic.
530 1485 551 1516 i.
564 1487 629 1523 243
653 1485 770 1527 lleynii
788 1486 921 1516 Excurs.

250 1544 283 1564 v.
310 1533 350 1564 ad
380 1533 510 1565 AEneid.
534 1534 587 1565 vii.
625 1535 742 1566 Confer
770 1535 852 1566 infra
877 1534 922 1565 iii.

251 1583 312 1616 291
344 1595 415 1626 sqq.
462 1584 566 1615 Etiam
588 1595 626 1615 ex
657 1585 771 1615 Publio
794 1584 922 1615 Victore

251 1638 387 1669 constat,
404 1633 435 1663 in
452 1633 559 1663 Insula
577 1633 696 1676 templa
711 1633 806 1664 fuisse
821 1634 923 1669 Jovis,

253 1681 431 1724 AEsculapii
458 1688 489 1712 et
516 1682 629 1714 Fauni.
688 1683 788 1713 Fauni
822 1683 921 1714 aedem

253 1731 380 1763 AEdiles
417 1742 435 1762 e
467 1732 604 1774 pecunia
637 1732 809 1763 multatitia
839 1732 921 1764 fece—

254 1787 338 1815 runt.
359 1792 461 1823 eaque
483 1792 557 1812 ann.
574 1783 614 1813 U.
631 1782 669 1813 C.
685 1783 759 1813 509.
777 1782 925 1813 dedicata

250 1837 308 1862 est.
333 1832 400 1862 Liv.
417 1830 532 1861 xxxiii.
556 1833 617 1867 42;
642 1831 750 1863 xxxiv.
766 1833 821 1863 58.
870 1831 923 1862 In-

252 1882 350 1912 sulam
380 1880 468 1911 illam
496 1881 593 1912 Ovid.
620 1882 758 1912 Metam.
783 1893 834 1913 xv.
861 1882 924 1913 739

253 1941 324 1972 sqq.
343 1930 505 1961 describit.
536 1931 662 1970 Rumpit
676 1934 830 1968 discretas,
841 1942 924 1962 rum-

254 1980 301 2021 pit
325 1979 382 2014 sic.
408 1985 443 2010 ut
470 1979 709 2019 discernantur,
735 1992 796 2012 uno
820 1982 925 2018 verbo,

253 2029 417 2060 discernit.
454 2030 563 2060 Altera
580 2030 734 2061 Faunalia
747 2031 847 2061 Nonis
860 2031 926 2062 De-

254 2079 376 2110 cembr.
401 2079 588 2119 agebantur,
605 2090 707 2120 eaque
734 2080 845 2111 llorat.
863 2080 928 2111 III.

254 2129 320 2159 Od.
341 2130 392 2159 18.
410 2128 594 2160 celebravit.

303 2179 374 2210 195.
397 2179 448 2209 De
471 2178 529 2209 hoc
547 2179 708 2209 Fabiorum
726 2190 800 2209 cum
823 2180 925 2210 Veien-

256 2229 334 2259 tibus
358 2228 443 2258 bello
469 2228 574 2258 confer
599 2228 734 2269 Dionys.
760 2228 926 2260 Halicarn.

255 2277 297 2309 ix.
317 2279 463 2316 15—22;
480 2278 549 2308 Liv.
560 2278 594 2308 ii.
611 2279 751 2309 48-—50.
782 2278 822 2308 Et
838 2277 927 2309 alios.

257 2327 405 2369 Namque
421 2337 475 2357 an.
493 2327 535 2358 U.
548 2327 587 2357 C.
603 2328 679 2358 275.
695 2337 793 2368 quum
810 2327 927 2358 Veiens

254 2376 375 2407 bellum
399 2376 531 2407 adsiduo
556 2375 667 2417 magis,
692 2387 787 2417 quam
813 2387 928 2418 magno

254 2424 401 2467 praesidio
430 2431 548 2466 egeret,
575 2425 671 2457 Fabia
700 2437 777 2467 gens
805 2426 838 2456 id
861 2426 930 2457 sola

258 2475 408 2517 suscepit.
468 2475 524 2506 Sex
559 2481 592 2506 et
630 2483 775 2507 trecentos
800 2475 928 2512 milites,

257 2535 366 2556 omnes
393 2524 553 2567 patricios,
584 2535 693 2556 omnes
727 2525 820 2556 unius
852 2536 927 2567 gen-

257 2573 307 2610 tis,
328 2573 433 2605 Roma
461 2585 529 2605 esse
555 2574 722 2617 profectos,
759 2585 928 2617 omnesque

257 2623 298 2655 ad
310 2623 492 2655 Cremeram
513 2634 608 2655 caesos
621 2635 640 2655 a
650 2625 836 2656 Veientibus
851 2635 926 2656 con<

257 2679 377 2705 stanter
392 2680 514 2706 veteres
536 2674 677 2706 tradunt.
722 2675 856 2716 Dionys.
873 2675 928 2706 ad-

257 2722 316 2760 dit,
358 2723 415 2754 hos
461 2734 568 2755 secum
612 2724 757 2756 eduxisse
797 2730 931 2766 quatuor

259 2773 421 2804 hominurn
442 2773 553 2810 millia,
570 2784 701 2815 quorum
723 2773 849 2815 plurimi
869 2774 928 2805 cli-

1555 1017 1654 1062 200

983 1198 1073 1223 entes
1109 1198 1141 1223 et
1180 1192 1305 1224 sodales
1347 1193 1475 1224 suerint.
1541 1191 1603 1223 Sed
1626 1191 1660 1222 in

983 1242 1092 1283 primis
1122 1242 1162 1273 de
1193 1242 1308 1274 haere
1339 1242 1491 1284 legendus
1516 1241 1661 1273 Perizon-

985 1286 1017 1316 in
1034 1285 1187 1317 Animad.
1210 1286 1296 1317 Hist.
1315 1297 1384 1328 cap.
1397 1288 1428 1318 5.
1443 1286 1498 1317 ubi
1511 1285 1661 1322 ostendit,

987 1335 1041 1366 illo
1063 1342 1203 1377 tempore
1220 1336 1270 1367 vix
1294 1336 1433 1367 omnium
1446 1335 1587 1377 gentium
1603 1345 1659 1378 pa-

990 1385 1148 1416 triciarum
1174 1391 1218 1416 tot
1236 1386 1315 1417 vii-os
1336 1386 1430 1417 fuisse
1451 1385 1595 1416 militaris
1616 1395 1659 1415 ae-

991 1435 1075 1470 tatis,
1107 1435 1220 1466 nedum
1263 1435 1356 1467 unius
1389 1434 1516 1477 gemis3
1546 1444 1660 1466 consu-

991 1485 1074 1516 lares
1102 1486 1226 1521 Fabios,
1251 1486 1400 1516 Marcum
1424 1491 1456 1516 et
1482 1484 1660 1521 Caesonem,

991 1534 1050 1566 sibi
1071 1536 1218 1567 sumsisse
1238 1536 1296 1566 hoc
1316 1535 1447 1570 bellum,
1463 1542 1495 1566 et
1511 1544 1582 1565 vere
1599 1539 1661 1565 tre-

993 1591 1100 1615 centos
1130 1595 1183 1616 sex
1216 1585 1254 1616 ad
1295 1584 1374 1616 illud
1407 1584 1566 1620 eduxisse,
1598 1594 1662 1615 non

993 1635 1107 1676 plures,
1124 1646 1226 1676 neque
1247 1641 1353 1666 tamen
1374 1634 1430 1665 hos
1455 1644 1564 1665 omnes
1583 1644 1661 1674 gen-

994 1685 1062 1716 tiles
1077 1695 1160 1721 suos,
1173 1685 1228 1715 sed
1243 1685 1412 1715 maximam
1430 1690 1549 1726 partem
1562 1683 1661 1715 clien-

993 1740 1060 1765 tes:
1087 1734 1158 1764 illos
1183 1740 1289 1765 tamen
1312 1744 1422 1765 omnes
1443 1733 1539 1774 vulgo
1561 1732 1664 1764 dictos

993 1795 1060 1815 esse
1083 1784 1206 1820 Fabios,
1223 1784 1298 1825 quia
1321 1783 1410 1814 Fabii
1431 1782 1552 1813 bellum
1572 1781 1606 1812 in
1629 1792 1663 1813 se

994 1834 1196 1876 recepissent.
1235 1833 1416 1865 Secundum
1442 1832 1512 1864 Liv.
1529 1832 1569 1863 vi.
1589 1833 1615 1863 1.
1629 1832 1663 1863 id

994 1895 1056 1914 non
1073 1884 1178 1915 Idibus
1193 1884 1344 1914 Februar.
1362 1883 1492 1918 factum,
1508 1881 1565 1913 sed
1591 1886 1663 1914 ante

994 1933 1078 1964 diem
1106 1945 1159 1964 xv.
1189 1933 1330 1965 Kalend.
1352 1932 1498 1968 Sextiles,
1521 1941 1584 1974 quo
1613 1930 1665 1963 die

994 1983 1090 2014 etiam
1115 1983 1155 2014 ad
1171 1984 1289 2014 Alliam
1311 1982 1397 2014 foede
1418 1987 1592 2024 pugnaturn
1613 1980 1666 2018 sit,

995 2044 1131 2074 eumque
1162 2032 1318 2074 insignem
1348 2033 1392 2062 rei
1422 2031 1501 2062 nulli
1531 2030 1664 2072 agendae

996 2083 1106 2114 secisse
1132 2089 1263 2114 veteres.
1315 2082 1419 2112 Veiens
1443 2091 1498 2122 pro
1521 2079 1666 2111 Veienti-

995 2142 1065 2168 nus,
1080 2137 1114 2162 ut
1133 2132 1282 2168 Laurens,
1299 2129 1520 2162 Laurentinus.

1042 2183 1116 2213 198.
1145 2182 1295 2224 Professa,
1312 2192 1383 2223 quae
1404 2191 1437 2211 se
1458 2179 1667 2222 promiserant

995 2238 1162 2262 sumturaS.

1044 2281 1113 2311 199.
1137 2281 1246 2311 Castra
1268 2278 1402 2310 Lenzius
1423 2277 1513 2308 intel.
1529 2277 1664 2308 Romam

996 2330 1107 2373 ipsam,
1124 2336 1179 2361 aut
1194 2330 1298 2360 locum
1320 2333 1393 2359 ante
1409 2327 1495 2358 aedes
1514 2327 1666 2359 consulis.

997 2380 1099 2410 Immo
1125 2379 1237 2410 eadem
1261 2378 1384 2413 domus,
1409 2375 1530 2407 familia
1554 2376 1665 2408 eadem

996 2429 1086 2461 intel.
1149 2429 1218 2459 Una
1247 2429 1361 2464 domus,
1389 2427 1518 2469 gentiles
1547 2438 1668 2464 manus,

996 2481 1098 2510 eadem
1127 2485 1238 2515 castra,
1269 2478 1415 2509 eamdem
1448 2487 1513 2507 rem
1545 2482 1668 2518 urgent.

997 2530 1102 2561 Etiam
1130 2529 1200 2560 Liv.
1227 2533 1248 2545 “
1263 2538 1395 2570 quorum
1425 2526 1579 2558 neminem
1607 2525 1668 2557 du-

997 2589 1066 2610 cem
1103 2583 1263 2620 sperneret
1299 2575 1443 2618 egregius
1472 2575 1668 2617 quibuslibet

999 2628 1191 2671 temporibus
1222 2626 1382 2659 senatus.'’
1420 2625 1472 2657 Sic
1501 2630 1534 2656 et
1557 2624 1666 2656 Silius.

999 2678 1050 2709 De
1070 2677 1171 2714 Janis,
1192 2678 1261 2709 scil.
1282 2675 1520 2708 transitionibus
1539 2673 1668 2717 perviis,

999 2733 1031 2759 et
1056 2727 1181 2770 templis
1202 2725 1290 2762 Jani,
1310 2725 1334 2757 i.
1353 2725 1430 2757 257.
1465 2724 1570 2757 Etiam
1588 2724 1666 2755 Car-

998 2778 1137 2810 mentalis
1152 2783 1241 2820 porta
1259 2776 1337 2808 duos
1352 2775 1492 2807 habebat
1507 2773 1666 2811 transitus,
