1809 3220
199 193 286 235 490

582 188 633 229 P.
667 184 887 228 OVIDII
920 184 1208 227 NASONIS

204 307 510 369 Sollertique
535 304 654 360 viro,
682 304 862 350 lacerae
890 317 1044 365 quem
1069 300 1229 349 fracta
1255 307 1512 348 tenentem

270 385 506 433 Membra
529 382 648 430 ratis
677 381 907 429 Semeles
934 386 1013 428 est
1039 379 1280 426 miserata
1304 394 1459 426 soror.

1516 381 1618 425 280

200 464 296 511 Vel
321 471 424 519 tua,
452 477 516 508 ne
542 476 703 524 poenae
731 475 890 522 genus
916 458 1011 505 hoc
1038 457 1331 520 cognoverit
1355 472 1503 513 unus,

266 541 477 588 Viscera
501 538 712 586 diversis
739 538 899 584 scissa
923 536 1147 584 ferantur
1171 535 1341 598 equis:

201 619 296 668 Vel
324 635 454 682 quae,
482 616 570 680 qui
596 615 774 664 redimi
804 614 1036 662 Romano
1063 620 1209 676 turpe
1235 612 1447 677 putavit,

269 696 314 743 A
339 696 471 743 duce
497 693 726 741 Puniceo
752 692 977 756 pertulit,
1005 691 1114 755 ipse
1140 690 1288 738 feras.

204 775 313 823 Nec
340 774 431 822 tibi
458 771 687 820 subsidio
715 771 780 818 sit
804 786 1029 834 praesens
1055 785 1261 825 numen,
1290 775 1347 816 ut
1370 769 1458 825 illi,
1520 771 1618 816 285

273 852 371 900 Cui
396 851 519 899 nihil
546 848 746 898 Hercaei
772 847 958 913 profuit
984 863 1069 894 ara
1093 846 1123 894 J
1129 846 1233 894 ovis
1254 864 1263 895 :

204 930 381 993 thue
407 929 549 976 dedit
575 928 733 976 saltus
760 927 824 974 de
851 942 1049 974 summo
1077 925 1353 974 Thessalus
1382 925 1532 983 Ossa,

268 1008 346 1055 Tu
373 1023 578 1071 quoque
606 1022 790 1054 saxoso
816 1005 1135 1069 praecipitere
1157 1005 1310 1067 jugo:

202 1087 308 1134 Aut
327 1086 467 1134 velut
492 1083 720 1148 Euryali,
749 1082 837 1146 qui
864 1088 1121 1147 sceptrum
1147 1082 1286 1146 cepit
1310 1082 1373 1129 ab
1399 1081 1502 1138 illo,

272 1164 386 1212 Sint
411 1169 548 1210 artus
574 1161 733 1210 avidis
760 1161 1011 1223 anguibus
1038 1176 1157 1208 esca
1181 1159 1282 1208 tui:

1521 1162 1622 1207 290

202 1242 298 1290 Vel
323 1249 411 1289 tua
436 1247 671 1296 maturet,
700 1239 833 1287 sicut
859 1238 1055 1286 Minoia
1079 1238 1198 1295 fata,

271 1320 374 1368 Per
399 1325 554 1384 caput
578 1317 756 1366 infusae
780 1317 1001 1366 fervidus
1027 1318 1207 1366 humor
1232 1333 1407 1381 aquae:

201 1431 285 1463 unde
301 1441 400 1473 quum
417 1441 450 1461 se
465 1428 661 1472 praecipitem
677 1427 831 1463 dedisset,
846 1427 877 1458 in

201 1480 362 1512 volucrem
380 1480 419 1511 ab
438 1479 589 1522 Apolline
605 1484 653 1510 est
669 1483 820 1509 mutatuS.

246 1532 324 1562 280.
363 1531 488 1561 Semeles
522 1536 564 1559 est
593 1531 734 1559 miserata
765 1528 874 1568 somna]

202 1580 326 1612 Cadmo
347 1579 531 1610 Thebarum
555 1577 711 1608 conditori
736 1587 775 1608 ex
795 1577 878 1607 Har-

201 1629 318 1665 monia,
342 1628 475 1660 Veneris
501 1632 533 1658 et
560 1628 674 1657 Martis
699 1626 774 1662 filia,
795 1631 877 1656 natae

200 1685 274 1710 sunt
290 1678 414 1721 Agave,
433 1678 592 1712 Autonoe,
609 1676 677 1713 Ino,
694 1682 726 1707 et
741 1675 876 1712 Semele,

201 1735 233 1760 et
248 1729 437 1771 Polydorus.
481 1726 680 1763 Athamanti,
697 1726 784 1757 AEoli
800 1725 876 1762 filio,

200 1779 381 1810 Thebarum
403 1777 481 1819 regi,
498 1777 556 1808 Ino
575 1775 694 1818 nupsit,
710 1787 781 1817 quae
801 1776 875 1806 Cle-

200 1829 331 1860 archum
362 1827 486 1870 genuit,
515 1832 547 1858 et
575 1825 789 1862 Melicertam‚
820 1824 875 1867 qui

200 1878 337 1910 Junonis
350 1878 422 1908 odio
437 1875 524 1907 haud
541 1875 596 1907 diu
611 1875 731 1907 vixere.

245 1929 321 1959 283.
342 1928 393 1958 Vel
414 1938 489 1967 quw,
505 1927 557 1967 qni
580 1925 714 1965 redimi]
743 1923 877 1956 Attilius

202 1978 358 2020 Regulus,
383 1977 438 2019 qui
463 1981 575 2018 captus
597 1975 741 2017 patribus
764 1974 876 2011 suasit,

199 2038 239 2059 ne
260 2027 456 2070 captivorum
473 2025 664 2069 permutatio
680 2025 784 2055 fieret:
808 2035 875 2055 rna-

200 2077 322 2119 luitque
339 2076 378 2107 ad
395 2082 539 2118 paratum
552 2073 742 2117 supplicium
752 2073 875 2109 reverti,

201 2137 298 2168 quam
317 2125 420 2157 vivere
436 2124 558 2156 inutilis
574 2123 652 2155 civis
667 2123 789 2165 patriae.
804 2123 876 2160 Quo

200 2175 356 2218 supplicio
379 2175 420 2206 sit
441 2174 598 2210 adfectus,
617 2184 679 2205 non
703 2173 780 2204 satis
797 2183 873 2203 cou-

200 2225 336 2256 stituunt
350 2225 505 2256 Annales.
531 2225 628 2255 Doar.

245 2276 321 2307 286.
348 2276 408 2305 Cui
426 2275 505 2306 nihil
523 2273 672 2314 Hermi]
703 2273 785 2305 Vide
800 2273 873 2304 Vir-

201 2323 257 2367 gil.
276 2324 406 2356 AEneid.
424 2324 456 2355 ii.
473 2325 537 2355 512
553 2335 624 2365 sqq.

245 2376 323 2406 287.
353 2374 452 2415 thue
480 2375 563 2404 dedic
590 2373 714 2414 saltus]
750 2372 875 2403 Plutar-

201 2423 280 2455 chus
297 2429 448 2455 memorat
464 2422 684 2453 divinatricem
701 2422 874 2464 quandam,

202 2473 413 2515 Aglaonicem
434 2473 572 2509 nomine,
590 2471 759 2514 Egemonis
774 2472 874 2503 Thes-

202 2523 260 2554 sali
278 2523 387 2559 filiam,
404 2533 502 2564 quum
520 2521 550 2552 in
563 2523 645 2553 Ossa
658 2527 762 2552 monte
776 2522 874 2552 Lunae

201 2573 302 2604 coitus
327 2573 522 2607 observaret,
550 2571 581 2602 in
598 2571 720 2613 judicio
746 2570 873 2602 convic-

201 2629 279 2658 tam,
297 2633 316 2653 a
331 2621 539 2657 mulierculis,
559 2621 814 2652 existimantibus
834 2621 874 2651 ab

201 2683 240 2703 ea
265 2674 387 2704 Lunam
415 2672 498 2703 coelo
522 2671 651 2706 deduci,
681 2670 875 2712 gravissimis

203 2722 360 2753 adfectam
386 2721 559 2763 suppliciis,
581 2727 612 2751 et
635 2731 672 2751 ex
694 2721 777 2751 Ossa
795 2731 873 2762 prze—

203 2771 380 2814 cipitatani.
406 2771 486 2802 Des.
537 2770 562 2800 Ε
582 2782 695 2801 summa
721 2769 875 2801 Thessalus

950 1429 1035 1459 Ossa.
1085 1429 1132 1459 De
1154 1438 1267 1458 summo
1294 1432 1430 1469 quatuor
1456 1425 1565 1468 scripti
1591 1434 1623 1458 et

946 1477 1055 1520 primae
1072 1478 1242 1515 editiones3
1261 1477 1306 1508 sic
1323 1477 1460 1508 Metam.
1472 1487 1505 1506 x.
1521 1476 1623 1507 (Eram

946 1527 995 1558 bis
1010 1527 1185 1558 masculino
1200 1536 1315 1567 genere
1329 1526 1422 1561 dixit,
1441 1530 1475 1556 ut
1489 1526 1522 1556 in
1538 1525 1622 1567 opti-

947 1577 1006 1608 mis
1021 1583 1069 1608 est
1084 1575 1261 1614 codicibus,
1272 1582 1304 1607 et
1319 1582 1387 1607 tum
1401 1577 1440 1608 τὸ
1451 1587 1533 1606 mons
1548 1576 1622 1607 sub-

948 1626 1144 1669 intelligitur.
1190 1626 1242 1657 Sic
1261 1627 1375 1667 Othrys
1391 1625 1475 1666 apud
1493 1625 1625 1656 Graecos

948 1676 1090 1707 feminini
1116 1675 1240 1718 generis
1264 1682 1322 1713 est,
1346 1674 1513 1706 masculini
1538 1675 1622 1718 apud

948 1726 1120 1758 Romanos.
1144 1726 1265 1757 Hssms.

989 1778 1065 1808 289.
1090 1778 1156 1807 Aut
1177 1777 1260 1807 velut
1284 1775 1447 1817 Euryali]
1481 1775 1618 1806 Haemon

945 1826 1045 1857 filiurn
1079 1825 1192 1857 habuit
1217 1825 1418 1861 Thessalum,
1443 1824 1618 1856 Thessaliae

944 1886 1063 1917 regem,
1083 1876 1138 1917 qui
1163 1876 1202 1906 ab
1220 1874 1360 1916 Euryalo
1381 1874 1506 1905 advena
1527 1875 1620 1916 (nam

946 1932 1013 1957 erat
1030 1925 1233 1967 Corcyraeus)
1257 1936 1296 1956 ex
1315 1925 1397 1956 Ossa
1415 1930 1521 1956 monte
1537 1935 1619 1966 prae-

945 1975 1096 2018 cipitatus
1109 1981 1169 2007 est.
1206 1975 1254 2006 Ea
1271 1974 1359 2006 caede
1377 1984 1474 2015 quum
1493 1973 1620 2016 purgari

946 2036 1008 2056 non
1028 2032 1135 2067 posset
1152 2024 1321 2067 Euryalus,
1338 2023 1484 2054 deditum
1499 2023 1618 2065 Stygiae

945 2074 1055 2117 paludi
1067 2080 1175 2116 caput,
1186 2073 1353 2105 furialibus
1367 2072 1526 2115 anguibus
1539 2072 1619 2104 dici-

945 2130 995 2155 tur
1010 2125 1207 2166 absumptus.

989 2175 1064 2205 291.
1090 2174 1240 2215 Minoia]
1271 2172 1392 2208 Minos,
1409 2172 1450 2203 ob
1468 2171 1618 2214 injuriam

945 2229 1111 2266 acceptam
1143 2234 1159 2254 a
1190 2223 1339 2258 Daedalo,
1364 2221 1545 2264 labyrintho
1571 2221 1618 2253 fa·

944 2274 1075 2309 bricato,
1092 2283 1165 2304 eum
1186 2273 1288 2304 classe
1309 2276 1494 2314 persecutus
1511 2277 1559 2303 est
1577 2271 1618 2302 ad

945 2323 1100 2355 Cocalum
1117 2333 1221 2364 regern
1232 2322 1360 2358 Siciliae,
1373 2322 1414 2353 ad
1430 2332 1526 2364 quem
1540 2331 1617 2353 con-

945 2374 1080 2415 fugerat,
1096 2373 1269 2414 multisque
1291 2371 1453 2415 praeclaris
1471 2372 1619 2414 operibus

945 2423 1050 2459 editis,
1078 2422 1165 2454 illius
1197 2423 1331 2464 gratiam
1361 2421 1421 2453 sibi
1452 2431 1619 2464 compara-

947 2479 1050 2504 verat:
1085 2483 1183 2515 quum
1222 2472 1357 2514 primum
1392 2471 1500 2502 Minos
1536 2472 1618 2503 clas-

944 2532 1010 2553 sem
1028 2521 1153 2565 adpulit
1171 2521 1204 2552 in
1223 2521 1379 2557 Siciliam,
1398 2519 1618 2563 hostiliterque

945 2581 1055 2613 agrum
1079 2571 1291 2613 popularetur,
1308 2570 1446 2602 Cocalus
1461 2570 1500 2601 ad
1521 2570 1618 2602 collo-

944 2620 1053 2662 quium
1077 2632 1149 2651 eum
1172 2620 1364 2662 provocavit,
1382 2619 1541 2662 proposita
1562 2630 1617 2662 spe

944 2669 1080 2701 dedendi
1098 2669 1240 2701 Daedali.
1278 2669 1415 2701 Tamdiu
1429 2674 1535 2700 autem
1549 2669 1618 2711 jus·

943 2719 984 2750 sit
999 2730 1070 2750 eum
1088 2719 1119 2750 in
1133 2718 1262 2750 thermis
1276 2719 1419 2750 clausum
1435 2723 1617 2760 expectare,

945 2769 1049 2811 quoad
1072 2769 1241 2812 vaporibus
1264 2768 1438 2801 calidarum
1463 2777 1616 2810 aquarum
