1830 3220
251 173 309 215 12
632 170 683 211 P.
719 168 926 211 0V1D11
960 167 1243 210 NASONIS

254 286 511 336 Praesideo
537 285 726 333 foribus
752 285 867 332 coeli
893 300 1009 331 cum
1034 283 1243 332 mitibus
1270 281 1451 332 Horis:

1573 283 1667 330 125

325 365 386 421 It,
414 364 544 412 redit
568 363 730 411 officio
756 362 958 428 Jupiter
982 363 1092 426 ipse
1118 378 1260 410 meo:

254 443 382 490 Inde
407 457 557 489 vocor
581 440 611 487 J
617 457 769 489 anus:
811 440 894 487 cui
916 456 1074 504 quum
1102 439 1314 487 Cereale
1341 438 1578 486 sacerdos

324 519 548 583 Imponit
572 519 748 575 libum,
777 519 1042 583 mixtaque
1067 518 1199 566 farra
1224 518 1313 565 sali
1334 537 1344 574 ;

258 597 478 646 Nomina
502 597 720 645 ridebis:
762 598 912 645 modo
938 613 1159 661 namque
1186 595 1450 644 Patulcius
1475 594 1629 652 idem,

325 675 393 723 Et
418 676 567 724 modo
593 675 822 723 sacrifico
850 675 1055 723 Clusius
1085 691 1169 722 ore
1194 690 1362 722 vocor.

1577 675 1672 720 130

258 752 465 801 Scilicet
488 753 681 801 alterno
706 753 862 801 valuit
888 752 1026 800 rudis
1052 752 1138 800 illa
1160 759 1386 800 vetustas

325 830 544 879 Nomine
568 831 792 879 diversas
819 830 1105 894 significare
1129 829 1284 878 vices.

254 908 345 956 Vis
370 925 484 957 mea
508 920 706 957 narrata
730 917 836 957 est:
877 923 1084 956 causam
1110 924 1243 956 nunc
1269 907 1411 955 disce
1435 905 1624 969 figurae.

321 985 353 1032 J
357 1003 436 1034 am
462 994 633 1036 tamen
658 987 788 1035 hanc
814 987 986 1052 aliqua
1010 995 1065 1035 tu
1091 1003 1297 1051 quoque
1323 993 1466 1051 parte
1490 985 1651 1034 vides.

304 1161 376 1191 125.
403 1161 454 1192 De
470 1161 518 1192 his
536 1161 630 1193 Horis
646 1162 816 1199 Homerus,
832 1162 872 1193 Il.
891 1165 930 1194 Ε.

255 1211 330 1241 749.
346 1211 401 1242 ubi
419 1211 458 1242 de
475 1212 574 1254 portis
599 1213 692 1244 coeli:
717 1214 757 1250 ἃς
774 1213 854 1254 ἕχον
870 1212 927 1245 Ὦ-

253 1272 319 1302 ραι,
338 1263 398 1304 τῇς
413 1261 655 1303 ἐπιτέτραπται
669 1262 773 1305 μέγας
787 1263 930 1305 οὐρανὸς

254 1310 476 1353 οὕλυμπόστε,
498 1310 601 1354 “nutv
626 1312 809 1344 ἀνακλῖναι
834 1325 929 1344 πυκι-

255 1361 318 1391 νὸν
342 1359 448 1402 νέφος,
478 1361 499 1400 ἠ
518 1360 543 1392 δ’
573 1362 745 1399 ἐπιθεῖναι,
773 1368 793 1379 “
812 1362 929 1405 quibus

255 1409 457 1440 commissum
474 1417 520 1441 est
535 1421 685 1453 magnum
702 1412 832 1449 coelum,
847 1418 881 1443 ut
897 1418 929 1444 et

259 1458 404 1500 aperiant
419 1459 550 1491 densam
568 1462 683 1492 nubem
700 1468 731 1493 et
744 1461 929 1495 claudant.''

257 1507 393 1551 Nempe,
409 1510 560 1552 probante
576 1510 713 1552 Heynio,
727 1512 840 1543 effictae
857 1519 931 1543 sunt

257 1569 295 1590 ex
321 1559 395 1590 anni
414 1559 682 1597 conversionibus,
698 1561 801 1603 iisque
826 1561 930 1594 suavi-

258 1615 306 1640 ter
326 1609 536 1640 ministerium
555 1609 595 1641 ad
617 1611 696 1642 fores
715 1612 790 1643 coeli
808 1611 930 1644 datum.

257 1658 319 1689 Pro
333 1659 451 1690 foribus
466 1660 509 1691 ibi
526 1661 626 1692 nubes
641 1661 778 1692 obditur.
821 1663 931 1694 Genus

257 1713 290 1739 et
319 1709 447 1741 nomina
480 1720 589 1741 earum
624 1710 743 1742 habent
772 1711 931 1744 Hesiodus

257 1758 380 1800 Theog.
397 1760 457 1791 901
474 1772 482 1798 3
498 1760 646 1802 Orpheus
664 1760 695 1792 h.
712 1762 764 1792 42.
795 1761 838 1798 It,
852 1765 930 1793 redit

258 1808 411 1840 Heinsius
431 1820 449 1840 e
476 1810 549 1841 MS.
569 1810 724 1842 Vossiano
750 1817 782 1841 et
808 1819 930 1854 septem

257 1857 328 1889 aliis
361 1859 519 1896 assumsit,
557 1871 613 1902 pro
654 1860 694 1891 Ec
722 1863 814 1897 redit,
845 1862 931 1903 quod

258 1907 367 1950 scripti
377 1908 518 1951 plerique
532 1910 714 1952 praeserunt.
737 1911 824 1943 Olim
836 1912 932 1953 vulgo

259 1956 302 1987 Et
315 1959 397 1989 rodit
411 1957 508 1999 officio
519 1959 656 1998 Jupiter,
668 1962 750 2001 itque
762 1972 834 1997 meo,
846 1961 931 2002 quod

257 2005 396 2049 ὕστερον
434 2008 597 2050 πρότερον
634 2020 697 2040 non
735 2010 931 2052 infrequens.

259 2056 411 2088 Heinsius
433 2064 536 2099 putat,
554 2058 706 2090 Ovidium
730 2059 780 2091 hic
805 2071 931 2102 respex-

259 2106 320 2137 isse
339 2106 380 2137 ad
395 2113 522 2149 etymon
538 2108 683 2144 nominis,
701 2120 798 2150 quum
820 2110 932 2142 Cicero

259 2156 378 2188 Janum
394 2156 433 2187 ab
449 2157 553 2188 eundo
571 2158 693 2189 Eanum
710 2159 831 2190 dictum
849 2160 930 2192 exis-

259 2206 362 2237 timet.
407 2206 483 2238 Vid.
511 2207 697 2250 Sagittarius
732 2209 771 2241 de
802 2211 821 2242 J
826 2211 929 2242 anuis.

259 2255 301 2285 Et
316 2254 361 2286 sic
376 2256 553 2297 putandum
573 2263 630 2294 est,
648 2258 673 2289 si
689 2261 760 2290 inde
775 2259 871 2290 refers
889 2260 930 2291 ad

258 2305 357 2336 verba
371 2307 408 2341 it,
423 2307 515 2337 redit.
559 2307 622 2339 Sed
646 2315 750 2350 potest
771 2310 866 2341 etiam
889 2310 930 2342 ad

255 2357 399 2395 praesideo
398 2355 523 2397 foribus
532 2357 639 2388 referri
650 2364 682 2389 et
692 2359 791 2390 multo
803 2360 930 2398 rectius,

259 2403 337 2446 quia
363 2415 426 2435 non
449 2405 552 2437 Janus
580 2408 644 2438 iens
673 2407 848 2444 inducitur,
875 2410 930 2441 sed

258 2453 397 2496 Jupiter.
420 2454 537 2486 Noster
549 2467 601 2486 eos
612 2456 716 2498 potius
732 2465 860 2489 secutus
872 2464 930 2496 est,

261 2504 377 2546 quibus
391 2505 495 2537 Janus
517 2509 655 2547 ajanua
679 2507 784 2539 dictus
799 2508 929 2540 videba-

257 2559 321 2590 tur,
336 2554 531 2597 quiajanuis
546 2563 705 2598 praeesset.
753 2558 826 2594 Cui,
840 2559 932 2601 cujus

257 2603 361 2636 altari.
416 2605 551 2643 Libum5
589 2605 718 2638 Festus:
760 2611 780 2624 “
796 2609 816 2640 J
821 2609 928 2645 anual,

258 2653 315 2685 libi
343 2665 454 2696 genus,
482 2655 568 2698 quod
599 2656 683 2688 Jano
712 2659 931 2690 tantummodo

257 2703 408 2736 libatur.''
447 2705 622 2742 Patulcius,
638 2712 700 2738 etc.
733 2706 839 2738 Etiam
854 2708 928 2739 Ma-

259 2754 344 2785 crob.
392 2759 416 2772 “
428 2755 467 2786 In
483 2755 580 2787 sacris
598 2767 725 2798 quoque
745 2756 927 2789 invocamus

998 1163 1119 1194 Janum
1135 1160 1323 1192 Patulcium
1339 1164 1372 1192 et
1388 1159 1577 1198 Clausium3
1599 1153 1676 1202 quia

997 1211 1083 1243 bello
1095 1211 1196 1242 valvae
1210 1211 1278 1254 ejus
1291 1216 1414 1253 patent,
1427 1220 1507 1253 pace
1519 1209 1675 1241 claudun-

999 1262 1081 1293 tur.”
1106 1263 1246 1297 Alter-no,
1258 1261 1357 1293 altero
1369 1271 1485 1292 munus
1497 1259 1674 1303 aperiendi,

998 1313 1096 1344 altero
1112 1311 1293 1343 claudendi.
1329 1311 1440 1342 Heins.
1455 1310 1610 1346 malebat,
1625 1311 1672 1341 al-

1002 1371 1105 1394 ternas
1131 1365 1260 1399 diverso,
1283 1361 1370 1404 quod
1392 1361 1543 1404 placebat
1565 1361 1674 1392 Taub-

999 1423 1083 1444 nero.
1118 1413 1264 1444 Alterum
1281 1418 1328 1444 est
1342 1411 1542 1454 exquisitius.
1580 1411 1676 1448 Vices,

999 1473 1141 1500 munera,
1158 1473 1229 1505 quae
1246 1473 1301 1506 per
1316 1462 1403 1494 vices
1418 1467 1570 1504 aguntur.

1045 1513 1118 1545 133.
1147 1514 1206 1550 Vis,
1223 1512 1382 1544 officium:
1407 1523 1446 1544 ex
1472 1512 1530 1544 hoc
1553 1517 1587 1544 tu
1604 1512 1674 1555 jam

999 1563 1233 1606 quodammodo
1262 1568 1373 1606 sponte
1406 1573 1536 1594 causam
1565 1562 1674 1604 figurae

999 1624 1077 1645 meae
1116 1623 1300 1655 cognosces.
1357 1613 1511 1653 Populum
1548 1618 1675 1652 spectat,

999 1674 1091 1695 versa
1123 1669 1170 1695 est
1203 1663 1243 1694 ad
1274 1662 1408 1706 plateas.
1453 1662 1610 1694 Junitores
1641 1661 1675 1694 in

999 1713 1087 1745 aditu
1103 1713 1220 1745 aedium
1236 1713 1318 1744 inter
1333 1712 1415 1744 duas
1431 1712 1513 1744 fores
1529 1713 1578 1744 vel
1593 1713 1673 1744 sede-

998 1765 1081 1800 bant,
1104 1764 1153 1796 vel
1177 1763 1317 1799 stabant,
1335 1763 1386 1794 vel
1410 1763 1593 1802 cubabant3
1616 1763 1674 1795 Sa-

997 1813 1142 1855 gittarius
1154 1813 1194 1845 de
1205 1813 1320 1846 Januis
1332 1824 1382 1855 ep.
1398 1813 1448 1844 16.
1472 1813 1678 1845 Burmannus

998 1870 1101 1905 putat,
1118 1862 1298 1894 inferiorem
1323 1862 1436 1894 domus
1459 1868 1596 1905 partem,
1618 1862 1674 1896 ubi

993 1913 1107 1955 janua,
1124 1923 1185 1944 non
1207 1918 1291 1943 recte
1313 1914 1447 1952 primum
1468 1918 1582 1943 tectum
1599 1911 1677 1944 dici.

1001 1963 1142 2005 Conjicit
1167 1962 1263 2004 igitur
1288 1961 1339 1993 hic
1364 1972 1491 2004 quoque
1517 1963 1611 2002 privi,
1636 1968 1673 1994 ut

1001 2012 1114 2044 domus
1153 2013 1283 2055 privatae
1326 2017 1433 2043 custos
1475 2018 1677 2055 comparetur

1000 2063 1019 2094 J
1023 2073 1094 2094 an0.
1124 2063 1227 2094 Immo
1243 2073 1260 2094 e
1276 2072 1420 2093 sermone
1434 2061 1560 2104 poetico
1574 2062 1677 2105 prima

1001 2123 1072 2154 pars
1091 2111 1135 2144 rei
1155 2118 1239 2143 recte
1255 2114 1356 2152 prima
1375 2122 1423 2142 res
1443 2110 1574 2143 dicitur.
1621 2111 1675 2144 Ita

997 2165 1132 2202 primum
1154 2173 1216 2198 ver,
1234 2164 1351 2202 primus
1366 2162 1409 2193 sol
1427 2167 1460 2193 et
1480 2161 1582 2193 multa
1599 2161 1676 2195 alia.

1001 2212 1118 2243 Confer
1135 2211 1176 2243 vi.
1191 2212 1268 2243 302.
1285 2211 1339 2242 ubi
1352 2213 1458 2252 primae
1473 2213 1548 2243 aedes
1562 2221 1673 2243 occur-

999 2269 1083 2293 runt.
1133 2262 1300 2302 Prospicio.
1346 2261 1510 2299 Melior-es,
1543 2267 1674 2293 notante

999 2312 1142 2348 Heinsio,
1152 2313 1297 2351 perspicio
1302 2323 1313 2349 ,-
1326 2311 1382 2342 sed
1392 2314 1552 2352 prospicio,
1563 2311 1596 2342 in
1606 2311 1675 2343 lon·

999 2362 1153 2403 ginquum
1175 2368 1295 2403 specto,
1313 2372 1423 2393 verum
1447 2368 1507 2394 est.
1550 2362 1671 2399 Partes,

999 2409 1096 2451 regio.
1141 2411 1249 2448 Quum
1273 2410 1346 2441 Dea
1368 2413 1478 2448 triceps
1501 2410 1594 2448 adeo,
1618 2417 1675 2443 aut

999 2459 1147 2490 triformis
1172 2459 1341 2491 haberetur
1366 2460 1489 2492 Hecate
1515 2460 1549 2492 in
1573 2461 1675 2492 triviis

999 2508 1098 2546 culta,
1127 2519 1190 2540 non
1223 2509 1306 2540 male
1335 2510 1393 2541 illa
1425 2510 1674 2553 comparationis

999 2568 1097 2589 causa
1124 2564 1172 2590 est
1200 2558 1357 2592 adhibita.
1401 2559 1523 2591 Praeter
1547 2559 1617 2597 has,
1640 2567 1674 2592 et

1000 2607 1071 2638 aliae
1086 2618 1192 2639 causae
1209 2616 1494 2641 commemorantur
1509 2620 1607 2652 quare
1622 2610 1671 2642 bi-

999 2666 1074 2699 ceps
1084 2658 1105 2689 J
1108 2668 1187 2690 anus
1194 2670 1204 2698 ;
1219 2658 1252 2689 in
1262 2659 1372 2701 primis
1382 2659 1463 2697 haec,
1475 2659 1560 2702 quod
1568 2660 1589 2692 J
1592 2670 1674 2692 anus

997 2717 1051 2738 rex
1067 2713 1101 2739 et
1110 2708 1272 2750 praeterita
1285 2708 1423 2747 sciverit,
1435 2714 1468 2741 et
1479 2709 1585 2742 futura
1597 2720 1671 2752 pro-

998 2755 1122 2789 viderit.
