1809 3220
233 176 320 218 238
333 220 336 221 ⁷

615 177 668 218 P.
703 175 911 218 OVIDII
944 174 1226 218 NASONIS

226 291 442 349 Turnus,
468 308 531 339 an
558 291 744 339 AEneas
773 291 927 339 Latiae
953 307 1106 354 gener
1131 297 1269 340 esset
1297 291 1507 348 Amatae,

295 370 498 417 Bellum
510 376 643 417 erat:
676 368 919 417 Etruscas
940 369 1138 416 Turnus
1155 370 1362 434 adoptat
1377 386 1518 434 opes.
1542 374 1639 418 880

227 448 407 495 Clarus
430 454 554 503 erat,
583 447 867 511 sumtisque
893 447 1033 494 ferox
1062 446 1352 494 Mezentius
1379 447 1560 505 armis;

294 525 362 572 Et
384 526 462 573 vel
489 542 620 589 equo
645 542 876 589 magnus,
903 525 979 572 vel
1005 525 1136 588 pede
1163 525 1321 588 major
1345 532 1468 573 erat.

224 602 390 657 Quem
419 603 595 650 Rutuli
622 603 926 666 Turnusque
953 602 1056 649 suis
1083 601 1368 650 adsciscere
1394 609 1592 650 tentant

291 679 553 728 Partibus:
594 681 702 728 haec
729 687 905 728 contra
929 679 1033 726 dux
1059 678 1129 726 ita
1156 679 1355 727 Tuscus
1382 679 1474 727 ait:

1540 683 1636 728 884

225 757 340 805 Stat
364 758 485 804 mihi
512 775 610 805 non
637 774 789 822 parvo
814 757 969 804 virtus
997 772 1132 804 mea:
1173 757 1379 805 vulnera
1402 764 1586 815 testes;

292 834 565 899 Armaque,
594 853 708 900 quae
735 835 895 900 sparsi
922 834 1167 898 sanguine
1193 851 1330 898 saepe
1356 851 1486 882 meo.

221 911 321 967 Qui
346 914 478 977 petis
505 915 764 969 auxilium,
793 930 893 961 non
921 912 1130 976 grandia
1155 912 1324 959 divide
1350 928 1551 960 mecum

290 989 521 1048 Praemia,
550 992 614 1039 de
639 993 851 1039 lacubus
877 992 1107 1055 proxima
1131 998 1298 1038 musta
1321 990 1437 1038 tuis.

265 1159 340 1190 879.
366 1158 447 1189 Cum
479 1159 577 1189 AEnea
604 1158 728 1189 advena
760 1158 892 1189 Latinus

219 1219 273 1240 rex
295 1213 416 1239 mature
434 1214 466 1239 et
486 1219 599 1250 pacem
612 1209 720 1250 junxit
738 1214 770 1238 et
790 1208 891 1239 affini-

219 1263 328 1294 tatem,
355 1257 488 1289 Lavinia
511 1257 576 1288 filia
604 1257 636 1288 in
659 1257 891 1289 matrimonium

219 1307 305 1339 data.
359 1307 493 1343 Turnus,
525 1308 716 1338 Rutulorum
747 1319 812 1344 rex,
841 1308 892 1338 cui

219 1357 343 1391 Amata,
363 1356 466 1387 Latini
488 1357 615 1398 conjux,
637 1357 775 1393 favebat,
798 1367 891 1398 spon-

219 1416 285 1437 sam
316 1405 375 1436 sibi
403 1413 543 1448 ereptam
572 1407 693 1440 dolens,
725 1417 811 1438 arma
844 1407 891 1436 in-

219 1455 300 1486 festa
337 1456 453 1486 Latino
490 1456 607 1492 intulit,
647 1456 813 1498 victusque
851 1456 890 1487 ad

220 1505 415 1542 DIezentium,
452 1506 654 1536 Etruscorum
692 1517 797 1547 regem
837 1512 892 1537 aut

218 1555 434 1587 Lucumonem
465 1556 678 1597 (στρατηγὸν
700 1555 891 1587 Plutarchus

217 1603 326 1642 vocat)
365 1605 516 1647 confugit.
573 1605 662 1636 Caere
702 1605 757 1636 ille
797 1606 890 1646 (olim

217 1653 354 1695 Agylla)
391 1654 605 1696 imperitabat,
646 1654 764 1696 oppido
804 1655 890 1686 haud

217 1703 310 1744 longe
327 1713 345 1734 a
359 1703 465 1734 Tiberi
477 1703 637 1746 opulento,
649 1703 733 1745 quod
750 1703 888 1746 Dionys.

215 1753 382 1784 Halicarn.
411 1753 455 1783 iii.
481 1755 534 1784 58.
566 1752 720 1793 εὐδαίμον
749 1754 804 1784 καὶ
829 1766 889 1785 πο-

213 1801 442 1844 λυάνθρωπον
470 1809 571 1839 vocat,
610 1802 694 1833 unde
723 1803 888 1844 Tarquinii

215 1851 316 1882 Prisci
336 1857 476 1894 tempore
495 1862 629 1893 magnus
651 1852 809 1883 exercitus
833 1863 886 1883 ex-

213 1901 294 1932 ierit.
339 1901 400 1932 Sed
418 1907 449 1932 et
465 1912 549 1932 nunc
572 1913 654 1942 equo,
672 1902 841 1944 equitibus,
857 1909 888 1933 et

211 1951 296 1991 pede,
326 1949 500 1992 peditibus,
539 1951 648 1981 valens
678 1957 766 1989 erat3
805 1953 887 1983 conf.

214 2000 296 2030 Livii
312 2000 333 2031 i.
349 2001 380 2030 2.
396 2000 450 2041 qui
469 2006 501 2031 et
524 2001 591 2042 ipse
612 2000 651 2031 de
675 2001 799 2042 magnis
815 2001 886 2032 Me-

215 2049 309 2080 zentii
338 2049 452 2092 opibus
483 2049 559 2091 agit.
610 2048 724 2090 Virgil.
755 2051 886 2081 AEneid.

212 2099 278 2130 viii.
290 2100 366 2130 478.
390 2099 468 2131 Vid.
485 2105 517 2130 et
529 2100 664 2141 Dionys.
683 2099 848 2131 Halicarn.
865 2101 885 2131 i.

214 2149 256 2179 64
277 2159 336 2191 sq3
367 2148 540 2185 Jusfinum,
564 2149 642 2180 xliii.
664 2149 694 2179 l.
742 2150 885 2189 Adoptat,

214 2198 376 2234 adsciscit,
413 2198 473 2229 sibi
508 2198 664 2241 adjungit,
699 2199 728 2229 vi
762 2199 887 2242 propria

213 2247 300 2279 vocis
315 2255 429 2288 optare,
446 2259 516 2290 quae
532 2248 650 2290 eligere
665 2248 834 2290 significat.

258 2298 333 2329 887.
358 2299 513 2329 Memoria
528 2298 619 2329 exilis
639 2298 682 2329 rei
698 2304 823 2330 servata
839 2306 886 2331 est

213 2347 295 2378 inter
310 2353 442 2384 veteres,
459 2348 514 2378 sed
529 2348 623 2378 varie.
670 2347 805 2384 Plinius,
824 2349 886 2379 xiv.

217 2398 275 2427 14:
311 2398 392 2427 “M.
420 2398 519 2428 Varro
544 2402 652 2428 auctor
675 2403 733 2433 est,
756 2398 883 2429 Mezen-

214 2445 304 2483 tium,
318 2447 449 2477 Etruriae
461 2457 578 2489 regem,
591 2446 744 2478 auxilium
755 2448 887 2478 Rutulis

214 2502 322 2527 contra
347 2496 475 2527 Latinos
497 2497 617 2533 tulisse,
640 2497 704 2527 vini
728 2497 883 2533 mercede,

214 2545 298 2587 quod
327 2551 395 2578 tum
423 2545 455 2576 in
484 2546 599 2577 Latino
637 2556 711 2587 agro
738 2545 884 2577 suisset.''

214 2595 396 2627 Secundum
417 2596 453 2626 L.
478 2595 639 2627 Caesarem
663 2601 695 2626 et
713 2596 753 2627 A.
771 2596 883 2628 Postu-

214 2649 314 2676 mum,
342 2650 420 2681 quos
450 2640 573 2670 Auctor
601 2639 639 2670 de
668 2639 757 2681 Orig.
787 2639 883 2671 Gent.

215 2688 353 2720 Roman.
380 2699 452 2731 cap.
480 2691 519 2719 14
541 2700 610 2731 sqq.
635 2689 755 2723 laudat,
779 2696 809 2720 et
834 2701 881 2720 se-

959 1157 1100 1189 cundum
1123 1157 1323 1198 Dionysium,
1343 1156 1365 1188 i.
1383 1158 1436 1189 65.
1458 1157 1638 1189 Mezentius

961 1207 1090 1237 Latinos
1112 1207 1235 1237 Lavinii
1256 1208 1400 1238 obsessos
1422 1206 1467 1237 ita
1491 1206 1524 1237 in
1546 1206 1635 1238 dedi-

961 1256 1077 1286 tionem
1109 1256 1252 1297 accipere
1280 1256 1388 1291 voluit,
1415 1261 1450 1286 ut
1474 1265 1567 1286 omne
1589 1255 1636 1286 vi-

961 1315 1035 1335 num
1058 1305 1164 1335 Latini
1187 1305 1252 1346 agri
1272 1304 1445 1347 quotannis
1461 1305 1521 1336 sibi
1539 1305 1634 1336 infer-

960 1361 1055 1385 retur.
1101 1354 1146 1384 At
1177 1354 1320 1391 Ascanii,
1353 1355 1407 1396 qui
1444 1354 1526 1397 patri
1564 1365 1636 1386 suc-

961 1408 1112 1439 cesserat,
1145 1403 1344 1440 auctoritate,
1376 1403 1450 1435 vino
1479 1414 1517 1434 ex
1549 1404 1634 1434 omni

960 1453 1121 1484 vindemia
1154 1454 1228 1484 Jovi
1266 1460 1338 1485 voto
1375 1459 1635 1496 consecratoque,

961 1502 1065 1533 Latini
1090 1503 1166 1534 urbe
1193 1509 1377 1545 eruperunt,
1403 1503 1634 1545 interfectoque

961 1551 1073 1587 Lauso,
1091 1552 1287 1583 Mezentium
1305 1553 1466 1594 fugarunt.
1503 1552 1585 1589 Quae
1602 1552 1635 1583 hi

960 1600 999 1631 de
1028 1601 1165 1632 Ascanio
1194 1609 1332 1638 narrant,
1363 1612 1401 1633 ea
1433 1601 1634 1638 Plutarchus,

960 1652 1082 1687 Quaest.
1106 1650 1202 1682 Rom.
1232 1662 1306 1693 pag.
1336 1653 1408 1683 115.
1433 1651 1474 1682 ad
1497 1652 1634 1683 AEneam

957 1699 1062 1730 refert.
1108 1699 1306 1737 Macrobius,
1335 1701 1460 1732 Saturn.
1486 1700 1531 1732 iii.
1558 1702 1592 1732 5.
1618 1711 1635 1732 e

959 1748 1088 1780 Catonis
1101 1749 1212 1791 Origg.
1229 1761 1294 1781 rem
1311 1750 1357 1782 sic
1371 1756 1476 1781 narrat
1491 1762 1498 1780 ε
1524 1754 1547 1767 “
1559 1751 1634 1781 Me-

958 1799 1095 1830 zentium
1126 1800 1258 1831 Rutulis
1294 1800 1475 1843 imperasse,
1507 1805 1541 1830 ut
1574 1799 1634 1830 sibi

957 1849 1115 1886 offerrent,
1141 1860 1221 1891 quas
1246 1850 1319 1882 Diis
1343 1849 1499 1892 primitias
1521 1849 1632 1881 offere-

956 1898 1045 1934 bant,
1072 1904 1104 1929 et
1131 1899 1262 1930 Latinos
1287 1909 1407 1935 omnes,
1436 1898 1548 1930 similis
1573 1898 1632 1929 im-

957 1948 1034 1990 perii
1064 1954 1150 1979 metu
1179 1949 1225 1979 ita
1259 1949 1401 1980 vovisse:
1438 1949 1576 1991 Jupiter,
1606 1948 1632 1980 si

955 1997 1012 2028 tibi
1032 1998 1132 2039 magis
1154 1998 1240 2029 cordi
1263 2003 1323 2035 est,
1340 2009 1396 2028 nos
1415 2008 1454 2029 ea
1475 1998 1532 2029 tibi
1555 1998 1630 2030 dare

955 2047 1069 2088 potius,
1100 2058 1195 2089 quam
1234 2048 1405 2084 Mezentio,
1434 2053 1471 2078 ut
1505 2048 1534 2079 ei
1572 2058 1630 2079 nos

955 2095 1088 2128 victores
1111 2097 1248 2128 facias.”
1295 2097 1378 2128 Hinc
1409 2097 1508 2134 addit,
1537 2097 1629 2128 illum

955 2152 1121 2187 propterea
1137 2157 1155 2177 a
1174 2146 1306 2188 Virgilio
1322 2153 1530 2178 contemtorem
1550 2147 1630 2177 Deo-

955 2205 1100 2226 ramesse
1117 2195 1249 2228 dictum.
1272 2195 1357 2227 Vide
1368 2195 1497 2227 omnino
1512 2194 1629 2237 Heynii

954 2245 1086 2275 Excurs.
1102 2244 1148 2276 iii.
1167 2245 1205 2276 ad
1224 2245 1355 2276 AEneid.
1372 2245 1437 2276 viii.

999 2295 1073 2325 888.
1099 2295 1212 2331 Lacus,
1230 2306 1286 2326 vas
1309 2294 1458 2326 torculari
1483 2294 1627 2337 supposi-

954 2349 1032 2380 tum,
1045 2344 1078 2375 in
1094 2345 1177 2386 quod
1194 2351 1333 2376 mustum
1350 2345 1477 2383 defluit3
1492 2344 1626 2380 Plinius,

954 2394 1013 2424 IX.
1030 2394 1088 2435 Ep.
1105 2405 1157 2424 xx.
1173 2395 1204 2424 2.
1221 2398 1241 2411 ‘¹
1255 2400 1381 2435 gustare
1397 2394 1436 2425 de
1454 2394 1526 2425 lacu
1542 2404 1626 2425 mus-

955 2443 1060 2473 tum.''
1110 2443 1360 2484 Nulla—opere,
1372 2454 1411 2474 ne
1426 2443 1479 2474 diu
1495 2443 1628 2473 fluctue-

954 2492 1003 2528 tis,
1022 2492 1098 2534 quid
1117 2493 1299 2524 faciendum
1323 2493 1376 2524 sit.
1426 2493 1525 2528 Quam
1539 2493 1624 2528 velit,

951 2548 1014 2571 etc.
1033 2549 1253 2583 argumentum
1269 2553 1365 2584 grave
1381 2542 1538 2574 movendi.
1577 2542 1626 2572 Si-

953 2591 1027 2622 mile
1052 2598 1100 2623 est
1129 2591 1208 2623 illud
1236 2594 1314 2624 AEn.
1338 2593 1371 2624 ii.
1397 2594 1477 2623 104:
1515 2596 1537 2610 “
1554 2592 1624 2622 Hoc

952 2641 1083 2672 Ithacus
1112 2641 1196 2678 velit,
1228 2647 1260 2673 et
1297 2653 1412 2683 magno
1445 2646 1624 2673 mercentur

952 2691 1074 2722 Atridae
1088 2691 1120 2721 !''
1146 2691 1196 2722 Cf.
1213 2692 1246 2722 ii.
1266 2694 1339 2724 694.
