<?xml version="1.0" encoding="UTF-8"?>
<!DOCTYPE html PUBLIC "-//W3C//DTD XHTML 1.0 Transitional//EN"
    "http://www.w3.org/TR/xhtml1/DTD/xhtml1-transitional.dtd">
<html xmlns="http://www.w3.org/1999/xhtml" xml:lang="en" lang="en">
 <head>
  <title>
</title>
<meta http-equiv="Content-Type" content="text/html;charset=utf-8" />
  <meta name='ocr-system' content='tesseract 3.04.00' />
  <meta name='ocr-capabilities' content='ocr_page ocr_carea ocr_par ocr_line ocrx_word'/>
</head>
<body>
  <div class='ocr_page' id='page_1' title='image "./povidiinasonisop05oviduoft_0264.png"; bbox 0 0 1809 3220; ppageno 0'>
   <div class='ocr_carea' id='block_1_1' title="bbox 192 164 1215 211">
    <p class='ocr_par' dir='ltr' id='par_1_1' title="bbox 192 164 1215 211">
     <span class='ocr_line' id='line_1_1' title="bbox 192 164 1215 211; baseline -0.005 0"><span class='ocrx_word' id='word_1_1' title='bbox 192 169 280 211; x_wconf 75' lang='lat'>236</span> <span class='ocrx_word' id='word_1_2' title='bbox 589 167 642 208; x_wconf 92' lang='grc' dir='ltr'>Ρ.</span> <span class='ocrx_word' id='word_1_3' title='bbox 677 165 895 208; x_wconf 92' lang='lat' dir='ltr'>OVIDII</span> <span class='ocrx_word' id='word_1_4' title='bbox 930 164 1215 208; x_wconf 89' lang='lat' dir='ltr'><strong>NASONIS</strong></span> 
     </span>
    </p>
   </div>
   <div class='ocr_carea' id='block_1_2' title="bbox 196 280 1615 657">
    <p class='ocr_par' dir='ltr' id='par_1_2' title="bbox 196 280 1525 423">
     <span class='ocr_line' id='line_1_2' title="bbox 196 280 1525 347; baseline -0.004 -15"><span class='ocrx_word' id='word_1_5' title='bbox 196 285 333 333; x_wconf 89' lang='lat' dir='ltr'>Urbs</span> <span class='ocrx_word' id='word_1_6' title='bbox 359 283 531 340; x_wconf 87' lang='lat' dir='ltr'>oritur,</span> <span class='ocrx_word' id='word_1_7' title='bbox 560 283 675 347; x_wconf 90' lang='lat' dir='ltr'>quis</span> <span class='ocrx_word' id='word_1_8' title='bbox 700 289 821 330; x_wconf 86' lang='lat' dir='ltr'>tunc</span> <span class='ocrx_word' id='word_1_9' title='bbox 847 282 941 330; x_wconf 87' lang='lat' dir='ltr'>hoc</span> <span class='ocrx_word' id='word_1_10' title='bbox 969 282 1058 329; x_wconf 91' lang='lat' dir='ltr'>ulli</span> <span class='ocrx_word' id='word_1_11' title='bbox 1083 281 1289 330; x_wconf 85' lang='lat' dir='ltr'>credere</span> <span class='ocrx_word' id='word_1_12' title='bbox 1315 280 1525 344; x_wconf 76' lang='lat' dir='ltr'>posset?</span> 
     </span>
     <span class='ocr_line' id='line_1_3' title="bbox 262 359 1240 423; baseline -0.003 -14"><span class='ocrx_word' id='word_1_13' title='bbox 262 362 519 409; x_wconf 81' lang='lat' dir='ltr'>Victorem</span> <span class='ocrx_word' id='word_1_14' title='bbox 545 360 689 408; x_wconf 83' lang='lat' dir='ltr'>terris</span> <span class='ocrx_word' id='word_1_15' title='bbox 715 359 1013 423; x_wconf 80' lang='lat' dir='ltr'>impositura</span> <span class='ocrx_word' id='word_1_16' title='bbox 1038 360 1240 423; x_wconf 87' lang='lat' dir='ltr'>pedem.</span> 
     </span>
    </p>

    <p class='ocr_par' dir='ltr' id='par_1_3' title="bbox 199 436 1615 580">
     <span class='ocr_line' id='line_1_4' title="bbox 199 436 1610 501; baseline -0.005 -14"><span class='ocrx_word' id='word_1_17' title='bbox 199 439 399 487; x_wconf 86' lang='lat' dir='ltr'>Cuncta</span> <span class='ocrx_word' id='word_1_18' title='bbox 424 454 569 501; x_wconf 82' lang='lat' dir='ltr'>regas</span> <span class='ocrx_word' id='word_1_19' title='bbox 591 455 601 495; x_wconf 89' lang='grc'>;</span> <span class='ocrx_word' id='word_1_20' title='bbox 643 444 695 484; x_wconf 89' lang='lat' dir='ltr'>et</span> <span class='ocrx_word' id='word_1_21' title='bbox 722 438 789 484; x_wconf 89' lang='lat' dir='ltr'>sis</span> <span class='ocrx_word' id='word_1_22' title='bbox 816 453 999 500; x_wconf 83' lang='lat' dir='ltr'>magno</span> <span class='ocrx_word' id='word_1_23' title='bbox 1026 437 1121 483; x_wconf 89' lang='lat' dir='ltr'>sub</span> <span class='ocrx_word' id='word_1_24' title='bbox 1150 436 1353 483; x_wconf 81' lang='lat' dir='ltr'>Caesare</span> <span class='ocrx_word' id='word_1_25' title='bbox 1380 449 1610 499; x_wconf 83' lang='lat' dir='ltr'>semper3</span> 
     </span>
     <span class='ocr_line' id='line_1_5' title="bbox 268 513 1615 580; baseline -0.004 -17"><span class='ocrx_word' id='word_1_26' title='bbox 268 516 418 580; x_wconf 87' lang='lat' dir='ltr'>Saepe</span> <span class='ocrx_word' id='word_1_27' title='bbox 444 516 598 563; x_wconf 85' lang='lat' dir='ltr'>etiam</span> <span class='ocrx_word' id='word_1_28' title='bbox 624 515 794 578; x_wconf 86' lang='lat' dir='ltr'>plures</span> <span class='ocrx_word' id='word_1_29' title='bbox 820 514 1037 561; x_wconf 87' lang='lat' dir='ltr'>nominis</span> <span class='ocrx_word' id='word_1_30' title='bbox 1063 514 1214 577; x_wconf 91' lang='lat' dir='ltr'>hujus</span> <span class='ocrx_word' id='word_1_31' title='bbox 1241 513 1402 560; x_wconf 85' lang='lat' dir='ltr'>habe:</span> <span class='ocrx_word' id='word_1_32' title='bbox 1517 513 1615 558; x_wconf 82' lang='lat'>860</span> 
     </span>
    </p>

    <p class='ocr_par' dir='ltr' id='par_1_4' title="bbox 198 590 1444 657">
     <span class='ocr_line' id='line_1_6' title="bbox 198 590 1444 657; baseline -0.005 -15"><span class='ocrx_word' id='word_1_33' title='bbox 198 593 267 641; x_wconf 91' lang='lat' dir='ltr'>Et</span> <span class='ocrx_word' id='word_1_34' title='bbox 291 594 491 657; x_wconf 88' lang='lat' dir='ltr'>quoties</span> <span class='ocrx_word' id='word_1_35' title='bbox 519 593 719 641; x_wconf 84' lang='lat' dir='ltr'>steteris</span> <span class='ocrx_word' id='word_1_36' title='bbox 745 592 936 639; x_wconf 90' lang='lat' dir='ltr'>domito</span> <span class='ocrx_word' id='word_1_37' title='bbox 963 591 1192 638; x_wconf 88' lang='lat' dir='ltr'>sublimis</span> <span class='ocrx_word' id='word_1_38' title='bbox 1218 591 1269 637; x_wconf 91' lang='lat' dir='ltr'>in</span> <span class='ocrx_word' id='word_1_39' title='bbox 1295 590 1444 646; x_wconf 87' lang='lat' dir='ltr'>orbe;</span> 
     </span>
    </p>
   </div>
   <div class='ocr_carea' id='block_1_3' title="bbox 199 668 1477 888">
    <p class='ocr_par' dir='ltr' id='par_1_5' title="bbox 199 668 1477 888">
     <span class='ocr_line' id='line_1_7' title="bbox 269 668 1228 718; baseline -0.003 0"><span class='ocrx_word' id='word_1_40' title='bbox 269 670 456 718; x_wconf 85' lang='lat' dir='ltr'>Omnia</span> <span class='ocrx_word' id='word_1_41' title='bbox 481 671 581 718; x_wconf 88' lang='lat' dir='ltr'>sint</span> <span class='ocrx_word' id='word_1_42' title='bbox 605 670 826 718; x_wconf 89' lang='lat' dir='ltr'>humeris</span> <span class='ocrx_word' id='word_1_43' title='bbox 853 668 1087 716; x_wconf 86' lang='lat' dir='ltr'>inferiora</span> <span class='ocrx_word' id='word_1_44' title='bbox 1112 668 1228 715; x_wconf 86' lang='lat' dir='ltr'>tuis.</span> 
     </span>
     <span class='ocr_line' id='line_1_8' title="bbox 199 746 1400 796; baseline -0.002 -2"><span class='ocrx_word' id='word_1_45' title='bbox 199 747 385 795; x_wconf 76' lang='lat' dir='ltr'>D10TA</span> <span class='ocrx_word' id='word_1_46' title='bbox 415 748 566 796; x_wconf 84' lang='lat' dir='ltr'>Pales</span> <span class='ocrx_word' id='word_1_47' title='bbox 593 748 739 796; x_wconf 91' lang='lat' dir='ltr'>nobis</span> <span class='ocrx_word' id='word_1_48' title='bbox 762 765 771 795; x_wconf 93' lang='lat'><strong>:</strong></span> <span class='ocrx_word' id='word_1_49' title='bbox 813 747 949 794; x_wconf 89' lang='lat' dir='ltr'>idem</span> <span class='ocrx_word' id='word_1_50' title='bbox 975 746 1176 793; x_wconf 79' lang='lat' dir='ltr'>Vinalia</span> <span class='ocrx_word' id='word_1_51' title='bbox 1200 746 1367 793; x_wconf 87' lang='lat' dir='ltr'>dicam</span> <span class='ocrx_word' id='word_1_52' title='bbox 1390 762 1400 792; x_wconf 90' lang='lat'><strong>:</strong></span> 
     </span>
     <span class='ocr_line' id='line_1_9' title="bbox 267 823 1477 888; baseline -0.003 -15"><span class='ocrx_word' id='word_1_53' title='bbox 267 826 385 873; x_wconf 87' lang='lat' dir='ltr'>Una</span> <span class='ocrx_word' id='word_1_54' title='bbox 408 833 579 875; x_wconf 82' lang='lat' dir='ltr'>tamen</span> <span class='ocrx_word' id='word_1_55' title='bbox 606 827 774 875; x_wconf 83' lang='lat' dir='ltr'>media</span> <span class='ocrx_word' id='word_1_56' title='bbox 799 833 878 873; x_wconf 91' lang='lat' dir='ltr'>est</span> <span class='ocrx_word' id='word_1_57' title='bbox 901 826 1030 873; x_wconf 89' lang='lat' dir='ltr'>inter</span> <span class='ocrx_word' id='word_1_58' title='bbox 1055 831 1323 888; x_wconf 86' lang='lat' dir='ltr'>utramque</span> <span class='ocrx_word' id='word_1_59' title='bbox 1350 823 1477 871; x_wconf 89' lang='lat' dir='ltr'>dies.</span> 
     </span>
    </p>
   </div>
   <div class='ocr_carea' id='block_1_4' title="bbox 198 901 1432 967">
    <p class='ocr_par' dir='ltr' id='par_1_6' title="bbox 198 901 1432 967">
     <span class='ocr_line' id='line_1_10' title="bbox 198 901 1432 967; baseline -0.002 -17"><span class='ocrx_word' id='word_1_60' title='bbox 198 903 423 951; x_wconf 80' lang='lat' dir='ltr'>Numina</span> <span class='ocrx_word' id='word_1_61' title='bbox 448 905 677 967; x_wconf 78' lang='lat' dir='ltr'>vulgares</span> <span class='ocrx_word' id='word_1_62' title='bbox 704 903 916 952; x_wconf 86' lang='lat' dir='ltr'>Veneris</span> <span class='ocrx_word' id='word_1_63' title='bbox 942 903 1196 950; x_wconf 83' lang='lat' dir='ltr'>celebrate</span> <span class='ocrx_word' id='word_1_64' title='bbox 1222 901 1432 965; x_wconf 88' lang='lat' dir='ltr'>puellae:</span> 
     </span>
    </p>
   </div>
   <div class='ocr_carea' id='block_1_5' title="bbox 1517 902 1614 948">
    <p class='ocr_par' dir='ltr' id='par_1_7' title="bbox 1517 902 1614 948">
     <span class='ocr_line' id='line_1_11' title="bbox 1517 902 1614 948; baseline -0.01 0"><span class='ocrx_word' id='word_1_65' title='bbox 1517 902 1614 948; x_wconf 81' lang='lat'>865</span> 
     </span>
    </p>
   </div>
   <div class='ocr_carea' id='block_1_6' title="bbox 266 979 1467 1046">
    <p class='ocr_par' dir='ltr' id='par_1_8' title="bbox 266 979 1467 1046">
     <span class='ocr_line' id='line_1_12' title="bbox 266 979 1467 1046; baseline -0.002 -18"><span class='ocrx_word' id='word_1_66' title='bbox 266 981 434 1029; x_wconf 86' lang='lat' dir='ltr'>Multa</span> <span class='ocrx_word' id='word_1_67' title='bbox 459 982 795 1046; x_wconf 87' lang='lat' dir='ltr'>professarum</span> <span class='ocrx_word' id='word_1_68' title='bbox 822 981 1105 1044; x_wconf 77' lang='lat' dir='ltr'>quaestibus</span> <span class='ocrx_word' id='word_1_69' title='bbox 1132 987 1252 1043; x_wconf 84' lang='lat' dir='ltr'>apta</span> <span class='ocrx_word' id='word_1_70' title='bbox 1275 979 1467 1027; x_wconf 91' lang='lat' dir='ltr'>Venus.</span> 
     </span>
    </p>
   </div>
   <div class='ocr_carea' id='block_1_7' title="bbox 194 1097 875 2721">
    <p class='ocr_par' dir='ltr' id='par_1_9' title="bbox 194 1097 875 1772">
     <span class='ocr_line' id='line_1_13' title="bbox 240 1097 872 1138; baseline -0.005 -9"><span class='ocrx_word' id='word_1_71' title='bbox 240 1099 314 1129; x_wconf 83' lang='lat'>857.</span> <span class='ocrx_word' id='word_1_72' title='bbox 338 1098 455 1129; x_wconf 83' lang='lat' dir='ltr'>Confer</span> <span class='ocrx_word' id='word_1_73' title='bbox 471 1098 567 1129; x_wconf 85' lang='lat' dir='ltr'>i.5l5</span> <span class='ocrx_word' id='word_1_74' title='bbox 583 1108 652 1138; x_wconf 85' lang='lat' dir='ltr'>sqq.</span> <span class='ocrx_word' id='word_1_75' title='bbox 681 1097 872 1127; x_wconf 72' lang='lat' dir='ltr'>Victorem—</span> 
     </span>
     <span class='ocr_line' id='line_1_14' title="bbox 194 1147 874 1189; baseline -0.003 -11"><span class='ocrx_word' id='word_1_76' title='bbox 194 1151 308 1188; x_wconf 77' lang='lat' dir='ltr'>pedem,</span> <span class='ocrx_word' id='word_1_77' title='bbox 339 1148 390 1178; x_wconf 91' lang='lat' dir='ltr'>cui</span> <span class='ocrx_word' id='word_1_78' title='bbox 421 1154 511 1179; x_wconf 83' lang='lat' dir='ltr'>terrae</span> <span class='ocrx_word' id='word_1_79' title='bbox 540 1147 692 1189; x_wconf 79' lang='lat' dir='ltr'>subjectae</span> <span class='ocrx_word' id='word_1_80' title='bbox 720 1153 812 1177; x_wconf 89' lang='lat' dir='ltr'>erunt</span> <span class='ocrx_word' id='word_1_81' title='bbox 842 1152 874 1176; x_wconf 91' lang='lat' dir='ltr'>et</span> 
     </span>
     <span class='ocr_line' id='line_1_15' title="bbox 194 1196 872 1240; baseline -0.003 -12"><span class='ocrx_word' id='word_1_82' title='bbox 194 1198 364 1240; x_wconf 81' lang='lat' dir='ltr'>parebunt.</span> <span class='ocrx_word' id='word_1_83' title='bbox 412 1197 523 1228; x_wconf 85' lang='lat' dir='ltr'>Sumta</span> <span class='ocrx_word' id='word_1_84' title='bbox 546 1196 680 1227; x_wconf 85' lang='lat' dir='ltr'>formula</span> <span class='ocrx_word' id='word_1_85' title='bbox 701 1207 718 1227; x_wconf 88' lang='lat' dir='ltr'>a</span> <span class='ocrx_word' id='word_1_86' title='bbox 740 1206 872 1227; x_wconf 87' lang='lat' dir='ltr'>consue-</span> 
     </span>
     <span class='ocr_line' id='line_1_16' title="bbox 195 1245 871 1287; baseline -0.003 -10"><span class='ocrx_word' id='word_1_87' title='bbox 195 1246 305 1277; x_wconf 84' lang='lat' dir='ltr'>tudine</span> <span class='ocrx_word' id='word_1_88' title='bbox 323 1245 555 1287; x_wconf 88' lang='lat' dir='ltr'>antiquissima,</span> <span class='ocrx_word' id='word_1_89' title='bbox 575 1256 639 1287; x_wconf 87' lang='lat' dir='ltr'>qua</span> <span class='ocrx_word' id='word_1_90' title='bbox 658 1245 792 1276; x_wconf 86' lang='lat' dir='ltr'>victores</span> <span class='ocrx_word' id='word_1_91' title='bbox 807 1246 871 1275; x_wconf 81' lang='lat' dir='ltr'>vic·</span> 
     </span>
     <span class='ocr_line' id='line_1_17' title="bbox 196 1294 872 1337; baseline -0.003 -11"><span class='ocrx_word' id='word_1_92' title='bbox 196 1295 235 1326; x_wconf 83' lang='lat' dir='ltr'>tis</span> <span class='ocrx_word' id='word_1_93' title='bbox 262 1295 377 1337; x_wconf 83' lang='lat' dir='ltr'>pedem</span> <span class='ocrx_word' id='word_1_94' title='bbox 404 1295 566 1337; x_wconf 87' lang='lat' dir='ltr'>imponere</span> <span class='ocrx_word' id='word_1_95' title='bbox 596 1294 750 1330; x_wconf 87' lang='lat' dir='ltr'>solebant,</span> <span class='ocrx_word' id='word_1_96' title='bbox 775 1304 872 1336; x_wconf 80' lang='lat' dir='ltr'>quam</span> 
     </span>
     <span class='ocr_line' id='line_1_18' title="bbox 197 1344 873 1376; baseline -0.003 0"><span class='ocrx_word' id='word_1_97' title='bbox 197 1345 293 1376; x_wconf 88' lang='lat' dir='ltr'>etiarn</span> <span class='ocrx_word' id='word_1_98' title='bbox 313 1345 439 1375; x_wconf 91' lang='lat' dir='ltr'>Turnus</span> <span class='ocrx_word' id='word_1_99' title='bbox 465 1345 496 1375; x_wconf 91' lang='lat' dir='ltr'>in</span> <span class='ocrx_word' id='word_1_100' title='bbox 522 1344 703 1375; x_wconf 86' lang='lat' dir='ltr'>exanimum</span> <span class='ocrx_word' id='word_1_101' title='bbox 723 1344 873 1375; x_wconf 85' lang='lat' dir='ltr'>Pallanta</span> 
     </span>
     <span class='ocr_line' id='line_1_19' title="bbox 195 1393 873 1435; baseline -0.003 -10"><span class='ocrx_word' id='word_1_102' title='bbox 195 1399 322 1432; x_wconf 86' lang='lat' dir='ltr'>servat;</span> <span class='ocrx_word' id='word_1_103' title='bbox 352 1394 437 1425; x_wconf 86' lang='lat' dir='ltr'>conf.</span> <span class='ocrx_word' id='word_1_104' title='bbox 455 1393 546 1435; x_wconf 83' lang='lat' dir='ltr'>Virg.</span> <span class='ocrx_word' id='word_1_105' title='bbox 568 1394 645 1424; x_wconf 87' lang='lat' dir='ltr'>AEn.</span> <span class='ocrx_word' id='word_1_106' title='bbox 662 1404 692 1423; x_wconf 87' lang='lat' dir='ltr'>x.</span> <span class='ocrx_word' id='word_1_107' title='bbox 710 1394 783 1424; x_wconf 85' lang='lat'>495.</span> <span class='ocrx_word' id='word_1_108' title='bbox 834 1393 873 1424; x_wconf 73' lang='lat'>132</span> 
     </span>
     <span class='ocr_line' id='line_1_20' title="bbox 196 1443 875 1485; baseline -0.003 -10"><span class='ocrx_word' id='word_1_109' title='bbox 196 1446 321 1485; x_wconf 79' lang='lat' dir='ltr'>quoties,</span> <span class='ocrx_word' id='word_1_110' title='bbox 348 1450 412 1474; x_wconf 84' lang='lat' dir='ltr'>etc.</span> <span class='ocrx_word' id='word_1_111' title='bbox 461 1443 599 1485; x_wconf 84' lang='lat' dir='ltr'>Insignis</span> <span class='ocrx_word' id='word_1_112' title='bbox 627 1449 675 1474; x_wconf 90' lang='lat' dir='ltr'>est</span> <span class='ocrx_word' id='word_1_113' title='bbox 703 1443 875 1485; x_wconf 85' lang='lat' dir='ltr'>proceritas</span> 
     </span>
     <span class='ocr_line' id='line_1_21' title="bbox 195 1493 872 1536; baseline -0.003 -11"><span class='ocrx_word' id='word_1_114' title='bbox 195 1495 277 1536; x_wconf 80' lang='lat' dir='ltr'>ejuS,</span> <span class='ocrx_word' id='word_1_115' title='bbox 318 1493 372 1535; x_wconf 88' lang='lat' dir='ltr'>qui</span> <span class='ocrx_word' id='word_1_116' title='bbox 411 1504 472 1524; x_wconf 92' lang='lat' dir='ltr'>non</span> <span class='ocrx_word' id='word_1_117' title='bbox 500 1493 603 1536; x_wconf 86' lang='lat' dir='ltr'>capite</span> <span class='ocrx_word' id='word_1_118' title='bbox 642 1498 776 1529; x_wconf 85' lang='lat' dir='ltr'>tantum,</span> <span class='ocrx_word' id='word_1_119' title='bbox 816 1493 872 1524; x_wconf 90' lang='lat' dir='ltr'>sed</span> 
     </span>
     <span class='ocr_line' id='line_1_22' title="bbox 197 1542 873 1585; baseline -0.001 -12"><span class='ocrx_word' id='word_1_120' title='bbox 197 1544 330 1574; x_wconf 81' lang='lat' dir='ltr'>humeris</span> <span class='ocrx_word' id='word_1_121' title='bbox 355 1553 481 1584; x_wconf 89' lang='lat' dir='ltr'>quoque</span> <span class='ocrx_word' id='word_1_122' title='bbox 511 1542 725 1585; x_wconf 85' lang='lat' dir='ltr'>supereminet</span> <span class='ocrx_word' id='word_1_123' title='bbox 751 1553 873 1578; x_wconf 85' lang='lat' dir='ltr'>omnes,</span> 
     </span>
     <span class='ocr_line' id='line_1_23' title="bbox 199 1591 874 1634; baseline 0 -11"><span class='ocrx_word' id='word_1_124' title='bbox 199 1598 234 1623; x_wconf 91' lang='lat' dir='ltr'>ut</span> <span class='ocrx_word' id='word_1_125' title='bbox 250 1592 357 1624; x_wconf 84' lang='lat' dir='ltr'>Diana</span> <span class='ocrx_word' id='word_1_126' title='bbox 374 1592 554 1634; x_wconf 85' lang='lat' dir='ltr'>Nymphas,</span> <span class='ocrx_word' id='word_1_127' title='bbox 566 1593 709 1622; x_wconf 81' lang='lat' dir='ltr'>Musaeus</span> <span class='ocrx_word' id='word_1_128' title='bbox 725 1591 874 1631; x_wconf 60' lang='lat' dir='ltr'>(ffilneid.</span> 
     </span>
     <span class='ocr_line' id='line_1_24' title="bbox 197 1641 872 1683; baseline -0.001 -10"><span class='ocrx_word' id='word_1_129' title='bbox 197 1641 240 1672; x_wconf 91' lang='lat' dir='ltr'>vi.</span> <span class='ocrx_word' id='word_1_130' title='bbox 257 1642 350 1681; x_wconf 82' lang='lat'>668.)</span> <span class='ocrx_word' id='word_1_131' title='bbox 370 1641 524 1683; x_wconf 86' lang='lat' dir='ltr'>reliquam</span> <span class='ocrx_word' id='word_1_132' title='bbox 541 1642 676 1672; x_wconf 88' lang='lat' dir='ltr'>turbam.</span> <span class='ocrx_word' id='word_1_133' title='bbox 701 1641 771 1672; x_wconf 90' lang='lat' dir='ltr'>Hoc</span> <span class='ocrx_word' id='word_1_134' title='bbox 789 1641 872 1672; x_wconf 87' lang='lat' dir='ltr'>idem</span> 
     </span>
     <span class='ocr_line' id='line_1_25' title="bbox 197 1690 872 1723; baseline -0.001 -1"><span class='ocrx_word' id='word_1_135' title='bbox 197 1692 385 1723; x_wconf 89' lang='lat' dir='ltr'>translatum</span> <span class='ocrx_word' id='word_1_136' title='bbox 400 1690 440 1721; x_wconf 91' lang='lat' dir='ltr'>ad</span> <span class='ocrx_word' id='word_1_137' title='bbox 456 1691 543 1721; x_wconf 91' lang='lat' dir='ltr'>urbis</span> <span class='ocrx_word' id='word_1_138' title='bbox 559 1691 715 1721; x_wconf 61' lang='lat' dir='ltr'>Romanae</span> <span class='ocrx_word' id='word_1_139' title='bbox 730 1690 872 1721; x_wconf 90' lang='lat' dir='ltr'>altitudi-</span> 
     </span>
     <span class='ocr_line' id='line_1_26' title="bbox 197 1740 524 1772; baseline 0 0"><span class='ocrx_word' id='word_1_140' title='bbox 197 1751 269 1772; x_wconf 85' lang='lat' dir='ltr'>nem</span> <span class='ocrx_word' id='word_1_141' title='bbox 285 1740 524 1772; x_wconf 87' lang='lat' dir='ltr'>declarandam.</span> 
     </span>
    </p>

    <p class='ocr_par' dir='ltr' id='par_1_10' title="bbox 194 1789 874 2463">
     <span class='ocr_line' id='line_1_27' title="bbox 240 1789 872 1822; baseline -0.002 0"><span class='ocrx_word' id='word_1_142' title='bbox 240 1792 426 1822; x_wconf 82' lang='lat'>863—900.</span> <span class='ocrx_word' id='word_1_143' title='bbox 450 1791 510 1821; x_wconf 84' lang='lat' dir='ltr'>IX.</span> <span class='ocrx_word' id='word_1_144' title='bbox 533 1789 666 1821; x_wconf 80' lang='lat' dir='ltr'>Kalend.</span> <span class='ocrx_word' id='word_1_145' title='bbox 692 1790 794 1821; x_wconf 66' lang='lat' dir='ltr'>BIaias</span> <span class='ocrx_word' id='word_1_146' title='bbox 821 1792 872 1822; x_wconf 77' lang='lat' dir='ltr'>Vi-</span> 
     </span>
     <span class='ocr_line' id='line_1_28' title="bbox 195 1840 874 1883; baseline 0.001 -12"><span class='ocrx_word' id='word_1_147' title='bbox 195 1842 281 1871; x_wconf 80' lang='lat' dir='ltr'>nalia</span> <span class='ocrx_word' id='word_1_148' title='bbox 303 1840 335 1871; x_wconf 92' lang='lat' dir='ltr'>in</span> <span class='ocrx_word' id='word_1_149' title='bbox 359 1840 507 1872; x_wconf 86' lang='lat' dir='ltr'>honorem</span> <span class='ocrx_word' id='word_1_150' title='bbox 528 1840 630 1876; x_wconf 86' lang='lat' dir='ltr'>Jovis,</span> <span class='ocrx_word' id='word_1_151' title='bbox 646 1845 712 1876; x_wconf 82' lang='lat' dir='ltr'>aut,</span> <span class='ocrx_word' id='word_1_152' title='bbox 729 1846 764 1871; x_wconf 93' lang='lat' dir='ltr'>ut</span> <span class='ocrx_word' id='word_1_153' title='bbox 779 1840 874 1883; x_wconf 85' lang='lat' dir='ltr'>vulgo</span> 
     </span>
     <span class='ocr_line' id='line_1_29' title="bbox 197 1889 874 1933; baseline 0.001 -12"><span class='ocrx_word' id='word_1_154' title='bbox 197 1891 364 1932; x_wconf 89' lang='lat' dir='ltr'>putabant,</span> <span class='ocrx_word' id='word_1_155' title='bbox 397 1890 542 1921; x_wconf 74' lang='lat' dir='ltr'>Veneris.</span> <span class='ocrx_word' id='word_1_156' title='bbox 589 1889 752 1922; x_wconf 86' lang='lat' dir='ltr'>Masurius</span> <span class='ocrx_word' id='word_1_157' title='bbox 788 1891 874 1933; x_wconf 89' lang='lat' dir='ltr'>apud</span> 
     </span>
     <span class='ocr_line' id='line_1_30' title="bbox 198 1939 872 1976; baseline 0.003 -6"><span class='ocrx_word' id='word_1_158' title='bbox 198 1940 412 1976; x_wconf 88' lang='lat' dir='ltr'>Macrobium,</span> <span class='ocrx_word' id='word_1_159' title='bbox 433 1941 560 1971; x_wconf 87' lang='lat' dir='ltr'>Saturn.</span> <span class='ocrx_word' id='word_1_160' title='bbox 581 1939 603 1970; x_wconf 92' lang='lat' dir='ltr'>i.</span> <span class='ocrx_word' id='word_1_161' title='bbox 626 1942 664 1970; x_wconf 90' lang='lat'>4:</span> <span class='ocrx_word' id='word_1_162' title='bbox 692 1945 713 1957; x_wconf 90' lang='lat'>“</span> <span class='ocrx_word' id='word_1_163' title='bbox 728 1941 872 1973; x_wconf 74' lang='lat' dir='ltr'>Vinalio-</span> 
     </span>
     <span class='ocr_line' id='line_1_31' title="bbox 198 1989 870 2031; baseline 0.003 -12"><span class='ocrx_word' id='word_1_164' title='bbox 198 2000 267 2019; x_wconf 90' lang='lat' dir='ltr'>rum</span> <span class='ocrx_word' id='word_1_165' title='bbox 288 1989 356 2020; x_wconf 92' lang='lat' dir='ltr'>dies</span> <span class='ocrx_word' id='word_1_166' title='bbox 371 1989 445 2021; x_wconf 87' lang='lat' dir='ltr'>Jovi</span> <span class='ocrx_word' id='word_1_167' title='bbox 465 1999 554 2020; x_wconf 88' lang='lat' dir='ltr'>sacer</span> <span class='ocrx_word' id='word_1_168' title='bbox 573 1994 631 2024; x_wconf 86' lang='lat' dir='ltr'>est,</span> <span class='ocrx_word' id='word_1_169' title='bbox 652 1999 727 2026; x_wconf 90' lang='lat' dir='ltr'>non,</span> <span class='ocrx_word' id='word_1_170' title='bbox 742 1996 778 2020; x_wconf 91' lang='lat' dir='ltr'>ut</span> <span class='ocrx_word' id='word_1_171' title='bbox 799 1991 870 2031; x_wconf 84' lang='lat' dir='ltr'>qui—</span> 
     </span>
     <span class='ocr_line' id='line_1_32' title="bbox 195 2037 873 2081; baseline 0.004 -13"><span class='ocrx_word' id='word_1_172' title='bbox 195 2037 271 2069; x_wconf 85' lang='lat' dir='ltr'>dam</span> <span class='ocrx_word' id='word_1_173' title='bbox 287 2044 412 2081; x_wconf 83' lang='lat' dir='ltr'>putant,</span> <span class='ocrx_word' id='word_1_174' title='bbox 428 2038 581 2070; x_wconf 84' lang='lat' dir='ltr'>Veneri.’⁷</span> <span class='ocrx_word' id='word_1_175' title='bbox 607 2039 707 2069; x_wconf 82' lang='lat' dir='ltr'>Varro</span> <span class='ocrx_word' id='word_1_176' title='bbox 722 2038 762 2069; x_wconf 91' lang='lat' dir='ltr'>de</span> <span class='ocrx_word' id='word_1_177' title='bbox 778 2039 873 2081; x_wconf 86' lang='lat' dir='ltr'>Ling.</span> 
     </span>
     <span class='ocr_line' id='line_1_33' title="bbox 197 2087 874 2123; baseline 0.003 -5"><span class='ocrx_word' id='word_1_178' title='bbox 197 2087 269 2123; x_wconf 87' lang='lat' dir='ltr'>Lat.</span> <span class='ocrx_word' id='word_1_179' title='bbox 294 2099 335 2118; x_wconf 91' lang='lat' dir='ltr'>v:</span> <span class='ocrx_word' id='word_1_180' title='bbox 367 2087 533 2118; x_wconf 85' lang='lat' dir='ltr'>“Vinalia</span> <span class='ocrx_word' id='word_1_181' title='bbox 559 2098 578 2118; x_wconf 87' lang='lat' dir='ltr'>a</span> <span class='ocrx_word' id='word_1_182' title='bbox 605 2087 696 2118; x_wconf 90' lang='lat' dir='ltr'>vino:</span> <span class='ocrx_word' id='word_1_183' title='bbox 731 2087 782 2119; x_wconf 88' lang='lat' dir='ltr'>hic</span> <span class='ocrx_word' id='word_1_184' title='bbox 806 2088 874 2120; x_wconf 91' lang='lat' dir='ltr'>dies</span> 
     </span>
     <span class='ocr_line' id='line_1_34' title="bbox 195 2135 870 2173; baseline 0.003 -6"><span class='ocrx_word' id='word_1_185' title='bbox 195 2137 294 2173; x_wconf 87' lang='lat' dir='ltr'>Jovis,</span> <span class='ocrx_word' id='word_1_186' title='bbox 311 2147 372 2168; x_wconf 90' lang='lat' dir='ltr'>non</span> <span class='ocrx_word' id='word_1_187' title='bbox 388 2135 556 2168; x_wconf 87' lang='lat' dir='ltr'>Veneris.’&#39;</span> <span class='ocrx_word' id='word_1_188' title='bbox 581 2137 692 2167; x_wconf 91' lang='lat' dir='ltr'>Errore</span> <span class='ocrx_word' id='word_1_189' title='bbox 708 2136 763 2168; x_wconf 87' lang='lat' dir='ltr'>illo</span> <span class='ocrx_word' id='word_1_190' title='bbox 780 2138 870 2169; x_wconf 82' lang='lat' dir='ltr'>Grae-</span> 
     </span>
     <span class='ocr_line' id='line_1_35' title="bbox 195 2184 870 2227; baseline 0 -11"><span class='ocrx_word' id='word_1_191' title='bbox 195 2186 240 2217; x_wconf 89' lang='lat' dir='ltr'>cis</span> <span class='ocrx_word' id='word_1_192' title='bbox 253 2186 341 2217; x_wconf 82' lang='lat' dir='ltr'>dicta</span> <span class='ocrx_word' id='word_1_193' title='bbox 352 2184 629 2227; x_wconf 73' lang='grc' dir='ltr'>ευηῐἈφροόἰῠ-ια</span> <span class='ocrx_word' id='word_1_194' title='bbox 639 2192 671 2216; x_wconf 81' lang='lat' dir='ltr'>et</span> <span class='ocrx_word' id='word_1_195' title='bbox 686 2186 870 2223; x_wconf 83' lang='lat' dir='ltr'>Plutarcho,</span> 
     </span>
     <span class='ocr_line' id='line_1_36' title="bbox 197 2234 869 2277; baseline 0.001 -11"><span class='ocrx_word' id='word_1_196' title='bbox 197 2236 320 2272; x_wconf 84' lang='lat' dir='ltr'>Quaest.</span> <span class='ocrx_word' id='word_1_197' title='bbox 335 2235 432 2266; x_wconf 87' lang='lat' dir='ltr'>Rom.</span> <span class='ocrx_word' id='word_1_198' title='bbox 449 2246 480 2277; x_wconf 89' lang='lat' dir='ltr'>p.</span> <span class='ocrx_word' id='word_1_199' title='bbox 499 2236 572 2266; x_wconf 88' lang='lat'>115.</span> <span class='ocrx_word' id='word_1_200' title='bbox 615 2234 726 2266; x_wconf 82' lang='lat' dir='ltr'>Reisk.</span> <span class='ocrx_word' id='word_1_201' title='bbox 777 2236 869 2267; x_wconf 72' lang='lat' dir='ltr'>Vene-</span> 
     </span>
     <span class='ocr_line' id='line_1_37' title="bbox 194 2284 873 2320; baseline 0.001 -5"><span class='ocrx_word' id='word_1_202' title='bbox 194 2286 288 2315; x_wconf 72' lang='lat' dir='ltr'>ralia.</span> <span class='ocrx_word' id='word_1_203' title='bbox 311 2285 439 2320; x_wconf 88' lang='lat' dir='ltr'>Noster,</span> <span class='ocrx_word' id='word_1_204' title='bbox 453 2284 508 2315; x_wconf 91' lang='lat' dir='ltr'>ubi</span> <span class='ocrx_word' id='word_1_205' title='bbox 524 2285 705 2316; x_wconf 85' lang='lat' dir='ltr'>meretrices</span> <span class='ocrx_word' id='word_1_206' title='bbox 721 2285 873 2317; x_wconf 84' lang='lat' dir='ltr'>excitavit</span> 
     </span>
     <span class='ocr_line' id='line_1_38' title="bbox 196 2333 872 2375; baseline 0.003 -11"><span class='ocrx_word' id='word_1_207' title='bbox 196 2333 236 2364; x_wconf 85' lang='lat' dir='ltr'>ad</span> <span class='ocrx_word' id='word_1_208' title='bbox 262 2334 375 2365; x_wconf 84' lang='lat' dir='ltr'>festum</span> <span class='ocrx_word' id='word_1_209' title='bbox 406 2333 486 2364; x_wconf 89' lang='lat' dir='ltr'>illud</span> <span class='ocrx_word' id='word_1_210' title='bbox 509 2334 542 2364; x_wconf 90' lang='lat' dir='ltr'>in</span> <span class='ocrx_word' id='word_1_211' title='bbox 568 2334 713 2375; x_wconf 82' lang='lat' dir='ltr'>Erycinae</span> <span class='ocrx_word' id='word_1_212' title='bbox 740 2335 872 2366; x_wconf 85' lang='lat' dir='ltr'>Veneris</span> 
     </span>
     <span class='ocr_line' id='line_1_39' title="bbox 196 2382 870 2424; baseline 0.003 -11"><span class='ocrx_word' id='word_1_213' title='bbox 196 2383 315 2424; x_wconf 87' lang='lat' dir='ltr'>templo</span> <span class='ocrx_word' id='word_1_214' title='bbox 345 2382 582 2420; x_wconf 83' lang='lat' dir='ltr'>celebrandum,</span> <span class='ocrx_word' id='word_1_215' title='bbox 610 2384 762 2424; x_wconf 82' lang='lat' dir='ltr'>originem</span> <span class='ocrx_word' id='word_1_216' title='bbox 801 2384 870 2415; x_wconf 86' lang='lat' dir='ltr'>festi</span> 
     </span>
     <span class='ocr_line' id='line_1_40' title="bbox 196 2438 314 2463; baseline -0.008 0"><span class='ocrx_word' id='word_1_217' title='bbox 196 2438 314 2463; x_wconf 86' lang='lat' dir='ltr'>narrat.</span> 
     </span>
    </p>

    <p class='ocr_par' dir='ltr' id='par_1_11' title="bbox 195 2481 870 2721">
     <span class='ocr_line' id='line_1_41' title="bbox 240 2481 870 2523; baseline 0.003 -11"><span class='ocrx_word' id='word_1_218' title='bbox 240 2481 315 2512; x_wconf 88' lang='grc'><strong>866.</strong></span> <span class='ocrx_word' id='word_1_219' title='bbox 341 2481 563 2523; x_wconf 65' lang='lat' dir='ltr'>Prtffessarum.</span> <span class='ocrx_word' id='word_1_220' title='bbox 584 2482 654 2513; x_wconf 83' lang='lat' dir='ltr'>Hoc</span> <span class='ocrx_word' id='word_1_221' title='bbox 670 2482 809 2514; x_wconf 88' lang='lat' dir='ltr'>referunt</span> <span class='ocrx_word' id='word_1_222' title='bbox 823 2494 870 2520; x_wconf 89' lang='lat' dir='ltr'>eo,</span> 
     </span>
     <span class='ocr_line' id='line_1_42' title="bbox 197 2529 870 2574; baseline 0.004 -14"><span class='ocrx_word' id='word_1_223' title='bbox 197 2530 282 2573; x_wconf 91' lang='lat' dir='ltr'>quod</span> <span class='ocrx_word' id='word_1_224' title='bbox 298 2529 421 2561; x_wconf 85' lang='lat' dir='ltr'>feminis</span> <span class='ocrx_word' id='word_1_225' title='bbox 437 2531 591 2561; x_wconf 87' lang='lat' dir='ltr'>Romanis</span> <span class='ocrx_word' id='word_1_226' title='bbox 608 2532 738 2572; x_wconf 82' lang='lat' dir='ltr'>vulgare</span> <span class='ocrx_word' id='word_1_227' title='bbox 757 2543 870 2574; x_wconf 89' lang='lat' dir='ltr'>corpus</span> 
     </span>
     <span class='ocr_line' id='line_1_43' title="bbox 195 2579 870 2623; baseline 0.004 -13"><span class='ocrx_word' id='word_1_228' title='bbox 195 2579 327 2615; x_wconf 87' lang='lat' dir='ltr'>licebat,</span> <span class='ocrx_word' id='word_1_229' title='bbox 358 2580 413 2611; x_wconf 92' lang='lat' dir='ltr'>ubi</span> <span class='ocrx_word' id='word_1_230' title='bbox 439 2580 472 2611; x_wconf 91' lang='lat' dir='ltr'>id</span> <span class='ocrx_word' id='word_1_231' title='bbox 499 2581 637 2621; x_wconf 62' lang='lat' dir='ltr'>professae</span> <span class='ocrx_word' id='word_1_232' title='bbox 665 2586 756 2612; x_wconf 89' lang='lat' dir='ltr'>erant</span> <span class='ocrx_word' id='word_1_233' title='bbox 785 2582 870 2623; x_wconf 87' lang='lat' dir='ltr'>apud</span> 
     </span>
     <span class='ocr_line' id='line_1_44' title="bbox 198 2627 869 2671; baseline 0 -10"><span class='ocrx_word' id='word_1_234' title='bbox 198 2627 335 2662; x_wconf 81' lang='lat' dir='ltr'>AEdiles.</span> <span class='ocrx_word' id='word_1_235' title='bbox 358 2640 421 2670; x_wconf 88' lang='lat' dir='ltr'>quo</span> <span class='ocrx_word' id='word_1_236' title='bbox 442 2628 537 2665; x_wconf 85' lang='lat' dir='ltr'>facto,</span> <span class='ocrx_word' id='word_1_237' title='bbox 561 2629 643 2659; x_wconf 86' lang='lat' dir='ltr'>inter</span> <span class='ocrx_word' id='word_1_238' title='bbox 668 2635 791 2671; x_wconf 83' lang='lat' dir='ltr'>togatas</span> <span class='ocrx_word' id='word_1_239' title='bbox 812 2641 869 2661; x_wconf 88' lang='lat' dir='ltr'>nu-</span> 
     </span>
     <span class='ocr_line' id='line_1_45' title="bbox 198 2677 868 2721; baseline 0.003 -13"><span class='ocrx_word' id='word_1_240' title='bbox 198 2678 412 2714; x_wconf 87' lang='lat' dir='ltr'>merabantur,</span> <span class='ocrx_word' id='word_1_241' title='bbox 428 2677 468 2709; x_wconf 90' lang='lat' dir='ltr'>de</span> <span class='ocrx_word' id='word_1_242' title='bbox 481 2679 595 2719; x_wconf 86' lang='lat' dir='ltr'>quibus</span> <span class='ocrx_word' id='word_1_243' title='bbox 610 2689 705 2721; x_wconf 86' lang='lat' dir='ltr'>supra</span> <span class='ocrx_word' id='word_1_244' title='bbox 714 2689 779 2710; x_wconf 90' lang='lat' dir='ltr'>ver.</span> <span class='ocrx_word' id='word_1_245' title='bbox 795 2680 868 2710; x_wconf 86' lang='lat'>134.</span> 
     </span>
    </p>
   </div>
   <div class='ocr_carea' id='block_1_8' title="bbox 200 2726 870 2767">
    <p class='ocr_par' dir='ltr' id='par_1_12' title="bbox 200 2726 870 2767">
     <span class='ocr_line' id='line_1_46' title="bbox 200 2726 870 2767; baseline 0.003 -8"><span class='ocrx_word' id='word_1_246' title='bbox 200 2726 283 2759; x_wconf 84' lang='lat' dir='ltr'>Vide</span> <span class='ocrx_word' id='word_1_247' title='bbox 295 2728 424 2760; x_wconf 78' lang='lat' dir='ltr'>Sueton.</span> <span class='ocrx_word' id='word_1_248' title='bbox 433 2727 539 2759; x_wconf 86' lang='lat' dir='ltr'>Tiber.</span> <span class='ocrx_word' id='word_1_249' title='bbox 551 2729 592 2759; x_wconf 84' lang='lat'>35</span> <span class='ocrx_word' id='word_1_250' title='bbox 606 2740 613 2767; x_wconf 72' lang='grc' dir='ltr'><strong><em>ς</em></strong></span> <span class='ocrx_word' id='word_1_251' title='bbox 636 2729 737 2760; x_wconf 87' lang='lat' dir='ltr'>Tacit.</span> <span class='ocrx_word' id='word_1_252' title='bbox 751 2729 870 2762; x_wconf 89' lang='lat' dir='ltr'>Annal.</span> 
     </span>
    </p>
   </div>
   <div class='ocr_carea' id='block_1_9' title="bbox 942 1089 1618 1184">
    <p class='ocr_par' dir='ltr' id='par_1_13' title="bbox 942 1089 1618 1184">
     <span class='ocr_line' id='line_1_47' title="bbox 942 1089 1616 1136; baseline -0.006 -11"><span class='ocrx_word' id='word_1_253' title='bbox 942 1093 974 1125; x_wconf 91' lang='lat' dir='ltr'>ii.</span> <span class='ocrx_word' id='word_1_254' title='bbox 987 1094 1159 1136; x_wconf 84' lang='lat' dir='ltr'>85.ibique</span> <span class='ocrx_word' id='word_1_255' title='bbox 1174 1093 1313 1135; x_wconf 85' lang='lat' dir='ltr'>Lipsium</span> <span class='ocrx_word' id='word_1_256' title='bbox 1329 1105 1337 1132; x_wconf 77' lang='lat'><em>3</em></span> <span class='ocrx_word' id='word_1_257' title='bbox 1361 1091 1416 1123; x_wconf 89' lang='lat' dir='ltr'>sed</span> <span class='ocrx_word' id='word_1_258' title='bbox 1430 1089 1563 1123; x_wconf 87' lang='lat' dir='ltr'>Herald.</span> <span class='ocrx_word' id='word_1_259' title='bbox 1576 1089 1616 1121; x_wconf 88' lang='lat' dir='ltr'>ad</span> 
     </span>
     <span class='ocr_line' id='line_1_48' title="bbox 942 1142 1618 1184; baseline -0.004 -10"><span class='ocrx_word' id='word_1_260' title='bbox 942 1143 1118 1174; x_wconf 88' lang='lat' dir='ltr'>Arnobium</span> <span class='ocrx_word' id='word_1_261' title='bbox 1134 1144 1206 1174; x_wconf 86' lang='lat' dir='ltr'>adv.</span> <span class='ocrx_word' id='word_1_262' title='bbox 1219 1144 1434 1184; x_wconf 80' lang='lat' dir='ltr'>Gentes,pag.</span> <span class='ocrx_word' id='word_1_263' title='bbox 1450 1142 1526 1172; x_wconf 87' lang='lat'>133.</span> <span class='ocrx_word' id='word_1_264' title='bbox 1543 1150 1618 1171; x_wconf 92' lang='lat' dir='ltr'>con-</span> 
     </span>
    </p>
   </div>
   <div class='ocr_carea' id='block_1_10' title="bbox 938 1193 1616 1236">
    <p class='ocr_par' dir='ltr' id='par_1_14' title="bbox 938 1193 1616 1236">
     <span class='ocr_line' id='line_1_49' title="bbox 938 1193 1616 1236; baseline -0.006 -11"><span class='ocrx_word' id='word_1_265' title='bbox 938 1193 1046 1236; x_wconf 85' lang='lat' dir='ltr'>jungit</span> <span class='ocrx_word' id='word_1_266' title='bbox 1075 1194 1172 1224; x_wconf 77' lang='lat' dir='ltr'>multa</span> <span class='ocrx_word' id='word_1_267' title='bbox 1200 1193 1416 1235; x_wconf 62' lang='lat' dir='ltr'>professarum,</span> <span class='ocrx_word' id='word_1_268' title='bbox 1446 1195 1616 1232; x_wconf 83' lang='lat' dir='ltr'>monetque</span> 
     </span>
    </p>
   </div>
   <div class='ocr_carea' id='block_1_11' title="bbox 939 1240 1620 2771">
    <p class='ocr_par' dir='ltr' id='par_1_15' title="bbox 939 1240 1620 2771">
     <span class='ocr_line' id='line_1_50' title="bbox 941 1240 1616 1282; baseline -0.003 -8"><span class='ocrx_word' id='word_1_269' title='bbox 941 1246 1040 1276; x_wconf 73' lang='lat' dir='ltr'>multa</span> <span class='ocrx_word' id='word_1_270' title='bbox 1056 1249 1088 1275; x_wconf 79' lang='lat' dir='ltr'>et</span> <span class='ocrx_word' id='word_1_271' title='bbox 1111 1245 1152 1275; x_wconf 82' lang='grc' dir='ltr'>τὰ</span> <span class='ocrx_word' id='word_1_272' title='bbox 1169 1244 1281 1275; x_wconf 79' lang='grc' dir='ltr'>πολλὰ</span> <span class='ocrx_word' id='word_1_273' title='bbox 1299 1243 1402 1274; x_wconf 80' lang='lat' dir='ltr'>dictas</span> <span class='ocrx_word' id='word_1_274' title='bbox 1422 1251 1490 1273; x_wconf 83' lang='lat' dir='ltr'>esse</span> <span class='ocrx_word' id='word_1_275' title='bbox 1505 1240 1616 1282; x_wconf 89' lang='lat' dir='ltr'>volup-</span> 
     </span>
     <span class='ocr_line' id='line_1_51' title="bbox 943 1291 1617 1332; baseline -0.006 -7"><span class='ocrx_word' id='word_1_276' title='bbox 943 1300 1024 1326; x_wconf 87' lang='lat' dir='ltr'>tates</span> <span class='ocrx_word' id='word_1_277' title='bbox 1049 1305 1208 1325; x_wconf 82' lang='lat' dir='ltr'>venereas.</span> <span class='ocrx_word' id='word_1_278' title='bbox 1254 1294 1328 1325; x_wconf 91' lang='lat' dir='ltr'>Non</span> <span class='ocrx_word' id='word_1_279' title='bbox 1351 1298 1459 1323; x_wconf 88' lang='lat' dir='ltr'>tamen</span> <span class='ocrx_word' id='word_1_280' title='bbox 1476 1291 1537 1322; x_wconf 93' lang='lat' dir='ltr'>hoc</span> <span class='ocrx_word' id='word_1_281' title='bbox 1560 1300 1617 1332; x_wconf 85' lang='lat' dir='ltr'>ap-</span> 
     </span>
     <span class='ocr_line' id='line_1_52' title="bbox 942 1340 1618 1386; baseline -0.006 -12"><span class='ocrx_word' id='word_1_282' title='bbox 942 1344 1086 1386; x_wconf 84' lang='lat' dir='ltr'>probavit</span> <span class='ocrx_word' id='word_1_283' title='bbox 1097 1343 1258 1380; x_wconf 88' lang='lat' dir='ltr'>Heinsius,</span> <span class='ocrx_word' id='word_1_284' title='bbox 1272 1342 1326 1384; x_wconf 90' lang='lat' dir='ltr'>qui</span> <span class='ocrx_word' id='word_1_285' title='bbox 1341 1347 1396 1373; x_wconf 89' lang='lat' dir='ltr'>aut</span> <span class='ocrx_word' id='word_1_286' title='bbox 1404 1342 1502 1372; x_wconf 73' lang='lat' dir='ltr'>multa</span> <span class='ocrx_word' id='word_1_287' title='bbox 1517 1340 1618 1371; x_wconf 80' lang='lat' dir='ltr'>Venus</span> 
     </span>
     <span class='ocr_line' id='line_1_53' title="bbox 942 1389 1618 1435; baseline -0.006 -11"><span class='ocrx_word' id='word_1_288' title='bbox 942 1393 1118 1435; x_wconf 82' lang='lat' dir='ltr'>conjungit,</span> <span class='ocrx_word' id='word_1_289' title='bbox 1142 1399 1197 1424; x_wconf 84' lang='lat' dir='ltr'>aut</span> <span class='ocrx_word' id='word_1_290' title='bbox 1219 1394 1318 1423; x_wconf 80' lang='lat' dir='ltr'>multa</span> <span class='ocrx_word' id='word_1_291' title='bbox 1338 1392 1371 1423; x_wconf 89' lang='lat' dir='ltr'>in</span> <span class='ocrx_word' id='word_1_292' title='bbox 1393 1393 1480 1423; x_wconf 73' lang='lat' dir='ltr'>culta</span> <span class='ocrx_word' id='word_1_293' title='bbox 1502 1389 1618 1421; x_wconf 90' lang='lat' dir='ltr'>mutari</span> 
     </span>
     <span class='ocr_line' id='line_1_54' title="bbox 942 1440 1619 1484; baseline -0.003 -12"><span class='ocrx_word' id='word_1_294' title='bbox 942 1443 1034 1480; x_wconf 83' lang='lat' dir='ltr'>vult;</span> <span class='ocrx_word' id='word_1_295' title='bbox 1059 1453 1130 1484; x_wconf 85' lang='lat' dir='ltr'>quae</span> <span class='ocrx_word' id='word_1_296' title='bbox 1153 1443 1336 1484; x_wconf 85' lang='lat' dir='ltr'>conjectura</span> <span class='ocrx_word' id='word_1_297' title='bbox 1361 1452 1425 1473; x_wconf 89' lang='lat' dir='ltr'>non</span> <span class='ocrx_word' id='word_1_298' title='bbox 1450 1440 1536 1471; x_wconf 86' lang='lat' dir='ltr'>mala</span> <span class='ocrx_word' id='word_1_299' title='bbox 1559 1445 1619 1471; x_wconf 88' lang='lat' dir='ltr'>est.</span> 
     </span>
     <span class='ocr_line' id='line_1_55' title="bbox 942 1488 1619 1528; baseline -0.006 -5"><span class='ocrx_word' id='word_1_300' title='bbox 942 1492 1111 1523; x_wconf 84' lang='lat' dir='ltr'>Celebrate</span> <span class='ocrx_word' id='word_1_301' title='bbox 1150 1492 1320 1528; x_wconf 82' lang='lat' dir='ltr'>Venerem,</span> <span class='ocrx_word' id='word_1_302' title='bbox 1352 1501 1426 1521; x_wconf 89' lang='lat' dir='ltr'>nam</span> <span class='ocrx_word' id='word_1_303' title='bbox 1461 1490 1560 1525; x_wconf 74' lang='lat' dir='ltr'>culta,</span> <span class='ocrx_word' id='word_1_304' title='bbox 1593 1488 1619 1520; x_wconf 89' lang='lat' dir='ltr'>si</span> 
     </span>
     <span class='ocr_line' id='line_1_56' title="bbox 941 1539 1620 1583; baseline -0.003 -12"><span class='ocrx_word' id='word_1_305' title='bbox 941 1541 1134 1576; x_wconf 90' lang='lat' dir='ltr'>celebratur,</span> <span class='ocrx_word' id='word_1_306' title='bbox 1152 1547 1228 1583; x_wconf 84' lang='lat' dir='ltr'>apta</span> <span class='ocrx_word' id='word_1_307' title='bbox 1240 1549 1288 1572; x_wconf 85' lang='lat' dir='ltr'>est</span> <span class='ocrx_word' id='word_1_308' title='bbox 1303 1541 1489 1582; x_wconf 83' lang='lat' dir='ltr'>quaestibus.</span> <span class='ocrx_word' id='word_1_309' title='bbox 1538 1539 1620 1571; x_wconf 83' lang='lat' dir='ltr'>Ture</span> 
     </span>
     <span class='ocr_line' id='line_1_57' title="bbox 941 1589 1618 1628; baseline 0 -8"><span class='ocrx_word' id='word_1_310' title='bbox 941 1592 1013 1621; x_wconf 80' lang='lat' dir='ltr'>dato</span> <span class='ocrx_word' id='word_1_311' title='bbox 1048 1590 1187 1621; x_wconf 81' lang='lat' dir='ltr'>maxime</span> <span class='ocrx_word' id='word_1_312' title='bbox 1225 1590 1286 1621; x_wconf 91' lang='lat' dir='ltr'>coli</span> <span class='ocrx_word' id='word_1_313' title='bbox 1323 1590 1446 1621; x_wconf 80' lang='lat' dir='ltr'>solebat</span> <span class='ocrx_word' id='word_1_314' title='bbox 1482 1589 1618 1628; x_wconf 80' lang='lat' dir='ltr'>Venus3</span> 
     </span>
     <span class='ocr_line' id='line_1_58' title="bbox 942 1639 1618 1675; baseline 0 -5"><span class='ocrx_word' id='word_1_315' title='bbox 942 1639 1105 1675; x_wconf 85' lang='lat' dir='ltr'>Horatius,</span> <span class='ocrx_word' id='word_1_316' title='bbox 1122 1640 1150 1670; x_wconf 92' lang='grc' dir='ltr'>Ι.</span> <span class='ocrx_word' id='word_1_317' title='bbox 1166 1639 1229 1670; x_wconf 89' lang='lat' dir='ltr'>Od.</span> <span class='ocrx_word' id='word_1_318' title='bbox 1246 1651 1322 1670; x_wconf 86' lang='lat' dir='ltr'>xxx.</span> <span class='ocrx_word' id='word_1_319' title='bbox 1340 1640 1374 1670; x_wconf 88' lang='lat'>2.</span> <span class='ocrx_word' id='word_1_320' title='bbox 1423 1639 1550 1670; x_wconf 86' lang='lat' dir='ltr'>Poscere</span> <span class='ocrx_word' id='word_1_321' title='bbox 1567 1649 1618 1670; x_wconf 91' lang='lat' dir='ltr'>so-</span> 
     </span>
     <span class='ocr_line' id='line_1_59' title="bbox 942 1688 1619 1732; baseline 0 -13"><span class='ocrx_word' id='word_1_322' title='bbox 942 1688 1047 1720; x_wconf 86' lang='lat' dir='ltr'>lemne</span> <span class='ocrx_word' id='word_1_323' title='bbox 1087 1689 1126 1720; x_wconf 88' lang='lat' dir='ltr'>de</span> <span class='ocrx_word' id='word_1_324' title='bbox 1162 1689 1377 1732; x_wconf 86' lang='lat' dir='ltr'>precantibus.</span> <span class='ocrx_word' id='word_1_325' title='bbox 1423 1689 1508 1725; x_wconf 87' lang='lat' dir='ltr'>Joco,</span> <span class='ocrx_word' id='word_1_326' title='bbox 1547 1688 1619 1720; x_wconf 88' lang='lat' dir='ltr'>lusu</span> 
     </span>
     <span class='ocr_line' id='line_1_60' title="bbox 943 1739 1618 1781; baseline 0 -11"><span class='ocrx_word' id='word_1_327' title='bbox 943 1750 1088 1770; x_wconf 81' lang='lat' dir='ltr'>venereo.</span> <span class='ocrx_word' id='word_1_328' title='bbox 1121 1739 1245 1770; x_wconf 88' lang='lat' dir='ltr'>Passim</span> <span class='ocrx_word' id='word_1_329' title='bbox 1259 1739 1345 1781; x_wconf 88' lang='lat' dir='ltr'>apud</span> <span class='ocrx_word' id='word_1_330' title='bbox 1359 1739 1512 1770; x_wconf 80' lang='lat' dir='ltr'>Nostrum</span> <span class='ocrx_word' id='word_1_331' title='bbox 1528 1740 1618 1770; x_wconf 82' lang='lat' dir='ltr'>verba</span> 
     </span>
     <span class='ocr_line' id='line_1_61' title="bbox 942 1789 1616 1831; baseline 0.001 -12"><span class='ocrx_word' id='word_1_332' title='bbox 942 1796 1014 1829; x_wconf 81' lang='lat' dir='ltr'>apta</span> <span class='ocrx_word' id='word_1_333' title='bbox 1018 1792 1102 1830; x_wconf 85' lang='lat' dir='ltr'>joco.</span> <span class='ocrx_word' id='word_1_334' title='bbox 1149 1790 1218 1820; x_wconf 88' lang='lat' dir='ltr'>Hoc</span> <span class='ocrx_word' id='word_1_335' title='bbox 1242 1789 1312 1820; x_wconf 90' lang='lat' dir='ltr'>loco</span> <span class='ocrx_word' id='word_1_336' title='bbox 1331 1789 1419 1831; x_wconf 88' lang='lat' dir='ltr'>vulg.</span> <span class='ocrx_word' id='word_1_337' title='bbox 1443 1790 1518 1825; x_wconf 78' lang='lat' dir='ltr'>loco,</span> <span class='ocrx_word' id='word_1_338' title='bbox 1544 1799 1616 1831; x_wconf 85' lang='lat' dir='ltr'>quae</span> 
     </span>
     <span class='ocr_line' id='line_1_62' title="bbox 943 1838 1619 1880; baseline 0.003 -12"><span class='ocrx_word' id='word_1_339' title='bbox 943 1839 1079 1870; x_wconf 90' lang='lat' dir='ltr'>varietas</span> <span class='ocrx_word' id='word_1_340' title='bbox 1106 1838 1202 1870; x_wconf 88' lang='lat' dir='ltr'>etiam</span> <span class='ocrx_word' id='word_1_341' title='bbox 1232 1838 1254 1869; x_wconf 88' lang='lat' dir='ltr'>i.</span> <span class='ocrx_word' id='word_1_342' title='bbox 1283 1839 1360 1869; x_wconf 88' lang='lat'>395.</span> <span class='ocrx_word' id='word_1_343' title='bbox 1417 1838 1619 1880; x_wconf 81' lang='lat' dir='ltr'>Sisymbrium</span> 
     </span>
     <span class='ocr_line' id='line_1_63' title="bbox 943 1887 1618 1930; baseline 0.003 -13"><span class='ocrx_word' id='word_1_344' title='bbox 943 1887 1039 1918; x_wconf 85' lang='lat' dir='ltr'>etiam</span> <span class='ocrx_word' id='word_1_345' title='bbox 1056 1888 1267 1930; x_wconf 75' lang='lat' dir='ltr'>thymbraeum</span> <span class='ocrx_word' id='word_1_346' title='bbox 1283 1887 1491 1930; x_wconf 87' lang='lat' dir='ltr'>appellatum.</span> <span class='ocrx_word' id='word_1_347' title='bbox 1521 1888 1618 1926; x_wconf 87' lang='lat' dir='ltr'>Quod</span> 
     </span>
     <span class='ocr_line' id='line_1_64' title="bbox 943 1937 1620 1974; baseline 0.001 -6"><span class='ocrx_word' id='word_1_348' title='bbox 943 1937 975 1967; x_wconf 93' lang='lat' dir='ltr'>in</span> <span class='ocrx_word' id='word_1_349' title='bbox 991 1938 1076 1968; x_wconf 90' lang='lat' dir='ltr'>sicco</span> <span class='ocrx_word' id='word_1_350' title='bbox 1098 1937 1250 1973; x_wconf 89' lang='lat' dir='ltr'>nascitur,</span> <span class='ocrx_word' id='word_1_351' title='bbox 1267 1937 1299 1967; x_wconf 92' lang='lat' dir='ltr'>id</span> <span class='ocrx_word' id='word_1_352' title='bbox 1323 1937 1486 1969; x_wconf 84' lang='lat' dir='ltr'>odoratum</span> <span class='ocrx_word' id='word_1_353' title='bbox 1508 1943 1569 1974; x_wconf 87' lang='lat' dir='ltr'>est,</span> <span class='ocrx_word' id='word_1_354' title='bbox 1587 1943 1620 1969; x_wconf 90' lang='lat' dir='ltr'>et</span> 
     </span>
     <span class='ocr_line' id='line_1_65' title="bbox 944 1985 1617 2026; baseline 0 -9"><span class='ocrx_word' id='word_1_355' title='bbox 944 1997 963 2017; x_wconf 85' lang='lat' dir='ltr'>a</span> <span class='ocrx_word' id='word_1_356' title='bbox 985 1986 1144 2017; x_wconf 87' lang='lat' dir='ltr'>veteribus</span> <span class='ocrx_word' id='word_1_357' title='bbox 1164 1986 1287 2017; x_wconf 85' lang='lat' dir='ltr'>coronis</span> <span class='ocrx_word' id='word_1_358' title='bbox 1308 1985 1505 2018; x_wconf 87' lang='lat' dir='ltr'>inserebatur</span> <span class='ocrx_word' id='word_1_359' title='bbox 1517 1998 1528 2026; x_wconf 79' lang='lat'>3</span> <span class='ocrx_word' id='word_1_360' title='bbox 1550 1986 1617 2018; x_wconf 89' lang='lat' dir='ltr'>Pli-</span> 
     </span>
     <span class='ocr_line' id='line_1_66' title="bbox 943 2035 1618 2078; baseline 0.001 -12"><span class='ocrx_word' id='word_1_361' title='bbox 943 2035 1024 2072; x_wconf 87' lang='lat' dir='ltr'>nius,</span> <span class='ocrx_word' id='word_1_362' title='bbox 1052 2047 1106 2066; x_wconf 85' lang='lat' dir='ltr'>xx.</span> <span class='ocrx_word' id='word_1_363' title='bbox 1132 2037 1189 2066; x_wconf 90' lang='grc'>91.</span> <span class='ocrx_word' id='word_1_364' title='bbox 1236 2036 1287 2066; x_wconf 88' lang='lat' dir='ltr'>De</span> <span class='ocrx_word' id='word_1_365' title='bbox 1318 2035 1440 2067; x_wconf 91' lang='lat' dir='ltr'>coronis</span> <span class='ocrx_word' id='word_1_366' title='bbox 1466 2047 1483 2067; x_wconf 91' lang='lat' dir='ltr'>e</span> <span class='ocrx_word' id='word_1_367' title='bbox 1507 2043 1618 2078; x_wconf 75' lang='lat' dir='ltr'>myrto,</span> 
     </span>
     <span class='ocr_line' id='line_1_67' title="bbox 943 2085 1618 2123; baseline 0.003 -8"><span class='ocrx_word' id='word_1_368' title='bbox 943 2085 1061 2116; x_wconf 87' lang='lat' dir='ltr'>Veneri</span> <span class='ocrx_word' id='word_1_369' title='bbox 1087 2095 1190 2120; x_wconf 87' lang='lat' dir='ltr'>sacra,</span> <span class='ocrx_word' id='word_1_370' title='bbox 1212 2095 1262 2116; x_wconf 92' lang='lat' dir='ltr'>res</span> <span class='ocrx_word' id='word_1_371' title='bbox 1283 2090 1376 2123; x_wconf 83' lang='lat' dir='ltr'>nota3</span> <span class='ocrx_word' id='word_1_372' title='bbox 1401 2085 1565 2123; x_wconf 88' lang='lat' dir='ltr'>Horatius,</span> <span class='ocrx_word' id='word_1_373' title='bbox 1589 2087 1618 2117; x_wconf 94' lang='lat'>1.</span> 
     </span>
     <span class='ocr_line' id='line_1_68' title="bbox 943 2134 1614 2175; baseline 0.004 -10"><span class='ocrx_word' id='word_1_374' title='bbox 943 2134 1006 2166; x_wconf 92' lang='lat' dir='ltr'>Od.</span> <span class='ocrx_word' id='word_1_375' title='bbox 1018 2134 1060 2165; x_wconf 85' lang='lat' dir='ltr'>iv.</span> <span class='ocrx_word' id='word_1_376' title='bbox 1076 2135 1096 2165; x_wconf 88' lang='lat'>9</span> <span class='ocrx_word' id='word_1_377' title='bbox 1110 2147 1117 2173; x_wconf 82' lang='lat'><em>3</em></span> <span class='ocrx_word' id='word_1_378' title='bbox 1142 2134 1273 2166; x_wconf 87' lang='lat' dir='ltr'>xxxviii.</span> <span class='ocrx_word' id='word_1_379' title='bbox 1289 2137 1332 2174; x_wconf 79' lang='lat'>53</span> <span class='ocrx_word' id='word_1_380' title='bbox 1357 2135 1406 2166; x_wconf 89' lang='grc' dir='ltr'>ΙΙ.</span> <span class='ocrx_word' id='word_1_381' title='bbox 1423 2135 1488 2167; x_wconf 79' lang='lat' dir='ltr'>Od.</span> <span class='ocrx_word' id='word_1_382' title='bbox 1503 2135 1557 2168; x_wconf 87' lang='lat' dir='ltr'>vii.</span> <span class='ocrx_word' id='word_1_383' title='bbox 1571 2138 1590 2168; x_wconf 83' lang='lat'><strong>8</strong></span> <span class='ocrx_word' id='word_1_384' title='bbox 1606 2149 1614 2175; x_wconf 92' lang='lat'>;</span> 
     </span>
     <span class='ocr_line' id='line_1_69' title="bbox 940 2184 1618 2227; baseline 0.004 -12"><span class='ocrx_word' id='word_1_385' title='bbox 940 2184 1098 2221; x_wconf 86' lang='lat' dir='ltr'>Tibullus,</span> <span class='ocrx_word' id='word_1_386' title='bbox 1114 2185 1142 2215; x_wconf 93' lang='grc' dir='ltr'>Ι.</span> <span class='ocrx_word' id='word_1_387' title='bbox 1158 2196 1190 2216; x_wconf 82' lang='lat' dir='ltr'>x.</span> <span class='ocrx_word' id='word_1_388' title='bbox 1205 2185 1258 2217; x_wconf 87' lang='lat'>27.</span> <span class='ocrx_word' id='word_1_389' title='bbox 1284 2185 1433 2225; x_wconf 81' lang='lat' dir='ltr'>Dejzmci</span> <span class='ocrx_word' id='word_1_390' title='bbox 1448 2185 1618 2227; x_wconf 86' lang='lat' dir='ltr'>generibus</span> 
     </span>
     <span class='ocr_line' id='line_1_70' title="bbox 941 2234 1615 2278; baseline 0.004 -14"><span class='ocrx_word' id='word_1_391' title='bbox 941 2235 1014 2265; x_wconf 93' lang='lat' dir='ltr'>vide</span> <span class='ocrx_word' id='word_1_392' title='bbox 1031 2234 1184 2271; x_wconf 85' lang='lat' dir='ltr'>Plinium,</span> <span class='ocrx_word' id='word_1_393' title='bbox 1198 2235 1264 2267; x_wconf 82' lang='lat' dir='ltr'>xxi.</span> <span class='ocrx_word' id='word_1_394' title='bbox 1277 2236 1319 2266; x_wconf 88' lang='lat'>69</span> <span class='ocrx_word' id='word_1_395' title='bbox 1329 2246 1400 2277; x_wconf 87' lang='lat' dir='ltr'>sqq.</span> <span class='ocrx_word' id='word_1_396' title='bbox 1424 2236 1464 2267; x_wconf 89' lang='lat' dir='ltr'>In</span> <span class='ocrx_word' id='word_1_397' title='bbox 1477 2235 1517 2267; x_wconf 90' lang='lat' dir='ltr'>iis</span> <span class='ocrx_word' id='word_1_398' title='bbox 1527 2247 1615 2278; x_wconf 82' lang='lat' dir='ltr'>quae·</span> 
     </span>
     <span class='ocr_line' id='line_1_71' title="bbox 941 2283 1616 2326; baseline 0.004 -12"><span class='ocrx_word' id='word_1_399' title='bbox 941 2283 1014 2315; x_wconf 91' lang='lat' dir='ltr'>dam</span> <span class='ocrx_word' id='word_1_400' title='bbox 1044 2283 1186 2321; x_wconf 84' lang='lat' dir='ltr'>odorata,</span> <span class='ocrx_word' id='word_1_401' title='bbox 1217 2295 1351 2326; x_wconf 88' lang='lat' dir='ltr'>quorum</span> <span class='ocrx_word' id='word_1_402' title='bbox 1383 2285 1460 2316; x_wconf 88' lang='lat' dir='ltr'>odor</span> <span class='ocrx_word' id='word_1_403' title='bbox 1491 2285 1616 2317; x_wconf 90' lang='lat' dir='ltr'>vicinus</span> 
     </span>
     <span class='ocr_line' id='line_1_72' title="bbox 942 2334 1615 2368; baseline 0.006 -4"><span class='ocrx_word' id='word_1_404' title='bbox 942 2334 1050 2365; x_wconf 89' lang='lat' dir='ltr'>nardo.</span> <span class='ocrx_word' id='word_1_405' title='bbox 1106 2335 1151 2365; x_wconf 89' lang='lat' dir='ltr'>Iis</span> <span class='ocrx_word' id='word_1_406' title='bbox 1182 2336 1393 2366; x_wconf 76' lang='lat' dir='ltr'>vinciebantur</span> <span class='ocrx_word' id='word_1_407' title='bbox 1420 2341 1454 2366; x_wconf 85' lang='lat' dir='ltr'>et</span> <span class='ocrx_word' id='word_1_408' title='bbox 1481 2347 1552 2367; x_wconf 81' lang='lat' dir='ltr'>rosae</span> <span class='ocrx_word' id='word_1_409' title='bbox 1581 2335 1615 2368; x_wconf 86' lang='lat' dir='ltr'>iu</span> 
     </span>
     <span class='ocr_line' id='line_1_73' title="bbox 940 2384 1614 2417; baseline 0.004 -3"><span class='ocrx_word' id='word_1_410' title='bbox 940 2391 1037 2414; x_wconf 82' lang='lat' dir='ltr'>serta.</span> <span class='ocrx_word' id='word_1_411' title='bbox 1084 2384 1181 2415; x_wconf 80' lang='lat' dir='ltr'>Sertis</span> <span class='ocrx_word' id='word_1_412' title='bbox 1197 2390 1302 2415; x_wconf 87' lang='lat' dir='ltr'>autem</span> <span class='ocrx_word' id='word_1_413' title='bbox 1321 2391 1352 2416; x_wconf 84' lang='lat' dir='ltr'>et</span> <span class='ocrx_word' id='word_1_414' title='bbox 1374 2385 1431 2416; x_wconf 94' lang='lat' dir='ltr'>Dii</span> <span class='ocrx_word' id='word_1_415' title='bbox 1454 2391 1528 2417; x_wconf 85' lang='lat' dir='ltr'>ante</span> <span class='ocrx_word' id='word_1_416' title='bbox 1548 2397 1614 2417; x_wconf 87' lang='lat' dir='ltr'>rem</span> 
     </span>
     <span class='ocr_line' id='line_1_74' title="bbox 939 2435 1614 2473; baseline 0.004 -9"><span class='ocrx_word' id='word_1_417' title='bbox 939 2443 1062 2464; x_wconf 84' lang='lat' dir='ltr'>sacram</span> <span class='ocrx_word' id='word_1_418' title='bbox 1095 2435 1309 2473; x_wconf 81' lang='lat' dir='ltr'>ornabantur3</span> <span class='ocrx_word' id='word_1_419' title='bbox 1350 2435 1512 2472; x_wconf 80' lang='lat' dir='ltr'>Horatius,</span> <span class='ocrx_word' id='word_1_420' title='bbox 1546 2436 1614 2468; x_wconf 91' lang='grc' dir='ltr'><strong>ΙΙΙ.</strong></span> 
     </span>
     <span class='ocr_line' id='line_1_75' title="bbox 941 2482 1614 2516; baseline 0.006 -4"><span class='ocrx_word' id='word_1_421' title='bbox 941 2482 1006 2513; x_wconf 87' lang='lat' dir='ltr'>Od.</span> <span class='ocrx_word' id='word_1_422' title='bbox 1025 2482 1114 2513; x_wconf 79' lang='lat' dir='ltr'>xxiii.</span> <span class='ocrx_word' id='word_1_423' title='bbox 1139 2484 1177 2513; x_wconf 77' lang='lat'>15</span> <span class='ocrx_word' id='word_1_424' title='bbox 1193 2495 1199 2512; x_wconf 78' lang='lat' dir='ltr'><em>z</em></span> <span class='ocrx_word' id='word_1_425' title='bbox 1233 2487 1254 2500; x_wconf 89' lang='lat'>“</span> <span class='ocrx_word' id='word_1_426' title='bbox 1270 2484 1391 2514; x_wconf 84' lang='lat' dir='ltr'>Parvos</span> <span class='ocrx_word' id='word_1_427' title='bbox 1409 2491 1614 2516; x_wconf 87' lang='lat' dir='ltr'>coronantem</span> 
     </span>
     <span class='ocr_line' id='line_1_76' title="bbox 940 2531 1614 2576; baseline 0.006 -15"><span class='ocrx_word' id='word_1_428' title='bbox 940 2531 1059 2562; x_wconf 89' lang='lat' dir='ltr'>marino</span> <span class='ocrx_word' id='word_1_429' title='bbox 1076 2532 1160 2562; x_wconf 89' lang='lat' dir='ltr'>Rore</span> <span class='ocrx_word' id='word_1_430' title='bbox 1182 2532 1270 2563; x_wconf 90' lang='lat' dir='ltr'>Deos</span> <span class='ocrx_word' id='word_1_431' title='bbox 1288 2533 1457 2575; x_wconf 81' lang='lat' dir='ltr'>fragilique</span> <span class='ocrx_word' id='word_1_432' title='bbox 1477 2534 1614 2576; x_wconf 83' lang='lat' dir='ltr'>myrto.&#39;’</span> 
     </span>
     <span class='ocr_line' id='line_1_77' title="bbox 940 2581 1613 2623; baseline 0.006 -12"><span class='ocrx_word' id='word_1_433' title='bbox 940 2581 1098 2612; x_wconf 83' lang='lat' dir='ltr'>Caeterum</span> <span class='ocrx_word' id='word_1_434' title='bbox 1121 2587 1216 2623; x_wconf 86' lang='lat' dir='ltr'>poeta</span> <span class='ocrx_word' id='word_1_435' title='bbox 1233 2582 1285 2614; x_wconf 87' lang='lat' dir='ltr'>hic</span> <span class='ocrx_word' id='word_1_436' title='bbox 1307 2582 1484 2614; x_wconf 83' lang='lat' dir='ltr'>cumulavit</span> <span class='ocrx_word' id='word_1_437' title='bbox 1504 2584 1613 2620; x_wconf 85' lang='lat' dir='ltr'>verba,</span> 
     </span>
     <span class='ocr_line' id='line_1_78' title="bbox 939 2631 1613 2675; baseline 0.004 -14"><span class='ocrx_word' id='word_1_438' title='bbox 939 2636 971 2661; x_wconf 87' lang='lat' dir='ltr'>et</span> <span class='ocrx_word' id='word_1_439' title='bbox 996 2641 1072 2661; x_wconf 89' lang='lat' dir='ltr'>sono</span> <span class='ocrx_word' id='word_1_440' title='bbox 1100 2631 1215 2662; x_wconf 85' lang='lat' dir='ltr'>imitari</span> <span class='ocrx_word' id='word_1_441' title='bbox 1242 2632 1343 2663; x_wconf 83' lang='lat' dir='ltr'>voluit</span> <span class='ocrx_word' id='word_1_442' title='bbox 1367 2632 1448 2664; x_wconf 92' lang='lat' dir='ltr'>illud</span> <span class='ocrx_word' id='word_1_443' title='bbox 1472 2633 1613 2675; x_wconf 80' lang='lat' dir='ltr'>Virgilii,</span> 
     </span>
     <span class='ocr_line' id='line_1_79' title="bbox 942 2679 1611 2724; baseline 0.009 -15"><span class='ocrx_word' id='word_1_444' title='bbox 942 2684 963 2696; x_wconf 88' lang='lat'><strong>“</strong></span> <span class='ocrx_word' id='word_1_445' title='bbox 976 2679 1091 2711; x_wconf 88' lang='lat' dir='ltr'>Mollia</span> <span class='ocrx_word' id='word_1_446' title='bbox 1116 2681 1237 2712; x_wconf 86' lang='lat' dir='ltr'>luteola</span> <span class='ocrx_word' id='word_1_447' title='bbox 1261 2681 1365 2724; x_wconf 87' lang='lat' dir='ltr'>pingit</span> <span class='ocrx_word' id='word_1_448' title='bbox 1384 2683 1526 2714; x_wconf 87' lang='lat' dir='ltr'>vaccinia</span> <span class='ocrx_word' id='word_1_449' title='bbox 1546 2684 1611 2717; x_wconf 85' lang='lat' dir='ltr'>cal-</span> 
     </span>
     <span class='ocr_line' id='line_1_80' title="bbox 940 2728 1296 2771; baseline 0.014 -13"><span class='ocrx_word' id='word_1_450' title='bbox 940 2728 992 2759; x_wconf 77' lang='lat' dir='ltr'>tha</span> <span class='ocrx_word' id='word_1_451' title='bbox 1007 2729 1040 2767; x_wconf 84' lang='lat'>;&#39;&#39;</span> <span class='ocrx_word' id='word_1_452' title='bbox 1066 2729 1177 2771; x_wconf 83' lang='lat' dir='ltr'>Eclog.</span> <span class='ocrx_word' id='word_1_453' title='bbox 1195 2730 1227 2761; x_wconf 91' lang='lat' dir='ltr'>ii.</span> <span class='ocrx_word' id='word_1_454' title='bbox 1243 2732 1296 2763; x_wconf 80' lang='lat'>50.</span> 
     </span>
    </p>
   </div>
  </div>
 </body>
</html>
