1830 3220
584 177 830 219 PASTOR
840 177 880 219 U
890 178 933 219 M
971 178 1028 219 Ll
1044 180 1092 220 Β.
1128 179 1211 221 VI.

1520 183 1607 224 :313

177 291 250 340 Te
277 308 499 356 quoque,
522 292 842 359 Tempestas,
861 295 1092 344 meritam
1112 296 1327 344 delubra
1352 296 1567 345 fatemur
1587 318 1598 358 3

244 375 416 431 Quum
442 393 587 441 paene
615 385 694 425 est
722 378 895 425 Corsis
922 379 1103 427 obruta
1127 379 1305 427 classis
1330 379 1495 444 aquis.

174 453 300 502 Haec
314 455 577 502 hominum
594 463 924 504 monumenta
936 464 1135 520 patent:
1152 457 1192 505 si
1205 457 1430 521 quaeritis
1448 464 1600 515 astra,

243 532 388 581 Tunc
415 533 572 581 oritur
597 533 768 597 magni
795 550 992 598 praepes
1019 534 1220 582 adunca
1245 534 1402 583 Jovis.

1508 539 1600 584 196

175 611 438 659 PosTERA
468 613 557 660 lux
584 611 815 676 Hyadas,
845 612 1078 660 Taurinae
1105 630 1294 662 cornua
1318 614 1514 671 frontis,

244 689 466 748 Evocat;
507 699 559 739 et
584 692 744 739 multa
769 699 902 740 terra
928 691 1177 740 madescit
1201 708 1350 756 aqua.

174 767 355 817 MANE
385 770 471 817 ubi
497 769 575 818 bis
600 769 767 827 fuerit,
788 769 1119 834 Phoebusque
1148 769 1404 820 iteraverit
1423 778 1562 819 ortus
1584 791 1595 829 ;

244 847 505 913 Factaque
531 849 625 897 erit
646 849 811 914 posito
837 864 946 897 rore
973 848 1051 896 bis
1079 849 1180 897 uda
1205 865 1382 913 seges3

1494 853 1597 897 200

174 925 286 976 Hac
313 935 512 976 sacrata
536 928 618 976 die
644 927 812 976 Tusco
842 927 1056 976 Bellona
1080 928 1251 977 duello

245 1005 476 1066 Dicitur3
519 1015 571 1056 et
599 1007 744 1056 Latio
770 1023 1013 1073 prospera
1038 1023 1242 1072 semper
1266 1007 1428 1055 adest.

172 1122 333 1154 observat.
385 1123 482 1158 Quem
509 1125 668 1164 prospicit,
697 1123 729 1154 in
759 1123 851 1165 cujus

172 1173 328 1216 templum
351 1178 540 1217 prospectus
561 1179 610 1205 est
630 1173 670 1205 ad
687 1173 850 1216 Capenam

173 1230 296 1265 portam
320 1223 429 1255 stanti.
477 1224 594 1262 Tectoe‚·
627 1230 691 1255 tres
715 1229 849 1259 veteres,

171 1280 272 1311 rectae,
288 1285 371 1306 unus
393 1276 515 1306 devlrae.
563 1275 602 1306 Et
625 1274 785 1316 negotium
804 1274 848 1305 fe-

170 1323 214 1355 cit
229 1323 298 1356 haec
310 1326 361 1356 via
376 1325 617 1366 interpretibus.
643 1325 848 1355 Burmannus

170 1372 212 1405 de
236 1385 276 1406 ea
298 1385 372 1406 cum
396 1375 524 1417 Cupero
546 1385 601 1416 per
627 1374 735 1406 literas
760 1374 846 1416 egit;

171 1423 227 1456 sed
244 1434 302 1456 nec
325 1436 380 1467 per
398 1424 456 1457 hos
476 1425 517 1457 ad
536 1424 695 1467 liquidum
713 1435 761 1456 res
776 1436 847 1468 per-

170 1474 246 1506 duci
262 1475 375 1518 potuit.
421 1476 492 1507 Hoc
514 1475 595 1508 inter
611 1486 664 1507 eos
686 1475 846 1513 convenit,

170 1524 266 1557 fuisse
291 1525 437 1557 semitam
469 1536 487 1557 a
516 1526 651 1568 Capena
684 1531 773 1568 porta
804 1525 845 1557 ad

169 1575 286 1607 Martis
300 1577 468 1619 templum,
482 1576 639 1608 diversam
655 1576 742 1607 illam
761 1587 779 1607 a
795 1576 848 1608 via

170 1626 291 1669 Appia,
308 1637 380 1669 quae
406 1632 440 1659 et
458 1627 529 1670 ipsa
550 1626 726 1669 incipiebat
746 1637 764 1657 a
782 1627 844 1658 Ca-

169 1686 262 1718 pena,
298 1676 356 1708 sed
391 1677 424 1708 in
462 1676 675 1719 Campaniam
713 1677 846 1708 ferebat.

171 1726 252 1758 Haec
275 1726 390 1758 semita
411 1732 522 1770 postea
540 1730 590 1758 via
613 1726 698 1757 facta
721 1732 770 1757 est
792 1737 848 1768 per

169 1787 335 1816 eensores3
370 1777 499 1809 Livius:
541 1782 561 1795 “
579 1776 677 1808 Viam
703 1782 845 1807 sternen-

168 1826 245 1858 dam
271 1838 291 1858 a
314 1832 405 1870 porta
419 1828 553 1870 Capena
573 1826 613 1858 ad
631 1826 746 1858 Martis
765 1831 846 1857 tem-

168 1877 258 1919 plum
290 1877 435 1909 locavere
472 1876 656 1909 censoreS.”
704 1876 847 1907 Vocatur

169 1927 221 1958 vel
245 1933 340 1965 recta,
356 1933 445 1959 recta
468 1927 589 1959 ducens
613 1926 655 1957 ad
677 1926 844 1969 templum,

169 1987 269 2019 quum
286 1977 393 2020 Appia
406 1988 464 2020 per
474 1977 582 2020 plures
595 1975 824 2008 anfractusiret
836 1989 845 2016 ;

170 2027 220 2060 vel
250 2030 370 2065 dextra,
399 2034 434 2059 ut
458 2027 580 2059 bivium
603 2034 695 2058 extra
722 2032 844 2069 portam

169 2077 274 2115 fuerit,
299 2083 332 2109 et
357 2078 398 2109 ad
427 2077 573 2109 dextram
600 2077 684 2108 viam
707 2077 845 2119 positum

169 2128 337 2172 templum,
364 2134 432 2166 aut,
454 2134 490 2160 ut
510 2129 637 2160 Fabret.
663 2127 802 2159 Dissert.
823 2128 845 2158 i.

169 2179 211 2211 de
234 2179 373 2222 Aquaed.
388 2179 469 2216 vult,
487 2184 525 2210 ut
549 2178 727 2221 adpositum
752 2177 846 2209 fuerit

169 2230 241 2262 Viae
268 2229 399 2272 Appiae,
425 2239 523 2271 quam
555 2239 574 2259 a
601 2229 715 2259 dextra
743 2227 845 2259 habu-

169 2279 241 2316 erit,
272 2290 370 2322 quum
399 2289 418 2310 a
449 2278 576 2310 sinistra
604 2283 688 2309 esset
719 2277 845 2315 Latina,

169 2340 242 2372 quae
259 2339 299 2360 ex
314 2329 423 2372 Appia
440 2328 570 2360 initium
592 2327 714 2370 ceperit
729 2328 845 2370 paulu-

169 2381 236 2412 lum
263 2391 282 2411 a
309 2386 402 2422 porta
430 2379 584 2423 Capena;
623 2378 676 2410 vel
705 2377 846 2420 denique

170 2437 261 2468 tecta,
281 2430 372 2473 cujus
394 2429 527 2472 epitheti
549 2429 630 2460 ratio
649 2434 737 2460 certa
756 2428 845 2460 reddi

169 2492 232 2513 non
261 2486 376 2524 potest.
417 2482 565 2512 Donatus
591 2480 625 2511 in
652 2479 759 2511 Roma
782 2485 846 2511 vet.

170 2531 227 2564 lib.
249 2531 295 2563 iii.
322 2542 396 2574 cap.
421 2532 472 2563 13.
493 2530 669 2574 porticibus
694 2540 766 2561 eam
791 2537 847 2561 aut

168 2582 342 2614 fornicibus
357 2587 477 2613 tectam
488 2581 586 2613 fnisse
600 2581 729 2624 conjicit
738 2592 747 2620 ;
764 2581 845 2612 Bur-

169 2643 307 2665 mannus
322 2643 397 2664 vero
417 2636 522 2675 putat,
538 2631 564 2663 si
583 2631 708 2663 ostendi
728 2636 846 2673 posset,

168 2694 226 2727 per
241 2683 323 2715 hanc
332 2682 417 2716 viam
433 2693 556 2714 sacram
570 2691 718 2726 pompam
731 2691 845 2724 quam-

169 2734 244 2766 dam
259 2733 334 2766 duci
349 2733 487 2771 solitam,
504 2733 537 2765 in
556 2743 653 2776 quam
668 2742 709 2764 ex
724 2732 846 2764 aedibus

169 2784 333 2827 despicere
346 2795 408 2816 non
423 2784 560 2821 licuerit,
573 2795 606 2816 se
622 2784 717 2815 malle
738 2790 845 2815 tectam

920 1122 1005 1154 viam
1031 1122 1222 1164 intelligere,
1243 1130 1279 1154 ut
1303 1124 1415 1154 velatas
1439 1125 1502 1154 vias
1523 1122 1597 1155 Am.

920 1173 985 1204 111.
1002 1172 1069 1204 xiii.
1088 1173 1139 1204 12.

968 1223 1041 1254 193.
1069 1222 1264 1263 Tempestatis
1290 1224 1453 1263 templum.-
1482 1222 1515 1254 id
1540 1233 1596 1265 po-

919 1273 993 1309 suit,
1018 1283 1080 1303 non
1101 1273 1290 1309 Marcellus,
1307 1279 1342 1304 ut
1362 1273 1516 1315 Neapolis
1538 1284 1599 1316 pu-

917 1324 1019 1360 tabat,
1043 1323 1100 1354 sed
1129 1324 1170 1354 L.
1193 1323 1313 1366 Scipio,
1340 1324 1472 1355 Barbati
1501 1323 1597 1361 filius,

916 1385 1000 1406 anno
1026 1375 1071 1406 U.
1096 1373 1137 1406 C.
1160 1375 1235 1406 494.
1260 1385 1326 1406 cos.
1354 1374 1409 1416 qui
1442 1375 1596 1406 Corsicam

916 1424 1003 1467 cepit
1016 1436 1025 1463 3
1048 1423 1081 1455 id
1094 1423 1181 1466 quod
1197 1430 1286 1467 patet
1300 1435 1339 1456 ex
1354 1424 1496 1466 inscript.
1511 1425 1597 1467 apud

917 1474 1049 1505 Reines.
1062 1473 1102 1505 vi.
1117 1474 1172 1505 34.
1210 1474 1280 1506 Hoc
1297 1484 1424 1517 quoque
1441 1475 1597 1517 templum

915 1530 1005 1555 extra
1015 1530 1138 1567 portam
1151 1524 1317 1568 Capenam
1328 1524 1399 1561 fuit,
1407 1524 1462 1556 ubi
1471 1530 1505 1557 et
1516 1524 1598 1568 lapis

915 1585 989 1606 cum
1001 1574 1208 1618 inscriptione
1226 1575 1283 1608 illa
1302 1575 1434 1607 effossus
1449 1581 1508 1607 est.

962 1627 1035 1657 195.
1050 1626 1148 1657 Ortus
1157 1627 1275 1666 Aquila:
1292 1625 1508 1667 vespertinus]
1527 1625 1595 1658 Pli-

915 1675 1000 1713 nius,
1019 1675 1108 1708 xviii.
1123 1677 1176 1707 27.
1192 1682 1272 1708 sect.
1289 1677 1308 1707 3
1323 1689 1330 1707 ι
1357 1680 1378 1694 “
1394 1676 1502 1708 Tertio
1525 1676 1594 1708 No-

917 1736 973 1756 nas
994 1725 1085 1758 Junii
1111 1726 1232 1758 Caesari
1253 1731 1286 1758 et
1309 1726 1449 1768 Assyriae
1471 1726 1595 1768 Aquila

917 1776 1041 1818 vesperi
1066 1776 1164 1808 oritur
1178 1776 1212 1815 ;”
1236 1775 1336 1813 idem,
1355 1787 1430 1819 cap.
1447 1776 1534 1808 xxix.
1552 1778 1592 1807 4:

918 1829 940 1843 “
957 1828 1083 1864 Quarto
1098 1826 1210 1858 Nonas
1227 1826 1316 1858 Junii
1340 1827 1455 1858 iterum
1473 1827 1596 1869 Aquila

916 1877 1055 1908 exoritur
1070 1876 1232 1919 vesperi.''
1279 1877 1331 1908 Sic
1355 1883 1388 1908 et
1403 1877 1595 1914 Columella,

916 1927 958 1958 xi.
975 1929 1008 1958 2.
1030 1928 1084 1970 qui
1103 1927 1212 1959 addit:
1239 1932 1260 1946 “
1275 1933 1450 1970 tempestas
1463 1933 1595 1960 ventosa

916 1983 948 2008 et
973 1977 1134 2009 interdum
1163 1977 1307 2020 pluvia.’'
1359 1977 1481 2020 Aquila
1509 1978 1595 2010 Jovis

912 2039 1027 2069 praepes
1036 2029 1133 2060 etiam
1146 2029 1280 2060 Metam.
1290 2028 1332 2059 iv.
1348 2029 1426 2059 713.

963 2079 1038 2110 197.
1063 2079 1124 2111 IV.
1156 2079 1263 2110 Nonas
1290 2079 1416 2120 Hyades
1445 2081 1593 2110 oriuntur

916 2130 1065 2171 helince]
1095 2130 1148 2161 De
1168 2130 1340 2173 Hyadibus
1357 2129 1430 2160 vide
1450 2129 1493 2160 iv.
1508 2130 1593 2170 6793

915 2191 948 2211 v.
968 2181 1029 2212 164
1045 2191 1119 2222 sqq.

961 2231 1146 2262 199—208.
1185 2230 1294 2261 Pridie
1325 2229 1431 2260 Nonas
1457 2229 1592 2261 Bellona:

916 2283 1060 2322 templum
1070 2281 1254 2322 sacratum]
1274 2281 1427 2311 Duellnm
1439 2291 1494 2323 pro
1506 2280 1591 2312 bello

915 2331 1012 2362 etiam
1025 2331 1111 2374 apud
1127 2330 1254 2362 Livium
1269 2330 1401 2373 passim.
1438 2330 1490 2361 De
1505 2329 1592 2362 bello

915 2384 1062 2418 Etrusco,
1088 2382 1121 2413 in
1147 2393 1210 2425 quo
1235 2381 1360 2424 Appius
1388 2392 1454 2412 rem
1485 2380 1596 2423 gessit,

916 2433 1013 2470 idem,
1026 2445 1058 2464 x.
1072 2434 1111 2464 18
1127 2443 1208 2475 sqq:
1234 2436 1256 2450 “
1274 2431 1402 2464 Dicitur
1417 2430 1544 2474 Appius
1559 2430 1592 2462 in

916 2484 1021 2515 medio
1043 2494 1159 2527 pugnae
1181 2482 1374 2519 discrimine,
1389 2482 1435 2513 ita
1456 2487 1492 2513 ut
1511 2481 1594 2513 inter

914 2534 1018 2576 prima
1039 2534 1131 2576 signa
1151 2533 1299 2564 manibus
1319 2532 1360 2564 ad
1382 2532 1502 2564 coelum
1517 2532 1592 2564 sub-

914 2583 990 2616 latis
1004 2583 1255 2626 conspiceretur,
1273 2583 1316 2614 ita
1337 2588 1485 2625 precatus
1500 2592 1567 2614 esse
1583 2594 1590 2612 :

915 2635 1064 2672 Bellona,
1077 2634 1103 2666 si
1113 2633 1209 2665 hodie
1223 2633 1314 2665 nobis
1327 2633 1492 2665 victoriam
1508 2632 1591 2669 duis,

913 2689 962 2716 ast
979 2696 1038 2727 ego
1060 2684 1118 2716 tibi
1134 2684 1288 2726 templum
1304 2683 1437 2715 voveo.'’
1483 2682 1590 2713 Etiam

914 2734 948 2766 in
960 2734 1104 2778 inscript.
1116 2744 1214 2776 quam
1225 2732 1366 2776 Neapol.
1377 2732 1506 2768 adtulit,
1521 2731 1589 2763 Bel-

919 2786 991 2816 lsmae
1005 2786 1094 2816 oedem
1101 2784 1214 2827 fecisse
1228 2782 1355 2813 dicitur.

1049 2835 1070 2864 S
1086 2845 1100 2863 s
