1830 3220
647 162 715 204 ΙΝ
751 163 970 206 OVIDll
1009 165 1264 208 FASTOS.
1583 171 1670 213 367

664 350 1114 401 EXCURSUS
1166 354 1244 402 ΙΙ.

235 489 294 517 DE
318 490 567 527 COMMODIS,
592 491 693 522 QUAE
719 492 778 519 AD
801 492 946 520 0V1D11
976 493 1455 524 INTERPRETATIONEM
1488 498 1511 524 Ε
1537 498 1669 526 Novis

488 578 753 608 QUIBUSDAM
781 578 918 606 PRAESI
931 580 1015 607 Dus
1042 581 1196 609 REDUN
1208 584 1412 611 DARUNT.

239 679 541 740 PRAETER
570 713 822 753 magnorum
851 700 1039 741 virorum
1070 716 1209 751 curas,
1242 704 1398 758 quibus
1425 705 1573 747 multae
1601 722 1670 749 res

235 765 318 808 huc
345 767 616 822 pertinentes
646 769 826 825 egregie
859 769 1083 812 illustrata:
1116 779 1229 819 sunt,
1262 774 1388 816 aliam
1417 774 1538 817 fastis
1569 791 1671 818 con-

235 836 382 892 tigisse
425 837 656 886 fortunam,
700 853 757 880 ex
805 841 1056 882 accessione
1103 857 1310 885 novorum
1353 846 1669 899 praesidiorum,

234 906 336 961 quin
371 906 410 948 h.
441 907 465 948 l.
498 908 641 949 statim
676 908 902 965 attingam,
935 925 960 951 a
993 926 1061 952 me
1097 927 1180 954 non
1215 914 1446 969 impetrare
1481 931 1670 970 possum.

235 975 336 1028 Quo
373 977 487 1018 enim
520 978 609 1033 jam
644 979 807 1020 (liutius
843 979 992 1022 harum
1032 981 1252 1025 literarum
1290 985 1478 1027 cultores
1516 988 1671 1028 merito

233 1060 405 1088 omnem
437 1048 688 1104 abjecerant
718 1065 854 1105 spem,
887 1051 992 1100 foro,
1030 1059 1074 1093 ut
1107 1054 1264 1108 passim
1294 1055 1453 1097 rudera
1482 1056 1671 1113 ingentis

233 1116 346 1158 illius
374 1132 518 1159 rerum
546 1119 819 1174 antiquarum
848 1121 1061 1177 naufragii
1089 1123 1130 1164 in
1153 1123 1294 1166 lucem
1319 1131 1594 1176 revocentur,
1618 1142 1671 1170 eo

233 1202 336 1229 sane
363 1188 599 1244 jucundius
631 1191 804 1240 accidit,
830 1192 864 1233 si
894 1199 1054 1248 practer
1084 1210 1255 1237 omnem
1283 1211 1404 1251 spem
1433 1204 1478 1239 et
1507 1198 1670 1253 opinio-

235 1273 334 1300 nem
364 1259 432 1300 vel
464 1259 564 1302 totis
596 1260 746 1310 literis,
783 1263 851 1303 vel
884 1264 1153 1318 potissimum
1188 1266 1396 1321 peculiari
1426 1267 1555 1309 alicui
1583 1283 1673 1310 ma-

234 1329 369 1378 teriae,
403 1330 445 1371 in
479 1345 566 1385 qua
603 1331 890 1382 elaboramus,
926 1349 982 1376 ex
1017 1336 1364 1391 quibuscumque
1399 1338 1670 1393 antiquitatis

231 1398 487 1455 fragmentis
521 1399 609 1442 alto
642 1402 727 1443 situ
759 1403 923 1445 obrutis
957 1419 1112 1446 novam
1145 1406 1245 1447 oriri
1278 1407 1419 1448 lucem
1449 1408 1672 1450 videmus:

233 1469 349 1511 unde
388 1470 509 1512 novis
553 1472 810 1514 testimoniis
849 1474 1031 1530 scriptor
1074 1475 1328 1525 illustretur,
1366 1476 1671 1528 confirmetur;

232 1539 547 1595 explicationes
574 1541 669 1597 ejus
697 1543 840 1585 dubiae
871 1545 940 1586 vel
969 1545 1225 1587 adserantur
1254 1546 1325 1587 vel
1351 1552 1600 1598 mutentur;
1627 1554 1674 1590 et

232 1611 349 1665 quod
377 1610 766 1654 fructuosissimum
799 1628 902 1655 sane
930 1620 975 1656 et
1000 1616 1405 1670 praestantissimum
1430 1623 1512 1666 est,
1535 1618 1672 1673 ipsius

231 1686 379 1723 textus
401 1682 484 1724 huc
506 1683 608 1725 illuc
636 1685 932 1727 constituendi
954 1700 1067 1728 nova
1089 1687 1290 1742 quaedam
1312 1688 1421 1730 ratio
1444 1688 1668 1744 adpareat.

233 1750 348 1794 Haec
384 1758 532 1795 autem
568 1754 610 1796 in
648 1762 841 1798 nostrum
874 1757 1128 1812 scriptorem
1161 1758 1407 1800 redundare
1441 1761 1669 1803 commoda

229 1822 418 1865 inventis
445 1832 545 1866 ante
574 1825 648 1867 hos
672 1826 827 1883 viginti
852 1834 1021 1883 septem
1045 1844 1179 1871 annos
1204 1829 1411 1871 fastorum
1434 1846 1670 1883 sacrorum,

232 1909 340 1950 quos
371 1894 554 1938 Verrius
587 1897 939 1949 concinnaverat,
974 1899 1229 1956 fragmentis
1262 1901 1460 1956 quamvis
1490 1903 1666 1953 mutilis,

230 1965 422 2022 insignes
450 1981 600 2009 eorum
628 1968 673 2010 in
706 1968 856 2010 Ovidii
883 1969 988 2012 locis
1015 1971 1287 2026 explicandis
1317 1977 1463 2027 partes
1494 1973 1672 2017 docent.

231 2035 534 2092 Archetypum
557 2037 682 2094 hujus
707 2039 866 2094 operis,
889 2039 1085 2095 pluribus
1112 2047 1232 2083 certe
1255 2056 1312 2084 ex
1335 2057 1403 2092 eo,
1430 2044 1547 2098 quod
1568 2044 1670 2086 inde

231 2106 462 2162 descripsit
485 2106 653 2150 Volfius
675 2108 733 2150 V.
760 2109 812 2151 C.
838 2111 882 2152 in
911 2110 1138 2161 Suetonio,
1164 2118 1265 2155 tom.
1294 2113 1354 2155 iii.
1382 2114 1488 2164 noti,
1511 2116 1672 2170 prodiit

234 2175 391 2218 Romae
413 2177 572 2220 177911.
641 2178 705 2220 Hi
729 2179 831 2222 fasti
859 2195 884 2222 a
906 2180 1065 2225 Verrio
1091 2183 1268 2232 Flacco,
1293 2184 1578 2227 celeberrimo
1600 2185 1673 2228 illo

230 2247 526 2301 grammatico,
566 2249 690 2305 cujus
728 2250 885 2293 librum
928 2253 982 2294 de
1019 2254 1249 2296 verborum
1282 2254 1670 2310 significationibus

232 2316 392 2360 Festus
423 2318 465 2360 in
496 2321 800 2376 compendium
833 2323 1022 2379 redegit,
1048 2331 1094 2366 et
1120 2324 1317 2381 Augusti
1346 2332 1554 2383 nepotum
1581 2342 1670 2370 ma-

231 2386 381 2442 gistro,
407 2389 639 2432 duodecim
665 2391 819 2434 tabulis
848 2394 1113 2444 marmoreis,
1139 2409 1321 2451 quarum
1344 2396 1515 2453 singula
1536 2413 1670 2441 unum

276 2517 291 2533 ¹¹
315 2513 483 2547 Fastorum
509 2515 584 2548 anni
603 2518 743 2550 Romani
768 2530 787 2551 a
803 2519 917 2551 Verrio
987 2527 1085 2559 stant,
1113 2532 1151 2554 ac
1190 2521 1262 2554 fasti
1296 2522 1438 2554 Romani
1473 2524 1670 2567 singulorum

232 2563 350 2596 Flacco
370 2565 586 2599 ordinatorum
607 2568 752 2612 reliquiae
773 2581 811 2602 ex
834 2581 917 2602 mar-
986 2571 1146 2603 mensium
1170 2583 1209 2604 ex
1231 2572 1388 2605 hactenus
1407 2574 1540 2617 repertis
1560 2576 1671 2609 kalen-

232 2625 413 2648 morearum
429 2618 613 2651 tabularum
629 2619 816 2664 fragmentis
831 2622 917 2654 Prae-
987 2623 1085 2655 dariis
1106 2623 1291 2656 marmoreis
1309 2624 1391 2656 inter
1414 2636 1448 2657 se
1469 2626 1594 2660 collatis
1614 2639 1670 2660 ex—

232 2673 320 2698 ueste
358 2679 461 2711 nuper
488 2670 611 2702 effossis
645 2672 789 2704 collectae
817 2679 850 2704 et
878 2673 916 2704 il-
988 2674 1099 2717 pressi,
1115 2685 1192 2706 cura
1214 2680 1246 2706 et
1268 2675 1375 2707 studio
1400 2676 1437 2708 P.
1454 2677 1491 2708 F.
1510 2678 1548 2709 F.
1570 2679 1670 2722 (Fog-

231 2717 390 2751 lustratae.
453 2720 628 2753 Accedunt
667 2723 770 2755 Verrii
809 2723 918 2756 Flacci
987 2724 1431 2767 ginii)R0maeann01779.
1470 2728 1550 2761 Haec
1564 2729 1671 2762 onmia

232 2769 374 2811 Operum
401 2770 585 2813 fragmenta
609 2773 730 2811 omnia,
759 2785 831 2817 quae
863 2786 918 2806 ex·
989 2775 1160 2817 diligenter
1176 2776 1351 2819 perpende.
