1830 3220
530 170 881 213 FASTORUM
915 171 1037 212 LIB.
1071 171 1129 213 V.
1451 176 1535 217 271

123 287 308 335 Ebrius
333 288 397 335 ad
423 286 606 335 durum
631 286 863 336 formosae
890 288 1044 336 limen
1069 289 1244 337 amicae

192 366 381 414 Cantat
404 382 413 413 :
454 365 646 413 habent
671 373 837 413 unctae
864 366 1036 414 mollia
1061 374 1196 414 serta
1220 383 1394 416 comae.
1440 371 1540 416 340

125 444 281 492 Nulla
305 451 544 492 coronata
570 452 879 508 peraguntur
905 445 1035 492 seria
1060 444 1250 504 fronte;

192 521 302 569 Nec
328 521 537 585 liquidae
563 521 743 568 vinctis
770 522 892 568 flore
917 521 1158 569 bibuntur
1185 539 1329 586 aquae
1354 542 1363 572 :

125 600 304 648 Donec
331 616 441 647 eras
470 599 660 647 mixtus
687 599 854 656 nullis,
882 599 1127 655 Acheloe,
1155 602 1382 659 racemis,

194 678 372 725 Gratia
398 677 657 725 sumendae
684 693 785 724 non
811 684 918 725 erat
942 678 1045 725 ulla
1070 695 1212 726 rosae.

128 755 365 804 Bacchus
392 762 528 802 amat
552 755 730 803 fiores:
762 755 968 803 Baccho
994 758 1247 820 placuisse
1272 773 1510 806 coronam

197 833 278 881 Ex
304 832 574 880 Ariadnaeo
601 833 766 881 sidere
793 850 942 881 nosse
969 841 1131 898 potes.
1447 838 1545 884 346

131 912 298 960 Scena
323 910 446 959 levis
472 911 622 958 decet
647 911 806 959 hanc:
837 928 936 959 non
962 918 1056 968 est,
1076 912 1196 959 mihi
1222 913 1430 970 credite,
1447 930 1548 961 non

196 989 293 1037 Illa
317 989 643 1037 cothurnatas
670 989 798 1037 inter
823 990 1057 1038 habenda
1081 991 1220 1038 deas.
1449 993 1553 1054 [est

130 1067 302 1116 Turba
328 1067 536 1132 quidem
562 1083 651 1114 cur
677 1067 768 1115 hos
791 1069 1015 1116 celebret
1039 1069 1324 1117 meretricia
1348 1070 1513 1128 ludos,

201 1146 320 1194 Non
345 1163 410 1194 ex
437 1146 627 1193 difficili
653 1162 809 1194 causa
832 1147 1056 1211 petenda
1081 1148 1274 1195 subest.
1450 1150 1551 1195 350

135 1225 252 1274 Non
279 1231 357 1273 est
382 1225 445 1272 de
473 1224 683 1281 tetricis,
712 1241 811 1271 non
838 1232 916 1273 est
941 1225 1004 1274 de
1030 1241 1214 1289 magna
1239 1225 1506 1290 professis:

200 1303 324 1350 Vult
349 1319 441 1350 sua
465 1302 666 1366 plebeio
692 1319 836 1350 sacra
861 1310 1037 1367 patere
1063 1304 1234 1351 choro.

136 1380 203 1437 Et
226 1387 399 1428 monet
423 1380 586 1428 aetatis
614 1380 802 1445 specie,
830 1380 952 1427 dum
977 1381 1169 1438 floreat,
1197 1381 1300 1439 uti3

205 1459 478 1507 Contemni
505 1459 720 1523 spinam,
751 1475 909 1523 quum
935 1459 1166 1507 cecidere
1192 1475 1334 1506 rosae.

136 1537 243 1586 Cur
262 1545 449 1594 tamen,
474 1545 531 1585 ut
555 1537 740 1585 dantur
758 1545 926 1586 vestes
955 1537 1253 1586 Cerealibus
1281 1538 1425 1594 albae,

205 1615 290 1664 Sic
317 1623 393 1664 est
413 1617 521 1663 haec
548 1617 689 1664 cultu
714 1617 1014 1665 versicolore
1040 1617 1264 1664 decens?

185 1768 262 1799 342.
279 1767 416 1808 Liquido
432 1778 515 1798 nunc
529 1767 657 1809 ponitur
671 1778 726 1810 pro
740 1780 746 1798 ε
765 1768 816 1799 cui

142 1816 221 1848 nihil
237 1817 303 1848 vini
320 1817 508 1849 admixtum.
538 1817 621 1848 Meri
638 1828 721 1859 aqua
736 1822 816 1848 tem-

141 1866 274 1908 perandi
299 1872 444 1897 auctores
467 1866 573 1908 plures
595 1867 815 1903 nominantur3

142 1915 216 1947 vide
234 1915 394 1946 Harduin.
413 1915 452 1946 ad
469 1915 621 1952 Plinium,
637 1915 818 1958 vii.p.4l5.

143 1965 182 1995 In
210 1964 249 1996 iis
276 1965 413 1996 Cerasus
444 1965 585 2001 AEtolus,
613 1965 667 2007 qui
695 1966 820 1997 Acheloi

144 2025 260 2057 aquam
279 2014 461 2046 adhibuisse
478 2015 510 2045 in
526 2025 599 2046 eum
616 2025 706 2046 usum
724 2015 821 2046 tradi-

144 2071 219 2103 tur3
255 2064 417 2107 Hyginus,
447 2065 512 2096 fab.
537 2065 612 2095 274.
661 2065 757 2096 Unde
790 2070 822 2096 et

145 2114 313 2156 Virgilius,
335 2114 455 2156 Georg.
484 2115 505 2146 i.
531 2115 572 2145 9:
599 2118 619 2131 “
637 2115 821 2156 Poculaque

144 2165 283 2196 inventis
295 2165 452 2196 Acheloia
466 2165 592 2196 miscuit
605 2165 697 2196 uvis''
709 2166 802 2196 tellus
815 2177 823 2204 ;

146 2214 201 2245 ubi
219 2214 290 2246 vide
320 2214 458 2256 interpp.
507 2215 559 2245 De
583 2226 692 2246 corono
710 2217 822 2246 Ariad-

147 2276 225 2301 ozaea,
238 2264 285 2295 iii.
299 2265 374 2295 513.
383 2264 467 2295 unde
481 2271 623 2307 apparet,
633 2275 714 2301 eam,
726 2275 825 2306 quum

147 2325 210 2345 non
224 2320 307 2345 esset
322 2313 443 2350 florida,
460 2325 571 2356 parum
589 2315 754 2346 commode
772 2314 823 2345 hic

149 2374 218 2395 esse
233 2368 451 2394 memoratam.

194 2414 269 2444 347.
297 2413 412 2449 Hanc;
443 2413 570 2454 respicit
595 2412 635 2443 ad
660 2424 725 2444 ver.
749 2413 824 2443 334.

149 2473 224 2495 nam
240 2462 364 2504 reliqua
379 2463 470 2504 quasi
485 2474 541 2505 per
557 2462 758 2505 parenthesin
777 2462 824 2493 in-

149 2514 295 2556 terjecta,
306 2518 342 2543 ut
353 2513 420 2554 jam
437 2523 531 2555 supra
543 2517 697 2543 notatum.
737 2512 826 2543 Levis

151 2573 237 2605 saepe
261 2567 355 2593 estet
371 2561 559 2593 histrionum
581 2567 613 2592 et
634 2571 738 2592 scenae
759 2561 826 2603 epi-

153 2613 277 2649 theton,
306 2617 341 2643 ut
369 2622 441 2653 quae
472 2611 626 2653 voluptati
657 2610 826 2649 inserviat3

152 2662 265 2694 Cicero
282 2662 372 2693 Orat.
388 2661 410 2692 i.
424 2663 459 2692 5:
488 2663 560 2692 Ievis
576 2662 756 2692 histrionum
778 2671 829 2692 ars

154 2720 184 2743 et
209 2723 310 2743 scena.
348 2711 444 2742 Nunc
469 2716 576 2742 autem
601 2710 663 2741 hac
681 2720 758 2741 voce
782 2721 829 2741 re—

153 2761 284 2804 spicitur
300 2761 341 2792 ad
358 2761 450 2793 ludos
461 2760 622 2802 joculares
638 2767 669 2791 et
685 2760 830 2796 lascivos,

1456 1619 1553 1665 356

885 1768 1000 1810 quibus
1016 1766 1243 1809 tragoediarum
1270 1766 1409 1808 gravitas
1425 1767 1556 1810 opponi-

886 1823 947 1854 tur,
978 1828 1052 1859 qua,
1083 1827 1153 1858 quae
1180 1816 1380 1848 delectantur
1403 1816 1484 1853 deae,
1511 1829 1559 1848 oo-

888 1869 1042 1898 thurmztae
1058 1867 1108 1897 hic
1124 1866 1283 1898 dicuntur.
1328 1867 1512 1899 Taubnerus
1527 1867 1560 1898 in

888 1916 962 1948 Ind.
979 1927 1040 1947 non
1061 1917 1143 1947 bene
1166 1916 1241 1947 deas
1263 1916 1396 1958 majores
1412 1922 1444 1948 et
1465 1928 1558 1959 supe-

888 1966 983 1998 riores
1011 1966 1245 2007 interpretatur.
1293 1965 1451 1997 Caetemm
1473 1966 1560 1997 simi-

889 2017 953 2047 lem
979 2014 1170 2047 sententiam
1194 2015 1350 2046 habemus
1372 2015 1454 2046 infra
1468 2027 1560 2047 versu

891 2066 966 2097 598.
982 2065 1022 2096 de
1044 2065 1171 2095 Marte:
1200 2064 1272 2095 Non
1295 2066 1359 2095 visa
1385 2072 1426 2095 est
1442 2065 1561 2107 fortem

891 2126 978 2146 scena
1009 2116 1112 2146 decere
1138 2115 1238 2145 deum.
1286 2114 1333 2145 Ex·
1363 2114 1484 2156 difficili
1509 2127 1563 2156 pe-

893 2167 998 2202 tenda,
1017 2164 1188 2196 difficulter
1202 2164 1404 2196 invenienda.
1442 2166 1564 2197 Subesse

892 2227 984 2246 causa
1000 2226 1084 2257 saepe
1100 2214 1227 2251 dicitur,
1239 2215 1324 2256 quod
1341 2215 1492 2247 Heinsius
1507 2227 1560 2247 ex-

894 2265 1007 2307 emplis
1022 2265 1126 2296 docet.

938 2316 1013 2346 351.
1039 2314 1188 2351 Tetricus,
1227 2325 1365 2352 severus,
1399 2316 1563 2356 horridus3

893 2364 1012 2400 Livius,
1027 2364 1048 2394 i.
1067 2366 1105 2395 18
1123 2377 1129 2394 :
1159 2369 1180 2381 ¹‘
1198 2364 1324 2395 Tetrica
1346 2370 1378 2395 et
1398 2366 1493 2397 tristis
1507 2368 1564 2398 Sa—

892 2414 1037 2445 binorum
1052 2413 1257 2455 disciplina.''
1293 2414 1432 2446 Plebeius
1447 2418 1566 2456 chorus,

893 2464 948 2495 ille
963 2463 1030 2506 ipse
1044 2463 1245 2494 meretricum
1259 2463 1443 2495 saltantium
1456 2472 1487 2496 et
1502 2467 1566 2498 dis-

893 2513 1086 2545 currentium
1112 2518 1226 2544 coetus.
1273 2513 1398 2553 Species,
1427 2515 1566 2557 pulchri-

894 2562 981 2599 tudo,
1012 2562 1117 2599 decor,
1142 2573 1238 2604 quem
1264 2562 1366 2604 gignit
1389 2564 1567 2606 juventutis

895 2612 992 2653 vigor.

941 2662 1015 2692 355.
1032 2661 1082 2693 De
1098 2663 1226 2692 vestibus
1239 2661 1303 2692 illis
1318 2664 1394 2693 albis
1405 2664 1512 2695 confer
1523 2665 1566 2698 iv.

898 2711 973 2742 619.
1023 2711 1120 2741 Cultu
1135 2713 1241 2742 decens
1254 2718 1307 2747 est,
1324 2711 1421 2743 habet
1436 2719 1566 2752 vestem,

899 2771 1032 2801 eamque
1048 2760 1205 2792 decoram.
1244 2761 1295 2792 De
1311 2762 1484 2793 versicolore
1498 2774 1567 2794 ves-
