1830 3220
561 165 909 209 FASTORUM
943 168 1064 209 LIB.
1089 168 1126 210 Ι.
1490 169 1549 210 37

135 280 246 328 Nec
271 292 439 328 tamen
465 290 520 329 ut
546 283 736 346 primus
762 299 916 331 moere
942 285 1074 332 mala
1091 285 1214 332 talia
1240 300 1436 348 passus,

203 358 386 406 Obruit
411 359 641 422 ingentes
668 360 766 407 ista
790 361 1013 424 procella
1036 361 1182 409 viros.

133 434 322 483 Passus
346 435 497 492 idem,
519 436 686 501 Tyriis
713 437 799 501 qui
826 438 1084 501 quondam
1110 439 1286 503 pulsus
1314 439 1377 486 ab
1404 439 1520 494 oris,

202 513 444 570 Cadmus,
472 514 522 561 in
548 515 712 563 Aonia
737 516 966 563 constitit
990 517 1135 564 exsul
1160 517 1341 574 humo3

1445 519 1544 564 490

132 589 323 638 Passus
350 591 483 640 idem
510 591 734 656 Tydeus,
763 600 814 641 et
838 593 972 641 idem
999 594 1274 657 Pagasaeus
1302 593 1467 650 Iason,

201 667 268 715 Et
292 685 418 732 quos
445 677 690 733 praeterea
714 671 864 733 longa
888 671 1070 719 referre
1097 687 1236 718 mora
1261 679 1355 718 est.

134 744 300 794 Omne
326 747 488 794 solum
514 747 625 794 forti
653 749 815 812 patria
840 757 942 805 est;
973 757 1029 796 ut
1054 749 1277 814 piscibus
1304 765 1503 812 aequor3

200 823 271 870 Ut
290 824 497 881 volucri,
526 841 683 873 vacuo
709 826 959 889 quidquid
986 827 1034 873 in
1062 828 1181 874 orbe
1207 834 1366 891 patet.

1440 829 1537 874 494

131 901 240 949 Nec
260 900 365 949 fera
390 909 668 966 tempestas
694 911 800 951 toto
825 911 996 952 tamen
1021 905 1191 952 horret
1212 905 1261 952 in
1288 921 1447 952 anno:

199 978 265 1026 Et
289 979 396 1036 tibi,
425 981 574 1028 crede
601 981 738 1038 mihi,
767 989 995 1046 tempora
1018 983 1146 1030 veris
1172 990 1336 1030 erunt.

129 1056 352 1105 Vocibus
380 1057 612 1106 Evander
636 1058 832 1106 firmata
857 1066 1026 1107 mente
1052 1060 1291 1124 parentis,

197 1134 338 1184 Nave
358 1144 498 1184 secat
521 1136 721 1195 fluctus,
748 1137 1152 1202 Hesperiamque
1178 1145 1335 1187 tenet.

171 1354 245 1385 488.
294 1354 443 1390 Procella,
464 1365 536 1385 mox
553 1365 617 1385 ver.
631 1355 707 1386 495.
726 1363 796 1386 tem—

124 1409 232 1442 pestus,
249 1402 334 1444 quod
350 1408 519 1445 utrumque
533 1415 600 1436 voc.
616 1403 713 1435 etiam
728 1405 797 1436 Cic.

125 1452 165 1483 de
195 1452 432 1484 calamitatibus
462 1453 605 1485 adhibet.
651 1454 798 1486 Procella

127 1501 313 1543 navigantes
354 1503 526 1542 prehendit,
564 1503 797 1546 prehensosque

129 1553 245 1588 obruit,
270 1552 428 1594 immergit
452 1552 613 1584 fluctibus.
658 1553 799 1585 Cadmus

129 1602 234 1638 pulsus
247 1608 314 1632 erat
330 1612 348 1632 a
365 1608 464 1644 patre,
480 1607 515 1633 ut
527 1613 660 1634 sororem
676 1609 798 1645 raptam

129 1659 302 1692 quaereret;
320 1652 403 1682 Met.
419 1651 464 1683 iii.
480 1651 550 1683 init.
565 1664 572 1690 3
590 1651 644 1683 ubi
655 1652 721 1683 vid.
732 1659 797 1683 not.

125 1700 165 1731 de
188 1702 299 1737 Aonia,
322 1700 354 1731 id
379 1706 427 1732 est
448 1701 590 1732 Boeotia.
630 1702 798 1733 Consistere

125 1750 165 1781 de
189 1750 332 1792 profugo,
348 1750 402 1793 qui
425 1750 532 1782 sedern
554 1758 672 1782 certam
697 1751 795 1794 capit.

128 1800 258 1841 Tydeus,
273 1801 383 1842 pulsus
404 1801 444 1831 ab
467 1800 570 1831 OEneo
593 1807 694 1842 patre,
710 1801 795 1843 quod

125 1850 347 1893 Menalippum
367 1851 492 1882 fratrem
513 1850 546 1881 in
563 1850 726 1882 venatione
743 1862 795 1882 oc-

125 1899 258 1935 ciderat,
277 1901 373 1942 Argos
388 1898 535 1942 migravit
554 1899 593 1930 ad
610 1900 795 1932 Adrastum.

126 1949 245 1991 Hygin.
273 1948 338 1981 fab.
368 1950 419 1981 69.
471 1949 513 1980 Et
542 1961 612 1990 quos
636 1957 792 1989 praeterea,

129 1999 257 2035 Peleus,
271 1999 441 2041 Telephus,
453 1999 617 2036 Telamon,
634 1999 699 2030 alii.
729 2000 792 2030 Ex-

124 2049 228 2081 sulum
240 2050 421 2092 catalogum
434 2050 531 2082 habes
546 2056 578 2081 et
589 2051 618 2082 I.
630 2061 669 2081 ex
680 2051 792 2086 Ponto,

124 2098 170 2131 iii.
184 2100 224 2130 37
241 2110 311 2142 sqq.

169 2149 244 2181 493.
274 2149 443 2180 Veteribus
471 2149 676 2181 commoratio
704 2155 794 2181 extra

124 2198 258 2241 patriam
284 2209 435 2240 maguum
465 2198 596 2230 malum.
652 2199 794 2236 Quidam

125 2255 230 2281 tamen
257 2248 347 2280 aliter
372 2254 550 2280 senserunt.
586 2250 665 2280 Haec
689 2255 795 2281 nostra

125 2298 281 2330 sententia
310 2305 414 2329 sumta
437 2309 476 2329 ex
501 2298 643 2341 Euripid.
668 2299 793 2341 Fragm.

126 2348 238 2379 incert.
259 2359 289 2379 n.
306 2348 367 2379 37:
386 2347 500 2385 ’Ἅπας
525 2349 587 2390 μὲν
609 2348 674 2390 ἀὴρ
696 2347 796 2390 αἰετῷ

128 2396 317 2440 περάσιμος,
339 2397 483 2429 ’Ἅπασα
513 2397 544 2429 δὲ
573 2398 666 2440 χθὼν
699 2397 794 2441 ἀνδρὶ

127 2448 269 2491 γενναίῳ
287 2448 420 2490 πατρίς.
454 2448 612 2490 Necfera,
626 2456 688 2479 etc.
712 2448 794 2479 Cum

125 2499 185 2530 hoc
224 2497 335 2529 solatio
369 2497 478 2528 confer
513 2499 623 2529 Horat.
654 2498 703 2528 11.
731 2498 793 2529 Od.

126 2549 169 2581 ix.
193 2548 262 2579 init.
288 2554 320 2579 et
345 2559 376 2580 x.
403 2549 453 2580 13.
512 2549 569 2579 Ver
594 2549 673 2579 laetae
704 2548 795 2579 sortis

126 2598 240 2641 imago.

170 2648 245 2680 497.
267 2647 407 2678 Firmare
428 2654 564 2684 mentem,
581 2647 719 2678 animum
737 2647 792 2678 ad-

125 2697 212 2733 dere,
236 2698 318 2728 bona
338 2703 385 2728 est
410 2697 538 2733 locutio,
563 2708 658 2739 quarn
684 2696 792 2728 Bentl.

127 2746 166 2778 ad
187 2747 299 2778 Horat.
315 2747 378 2778 111.
400 2747 462 2778 Od.
480 2746 564 2777 xxiv.
579 2748 632 2778 54.
652 2757 792 2788 compro-

865 1356 930 1386 bat.
987 1356 1164 1395 Hesperiam
1203 1362 1294 1391 tenet,
1325 1361 1409 1387 tenet
1439 1355 1534 1392 viam,

865 1416 937 1447 quae
952 1405 1050 1436 ducat
1065 1406 1097 1436 in
1114 1405 1253 1442 Italiam,
1266 1416 1392 1436 cursum
1402 1405 1538 1437 advertit

864 1455 897 1486 in
919 1455 1061 1486 Italiam.
1110 1455 1220 1492 Docta,
1248 1455 1324 1497 quia
1345 1461 1377 1486 et
1400 1455 1533 1487 fatidica

865 1511 983 1542 erat,et
995 1504 1135 1536 carmina
1144 1506 1315 1547 pangebat.
1341 1505 1392 1536 Ita
1401 1505 1534 1536 Metam.

868 1554 911 1586 iii.
933 1555 1007 1585 322.
1031 1556 1135 1585 doctus
1159 1555 1300 1586 Tiresias.
1341 1555 1453 1586 Obvius
1473 1556 1536 1585 ibat

866 1606 962 1645 aquis,
979 1604 1109 1635 adverso
1124 1604 1252 1636 flumine
1263 1604 1448 1640 vehebatur,
1462 1605 1534 1636 Me-

867 1659 944 1684 tam.
961 1653 1026 1684 viii.
1045 1654 1120 1684 164.
1167 1654 1326 1690 Evander,
1338 1654 1447 1685 Fauno
1462 1664 1532 1695 reg-

866 1709 972 1739 nante,
989 1703 1058 1733 Lx.
1073 1702 1198 1734 circiter
1212 1703 1303 1733 annis
1323 1709 1396 1733 ante
1412 1703 1532 1734 bellum

864 1752 1034 1794 Trojanum
1047 1751 1078 1782 in
1090 1752 1216 1783 Italiam
1228 1753 1313 1783 venit
1327 1764 1335 1791 ;
1346 1752 1439 1783 Dion.
1448 1752 1468 1784 i.
1480 1754 1534 1784 31.

864 1801 1009 1832 Arcades
1028 1801 1164 1843 benigne
1187 1801 1324 1844 excepti,
1343 1813 1441 1843 quum
1462 1807 1532 1833 tan-

864 1857 930 1881 tum
946 1850 984 1881 iis
1000 1851 1065 1892 agri
1078 1850 1264 1893 permissum
1276 1857 1531 1892 esset,quantum

864 1900 991 1936 vellent,
1009 1900 1051 1938 ὡς
1078 1900 1098 1939 ἡ
1123 1899 1219 1942 Θέμις
1244 1900 1452 1941 (Carmenta)
1474 1901 1529 1932 αὐ-

864 1951 932 1988 τοῖς
956 1949 1213 1987 ἐπιθυσιάζουσα
1234 1950 1384 1991 ἔφραζεν,
1401 1949 1533 1992 αἱροῦν-

860 2012 914 2031 ται
936 2000 1041 2043 λόφον
1063 1999 1179 2043 ὀλίγον
1202 1998 1380 2041 ἀπέχοντα
1401 2002 1458 2032 τοῦ
1478 2004 1532 2032 Τι-

859 2048 979 2091 βέριος,
995 2055 1056 2081 etc.
1102 2049 1218 2080 Noster
1241 2050 1319 2079 vada
1332 2051 1449 2090 juncta
1478 2050 1532 2081 Te-

862 2101 942 2130 renti
978 2106 1142 2131 memorat.
1197 2099 1354 2136 Tei-entus,
1385 2099 1473 2131 locus
1499 2101 1532 2132 in

861 2159 973 2191 campo
994 2149 1125 2183 Martio.
1142 2149 1172 2179 in
1194 2159 1257 2190 quo
1278 2148 1361 2179 ludis
1383 2149 1530 2181 seculari-

861 2198 920 2229 bus
948 2198 1017 2229 Diti
1045 2198 1241 2240 Proserpinae
1279 2208 1370 2229 sacra
1403 2199 1532 2231 fiebant.

864 2247 938 2279 vid.
959 2248 1071 2279 Heius.
1092 2248 1147 2289 qui
1172 2258 1188 2278 e
1212 2247 1394 2279 melioribus
1422 2248 1533 2290 paucis

866 2297 987 2328 Terenti
1017 2297 1186 2334 revocavit,
1214 2308 1310 2339 quum
1336 2297 1449 2340 reliqui
1475 2299 1533 2329 Tu-

863 2350 944 2379 renti
967 2348 1165 2390 praeferrent.
1203 2348 1288 2379 Vada
1305 2348 1429 2379 Terenti
1444 2349 1529 2380 Len-

863 2398 930 2429 zius
956 2397 1095 2429 Tiberim
1124 2397 1254 2429 fluvium
1281 2398 1371 2429 intel.
1395 2398 1450 2440 qui
1479 2398 1531 2430 hic

862 2448 964 2478 forsan
979 2447 1106 2479 Terenti
1123 2458 1236 2478 nomen
1255 2448 1447 2479 assumserit.
1491 2449 1531 2480 Id

862 2497 889 2527 si
913 2497 965 2529 cui
988 2498 1101 2529 durum
1117 2497 1273 2533 videatur,
1291 2498 1388 2529 verba
1412 2497 1457 2529 sic
1482 2509 1530 2530 or-

861 2547 962 2578 dinari
993 2548 1070 2584 vult,
1103 2549 1183 2578 lutus
1214 2547 1348 2584 Terenti,
1378 2551 1429 2579 cui
1458 2556 1530 2580 sunt

860 2599 938 2628 vada
964 2598 1110 2639 fluminis
1136 2599 1264 2637 juncta.
1310 2597 1379 2628 Hoc
1404 2608 1528 2639 quoque

861 2646 986 2678 durum.
1024 2646 1138 2677 Malim
1162 2645 1279 2682 dicere,
1297 2657 1392 2688 prope
1412 2647 1529 2677 Teren-

862 2702 927 2727 tum
944 2696 1040 2728 fuisse
1057 2695 1184 2727 vadum.
1213 2697 1292 2731 Sola,
1308 2694 1458 2731 solitaria,
1471 2695 1526 2727 de—

861 2752 954 2777 serta.
