1830 3220
553 165 903 208 FASTORUM
938 165 1060 206 LIB.
1094 164 1150 206 V.

1468 167 1555 209 269

143 282 278 337 Quid
303 282 536 337 facerem,
566 299 655 346 per
682 282 819 345 quod
845 281 1015 330 fierem
1043 279 1310 329 manifesta
1335 281 1556 329 doloris?

212 359 484 423 Exigerem
511 367 696 407 nostrae
723 359 894 423 qualia
919 359 1104 407 damna
1129 359 1295 406 notae?

143 436 350 485 Excidit
375 437 593 485 officium
621 438 749 486 tristi
775 438 924 485 mihi:
967 437 1106 484 nulla
1130 437 1311 484 tuebar

1459 439 1556 484 315

210 514 368 571 Rura,
396 531 488 563 nec
516 516 565 562 in
591 515 755 579 pretio
780 514 957 562 fertilis
984 514 1158 561 hortus
1185 522 1308 562 erat.

144 592 270 640 Lilia
294 593 616 650 deciderant3
657 593 812 640 violas
839 608 978 639 arere
1004 591 1218 648 videres,

209 670 422 735 Filaque
449 670 652 735 punicei
678 670 918 733 languida
941 669 1076 717 facta
1100 669 1251 717 croci.

143 749 293 813 Saepe
321 748 440 795 mihi
468 749 748 813 Zephyrus,
780 748 938 796 Dotes
966 763 1289 811 corrumpere
1315 748 1416 794 noli

210 826 332 890 Ipsa
357 834 487 882 tuas,
515 826 678 873 dixit:
719 826 811 873 dos
839 825 961 872 mihi
988 825 1098 871 vilis
1127 832 1251 872 erat.

1463 828 1563 872 320

142 904 415 952 Florebant
433 904 586 962 oleae3
626 904 762 952 venti
789 918 1006 951 nocuere
1030 902 1275 967 protervi:

210 982 481 1031 Florebant
506 990 735 1046 segetes3
778 982 1022 1046 grandine
1048 981 1170 1028 laesa
1197 980 1385 1028 Ceres:

142 1060 202 1107 In
229 1077 319 1125 spe
344 1061 458 1108 vitis
484 1068 619 1108 erat:
661 1061 847 1108 coelum
873 1059 1116 1123 nigrescit
1142 1059 1205 1106 ab
1234 1058 1451 1114 Austris,

211 1138 280 1186 Et
306 1140 474 1187 subita
498 1139 701 1187 frondes
727 1139 1055 1188 decutiuntur
1081 1153 1230 1201 aqua.

142 1216 252 1265 Nec
278 1217 411 1264 volui
436 1217 560 1273 fieri,
589 1233 681 1264 nec
710 1234 820 1265 suni
847 1215 1066 1264 crudelis
1092 1215 1143 1262 in
1171 1215 1243 1261 ira
1265 1231 1274 1262 :

1463 1216 1561 1261 325

210 1295 348 1342 Cura
372 1295 654 1359 repellendi
680 1295 770 1343 sed
795 1295 916 1342 mihi
943 1295 1082 1341 nulla
1105 1292 1215 1340 fuit.

141 1372 437 1421 Convenere
454 1373 672 1431 ‘Patres3
715 1379 782 1429 et,
811 1372 852 1420 si
878 1373 1009 1419 bene
1035 1372 1212 1419 floreat
1238 1386 1416 1425 annus,

209 1449 518 1498 Numinibus
548 1450 733 1498 nostris
760 1466 928 1498 annua
952 1449 1083 1497 festa
1108 1456 1307 1496 vovent.

141 1528 426 1575 Adnuiinus
455 1535 595 1576 voto:
637 1528 814 1576 consul
842 1544 958 1575 cum
984 1527 1194 1575 consule
1219 1526 1367 1573 ludos

209 1606 474 1654 Postumio
506 1606 681 1654 Laenas
710 1605 998 1670 persoluere
1025 1604 1164 1651 mihi.

1466 1605 1565 1649 330

142 1684 381 1739 Qtiaerere
407 1684 642 1741 conabar,
671 1700 828 1747 quare
853 1684 1060 1731 lascivia
1084 1683 1245 1746 major

211 1761 305 1809 His
334 1761 462 1810 foret
487 1761 538 1808 in
564 1762 714 1818 ludis,
742 1761 1048 1825 liberiorque
1069 1762 1248 1824 jocus:

139 1908 241 1940 Florae
270 1908 394 1939 illatam
423 1907 671 1946 intellexerunt3
710 1907 816 1939 Taub-

140 1968 245 1995 nerus,
262 1957 549 2000 reprehensionem,
565 1958 817 1999 castigationem.

139 2008 202 2041 Sed
218 2008 335 2040 rectius
350 2019 423 2039 cum
436 2009 622 2039 Burmanno
639 2007 708 2038 haec
722 2008 818 2038 verba

139 2058 416 2101 interpretaberis:
443 2068 514 2099 quae
532 2057 663 2099 quidem
687 2068 707 2088 a
728 2056 819 2088 nobis

140 2108 283 2151 profecta
297 2108 392 2140 facile
412 2113 689 2150 cognoscerentur.
735 2106 820 2139 Vide

139 2168 213 2190 eum
236 2158 276 2189 ad
293 2157 490 2194 Petronium,
507 2159 561 2189 83.
609 2158 735 2188 Eaeidit
754 2157 820 2198 ⁰ffi·

140 2210 223 2240 cium
242 2209 328 2245 mihi,
344 2207 424 2238 desii
441 2218 550 2238 curare
567 2218 639 2238 rura
653 2213 686 2238 et
700 2207 818 2238 hortos.

144 2259 237 2290 Croco
246 2259 311 2300 fila
327 2259 508 2289 tribuuntur
529 2263 562 2288 et
577 2257 817 2299 capillamenta,

142 2308 226 2340 unde
257 2307 364 2340 Graeci
393 2318 465 2339 eum
497 2307 704 2349 ξανθότριχα
729 2306 818 2338 dixe-

142 2365 235 2397 runt;
273 2358 345 2389 vide
373 2357 565 2388 Salmasium
594 2357 635 2388 ad
663 2357 818 2392 Solinum,

142 2419 216 2451 pag.
234 2409 309 2440 749.
356 2409 471 2445 Doles5
497 2408 569 2439 vide
593 2407 634 2438 ad
655 2418 719 2438 ver.
741 2408 818 2438 209.

142 2458 326 2501 Sequentia,
339 2458 504 2489 Florebant
521 2460 601 2494 oleae,
615 2464 677 2488 etc.
692 2467 819 2498 respon-

143 2509 220 2540 dent
233 2508 282 2545 iis,
299 2518 370 2549 quae
387 2507 461 2539 inde
478 2519 496 2539 a
511 2519 602 2539 versu
615 2508 690 2538 263.
705 2507 818 2548 legun-

145 2565 206 2590 tur.
255 2559 397 2589 Crudelis
420 2560 454 2589 in
477 2561 536 2595 ira,
553 2564 589 2589 ut
611 2558 708 2588 Ceres
729 2562 820 2598 rapta

144 2608 333 2650 Proserpina
355 2607 489 2639 saeviens
512 2609 649 2639 Metam.
665 2620 695 2639 v.
712 2608 820 2638 478—

145 2659 220 2690 486.
267 2658 448 2699 Repellendi
475 2663 596 2694 ventos,
619 2656 817 2699 grandinem,

145 2707 271 2750 pluvios
286 2713 418 2739 austros.

191 2759 268 2789 327.
295 2759 414 2795 Annus,
438 2758 574 2794 arbores,
598 2756 690 2792 vites,
715 2755 821 2796 fruges

888 1906 975 1937 illius
987 1906 1075 1937 anni.
1100 1906 1276 1936 Adnuimus
1291 1910 1369 1938 voto.
1383 1903 1443 1935 feci
1455 1903 1498 1939 id,
1511 1913 1567 1934 cu-

883 1957 938 1999 jus
961 1967 1059 1988 causa
1084 1956 1131 1987 illi
1148 1962 1258 1986 votum
1282 1959 1566 1995 nuncnpaverant;

888 2007 1098 2043 Claudianus,
1136 2005 1223 2037 xxiv.
1261 2005 1346 2035 212:
1384 2007 1403 2020 “
1422 2003 1567 2044 votisque

887 2063 1017 2088 senatus
1041 2056 1169 2092 Adnue,
1194 2055 1281 2091 diva,
1301 2053 1383 2085 tui.⁷'
1426 2053 1568 2083 Consules

890 2107 926 2139 L.
946 2107 1120 2138 Postumius
1142 2104 1281 2136 Albinus
1305 2109 1337 2135 et
1360 2103 1409 2133 M.
1426 2102 1569 2145 Popilius

891 2156 999 2187 Laenas
1023 2166 1107 2186 anno
1132 2155 1177 2186 U.
1201 2154 1240 2185 C.
1264 2154 1340 2185 580.
1363 2152 1568 2184 instituerunt

890 2212 926 2237 ut
942 2207 1113 2248 quotannis
1129 2204 1197 2235 ludi
1212 2203 1357 2234 Florales
1380 2201 1567 2233 exhiberen-

890 2263 950 2286 tur.
996 2255 1122 2286 Primus
1145 2261 1249 2285 autern
1271 2251 1418 2284 exhibuit
1443 2251 1480 2282 C.
1496 2251 1567 2282 Ser-

890 2304 995 2342 vilius,
1026 2303 1129 2335 aedilis
1158 2303 1273 2345 plebis,
1300 2301 1385 2343 quod
1419 2311 1568 2332 nummus

890 2360 1048 2392 testatur3
1074 2353 1147 2385 vide
1177 2352 1408 2395 Spanhemium
1436 2350 1477 2381 ad
1502 2361 1569 2381 ver.

889 2406 964 2436 275.
985 2403 1163 2435 laudatum.
1198 2403 1427 2433 Persolvuntw·
1442 2400 1565 2444 proprie

889 2461 974 2493 vota,
1004 2454 1079 2486 hinc
1106 2454 1202 2486 etiarn
1231 2464 1292 2490 res,
1322 2463 1393 2495 quae
1420 2453 1500 2483 fiunt
1528 2462 1566 2482 ex

889 2510 973 2542 voto,
991 2510 1047 2536 aut
1061 2504 1280 2535 instituuntur.

935 2555 1122 2587 331—354.
1152 2553 1248 2585 Unde
1280 2554 1403 2584 lascivia
1436 2551 1468 2582 in
1501 2550 1566 2581 illis

888 2606 996 2638 ludis?
1033 2604 1287 2637 Celebrabantur
1316 2602 1363 2633 illi
1387 2612 1459 2632 cum
1481 2599 1566 2631 omni

889 2655 1105 2688 obscaenitate.
1153 2653 1354 2689 Lactantius,
1371 2652 1453 2682 Inst.
1470 2650 1497 2681 I.
1513 2661 1568 2680 xx.

890 2707 933 2746 6;
954 2704 1115 2737 Arnobius
1136 2704 1286 2734 adversus
1310 2702 1442 2737 Gentes,
1467 2699 1512 2730 iii.
1533 2710 1565 2741 p.

893 2756 975 2794 113;
1000 2754 1052 2786 vii.
1076 2765 1110 2795 p.
1133 2754 1218 2792 2383
1254 2751 1366 2782 Schol.
1397 2747 1564 2782 JuvenaJis
