1809 3220
236 229 321 270 462

617 229 666 269 Ρ.
701 228 915 270 OVIDII
949 229 1227 271 NASONIS

237 343 404 397 Quum
428 343 614 388 domini
640 359 884 390 memores
911 344 1054 390 sertis
1080 360 1252 391 ornare
1278 345 1506 392 solebant

300 419 574 481 Agricolas,
602 418 763 466 fructu
788 419 1127 482 proveniente,
1157 420 1309 467 Deos.

1565 424 1622 467 10

238 496 385 558 Saepe
410 501 521 542 tuas
547 496 711 557 igitur,
741 495 902 551 Liber,
929 495 1136 543 miratus
1162 513 1214 543 es
1242 513 1388 544 uvas:

303 571 487 618 Mirata
511 579 588 619 est
611 573 745 619 oleas
772 589 906 636 saepe
933 572 1162 620 Minerva
1183 589 1314 620 suas.

237 648 495 710 Pomaque
520 648 768 695 laesissent
791 655 1028 705 matrem;
1069 649 1118 695 ni
1145 649 1346 696 subdita
1370 665 1504 696 ramo

303 723 472 786 Longa
490 725 731 771 laboranti
755 724 894 771 furca
917 725 1115 772 tulisset
1139 741 1303 788 opem.

237 799 370 855 Quin
395 801 542 848 etiam
569 801 800 864 exemplo
826 801 1050 864 pariebat
1074 801 1257 848 femina
1276 808 1472 859 nostro;

1565 804 1622 848 15

303 877 555 940 Nullaque
581 893 679 924 non
705 877 788 924 illo
813 885 1037 940 tempore
1063 884 1220 925 mater
1244 884 1364 924 erat.

234 952 302 1000 At
331 961 598 1017 postquam
630 954 862 1017 platanis,
890 954 1110 1001 sterilem
1143 954 1481 1017 praebentibus
1514 969 1620 1000 um-

303 1029 515 1076 Uberior
541 1030 714 1092 quavis
740 1031 913 1078 arbore
937 1031 1075 1078 venit
1099 1031 1284 1087 honos;

1441 1031 1618 1093 [bram,

232 1105 337 1153 Nos
365 1122 566 1169 quoque
591 1107 872 1164 fructiferae,
891 1107 932 1154 si
958 1124 1062 1154 nux
1089 1108 1235 1154 modo
1255 1123 1410 1170 ponor
1428 1107 1478 1154 in
1502 1107 1616 1162 illis,

302 1182 558 1246 Coepimus
585 1183 634 1230 in
661 1185 855 1247 patulas
881 1184 1131 1231 luxuriare
1156 1200 1341 1231 comas.

276 1358 307 1389 9.
321 1359 420 1392 Quum
436 1360 548 1389 domini
561 1370 696 1390 memores
705 1362 802 1396 sertis,
812 1360 890 1400 etc.]

231 1408 388 1438 Memores
416 1407 535 1439 scilicet
563 1414 637 1439 tunc
660 1409 815 1450 agricolae,
844 1409 893 1440 cui

232 1457 371 1486 Deorum
401 1457 490 1486 arbor
518 1467 716 1498 unaquaeque
752 1463 818 1488 erat
845 1468 894 1488 sa-

233 1510 332 1539 crata,
358 1504 463 1534 Deum
485 1505 580 1542 hune,
596 1505 627 1535 id
652 1511 709 1541 est,
725 1506 826 1547 ipsam
846 1517 893 1537 ar-

233 1553 349 1588 borem,
362 1553 448 1584 sertis
459 1555 621 1589 ornabant,
631 1565 726 1595 quum
738 1555 894 1585 fructuum

232 1607 400 1642 proventus
429 1601 508 1632 votis
544 1602 765 1643 respondisset.
812 1603 894 1634 Hinc

233 1650 326 1680 Liber
355 1661 423 1680 suas
458 1661 548 1685 uvas,
572 1657 603 1681 et
636 1651 721 1681 oleas
750 1651 896 1682 Minerva

233 1700 434 1729 mirabantur.

278 1749 328 1778 10.
356 1749 524 1790 AgricoIaS,
545 1748 661 1789 fructu
695 1752 896 1788 proveniente,

236 1798 339 1838 Deua]
357 1798 452 1838 Lege,
470 1799 628 1838 Agricolas
645 1799 731 1834 Deos,
744 1799 896 1840 quiequid

233 1846 304 1877 libri
331 1852 451 1876 veteres
479 1845 677 1878 dissentiunt.
722 1848 802 1878 Met.
830 1848 895 1879 viii.

232 1895 319 1926 226:
345 1899 364 1911 “
383 1895 515 1936 Coeptus
539 1895 578 1925 ab
603 1896 748 1936 agricolis
769 1907 896 1938 superos

232 1943 374 1985 pervenit
407 1943 446 1973 ad
478 1954 585 1974 omnes
614 1944 807 1975 Ambitiosus
839 1945 894 1976 ho-

233 1993 321 2023 nos.'’
348 1993 457 2023 Posset
473 1998 504 2023 et
516 1994 687 2033 Agricolam
701 1994 798 2023 Deum
814 1994 895 2034 legi3

232 2052 462 2083 quemcumque
489 2042 592 2072 Deum
620 2041 800 2082 agricolam.
844 2043 895 2074 Sic

232 2091 387 2125 Tibullus,
413 2090 490 2120 libro
515 2091 543 2120 Ι.
568 2091 659 2131 Eleg.
681 2091 701 2121 i.
725 2093 783 2122 19:
818 2097 838 2109 “
855 2094 896 2123 Et

232 2139 451 2181 quodcumque
469 2138 545 2169 mihi
559 2150 684 2180 pomum
701 2151 798 2171 novus
819 2141 895 2172 edu-

231 2194 283 2218 cat
307 2197 418 2223 annus,
442 2188 588 2218 Libatum
611 2190 749 2229 agricola:
773 2190 897 2231 ponitur

233 2241 305 2267 ante
337 2236 431 2267 De0.’¹
485 2236 548 2267 Ubi
577 2236 655 2267 nihil
687 2239 893 2269 mutandum:

232 2295 424 2326 quamquain
443 2286 600 2326 Agricolas
628 2292 698 2316 ante
720 2287 796 2317 Deos
818 2298 894 2318 non-

232 2333 310 2364 nulli
325 2333 451 2374 legunt:
478 2339 532 2365 aut
546 2334 571 2364 si
587 2333 663 2375 quid
679 2340 824 2372 mutetur,
840 2347 895 2377 pro

235 2384 371 2417 libatum,
401 2382 502 2413 libens
533 2393 692 2424 reponam,
731 2385 895 2416 libandum.

235 2432 445 2461 Proveniente.
509 2431 720 2463 Bersmannus
758 2433 897 2475 explicat

229 2479 504 2520 praecocifructu:
528 2479 583 2510 sed
607 2481 676 2521 quis
699 2481 743 2512 ita
758 2488 895 2513 veterum

233 2529 393 2570 loquitur!
413 2530 579 2569 provenire,
603 2536 763 2569 proventus
781 2531 895 2562 millies

233 2578 273 2608 de
297 2577 458 2608 fertilitate
474 2584 537 2608 tam
554 2578 711 2609 hominum
728 2586 758 2610 et
774 2581 894 2610 anima-

234 2627 321 2662 lium,
342 2637 437 2668 quam
454 2638 597 2668 agrorum
613 2628 697 2669 apud
712 2634 829 2659 veteres
843 2640 895 2660 oc-

232 2675 336 2706 currit.
362 2676 478 2706 Brun.
531 2676 733 2708 Praeveniente
747 2683 793 2708 est
809 2685 895 2709 vetus

234 2725 339 2756 lectio.

280 2775 329 2804 12.
347 2773 463 2813 Oleas.]
480 2774 540 2804 Pro
556 2773 646 2804 olivis
663 2773 750 2805 dixit.
779 2776 894 2806 Contra

1557 1187 1622 1230 20

960 1361 1052 1391 Maro
1076 1359 1107 1390 in
1131 1359 1243 1390 Bucol.
1260 1360 1369 1389 olivam
1391 1369 1446 1400 pro
1469 1358 1549 1394 olea,
1573 1358 1620 1388 in-

961 1408 1089 1451 quiens:
1118 1408 1293 1439 Incumbens
1316 1410 1403 1439 tereti
1432 1408 1551 1438 Damon
1580 1409 1621 1438 sic

961 1461 1047 1498 cffpit
1063 1460 1158 1489 olieae.
1189 1459 1245 1488 Est
1259 1457 1342 1488 enim
1356 1459 1419 1488 olea
1433 1457 1532 1492 arbor,
1544 1458 1621 1487 oliva

961 1508 1070 1538 bacca.
1108 1507 1197 1537 Licet
1221 1506 1270 1536 hic
1294 1506 1326 1537 in
1353 1505 1474 1548 proprio
1498 1516 1622 1547 quoque

962 1557 1138 1597 significatu
1154 1567 1208 1597 pro
1224 1556 1331 1586 arbore
1347 1555 1465 1586 dictum
1482 1555 1622 1596 accipere

962 1605 1126 1645 possimus.
1186 1603 1247 1634 Sed
1277 1603 1384 1634 melior
1409 1608 1515 1633 tamen
1544 1602 1625 1644 prior

962 1653 1137 1683 sententia:
1164 1663 1235 1683 nam
1260 1662 1354 1693 supra
1373 1662 1434 1682 non
1456 1652 1544 1687 vites,
1569 1651 1624 1682 sed

962 1713 1040 1732 uvas
1054 1702 1145 1732 dixit.
1178 1703 1277 1732 ΜΑΡ..

1008 1753 1057 1782 13.
1071 1752 1230 1791 Matrem]
1245 1751 1395 1781 Arborem
1406 1749 1537 1785 scilicet,
1551 1760 1621 1790 quae

962 1811 1055 1842 poma
1069 1800 1152 1835 tulit,
1169 1810 1301 1841 quorum
1321 1798 1456 1841 pondere
1475 1808 1623 1839 oppressa

963 1849 1082 1885 fuisset,
1105 1849 1147 1885 ni,
1171 1854 1232 1879 etc.
1280 1849 1332 1879 Ita
1362 1847 1444 1878 Plin.
1467 1847 1544 1878 libro
1569 1846 1624 1878 xii.

965 1898 1056 1928 Rami
1091 1899 1124 1928 in
1161 1898 1304 1928 excelsum
1340 1898 1479 1932 emicant,
1509 1895 1624 1935 sylvosa

963 1948 1169 1982 multitudine,
1180 1952 1259 1976 vasto
1274 1947 1379 1976 matris
1393 1955 1523 1984 corpore.

1010 1997 1059 2026 14.
1083 1996 1189 2037 Longa
1213 1997 1362 2025 laboranti
1387 1993 1497 2033 rama]
1525 1992 1624 2024 Fatis-

963 2045 1057 2080 centi,
1073 2055 1136 2086 prae
1155 2044 1353 2075 multitudine
1368 2044 1536 2074 fructuum.
1573 2042 1623 2073 Sic

963 2093 1037 2123 alibi
1054 2094 1177 2128 Noster,
1194 2093 1327 2123 Remed.
1344 2092 1417 2122 Am.
1434 2092 1512 2122 175:
1530 2095 1549 2108 ¹⁴
1562 2090 1624 2122 As-

962 2141 1032 2182 pice
1058 2152 1218 2183 pomorum
1243 2147 1386 2172 curvatos
1410 2141 1546 2182 pondere
1574 2151 1623 2170 ra-

962 2200 1041 2226 mos,
1062 2190 1106 2220 Ut
1127 2200 1194 2226 sua,
1211 2190 1295 2231 quod
1318 2189 1450 2232 peperit,
1468 2188 1519 2219 vix
1545 2188 1624 2219 ferat

964 2239 1053 2269 arbor
1067 2238 1183 2269 onuS.''

1007 2288 1058 2318 16.
1076 2287 1230 2328 Nullaque
1245 2299 1303 2317 nan
1316 2288 1369 2317 illo
1384 2293 1513 2326 tempore
1527 2292 1622 2317 mater

960 2335 1057 2376 er‹1t.]
1084 2336 1122 2366 In
1147 2346 1247 2366 mores
1265 2335 1366 2366 aetatis
1387 2346 1464 2371 suae,
1479 2334 1554 2365 data
1569 2345 1620 2365 oc—

961 2384 1097 2420 casione,
1127 2383 1281 2425 erumpit3
1305 2389 1336 2414 et
1356 2384 1488 2414 feminas
1510 2382 1623 2423 tangit,

961 2443 1032 2474 quae
1048 2443 1109 2464 non
1124 2432 1216 2463 modo
1228 2433 1474 2474 nonfertilz'tatis
1486 2433 1623 2462 honorem

962 2482 1163 2523 expetebant,
1196 2481 1251 2511 sed
1276 2487 1308 2512 et
1335 2486 1502 2522 conceptos
1527 2480 1623 2511 foetus

963 2530 1107 2561 nefandis
1136 2530 1253 2561 artibus
1277 2530 1310 2560 in
1335 2529 1402 2571 ipso
1428 2539 1510 2571 saepe
1534 2535 1623 2559 utero

964 2579 1129 2610 necabant.

1011 2629 1058 2659 19.
1084 2628 1144 2659 Nos
1160 2638 1271 2668 quoque
1281 2626 1489 2669 fructifera]
1507 2626 1535 2656 F
1537 2628 1621 2668 rugi-

952 2677 1034 2718 ferae
1058 2676 1165 2718 scripti
1194 2677 1356 2718 plerique;
1390 2686 1447 2707 nec
1474 2685 1619 2717 respuen-

963 2725 1048 2755 dum.
1085 2725 1103 2756 J
1108 2724 1305 2755 urisconsulti
1329 2730 1413 2755 certe
1435 2729 1500 2754 tam
1511 2723 1624 2764 frugi-

953 2773 1043 2813 feras
1056 2774 1189 2810 arbores,
1205 2784 1298 2814 quam
1306 2773 1496 2815 fructiferas
1513 2782 1625 2813 agnos-
