1830 3220
571 142 921 185 FASTORUM
953 142 1074 184 LIB.
1108 142 1192 184 IV.

168 256 311 304 Mille
336 258 472 306 venit
495 258 642 305 variis
668 259 844 306 florum
873 258 985 306 Dea
1009 275 1141 306 nexa
1168 260 1391 316 coronis3

1494 144 1581 185 243

1479 262 1575 306 945

236 334 402 382 Scena
419 335 522 398 joci
550 352 737 383 morem
762 336 1007 383 liberioris
1033 337 1215 384 habet:

169 410 290 458 Exit
314 419 365 459 et
388 412 438 459 in
465 411 630 460 Maias
657 402 853 460 sacrum
882 413 1079 460 Florale
1108 413 1383 460 Kalendas.

234 488 376 536 Tunc
402 497 656 553 repetam3
687 506 818 537 nunc
840 507 919 537 me
945 490 1180 553 grandius
1207 498 1352 552 urget
1377 507 1520 554 opus.

165 565 346 613 Aufert
369 566 527 614 Vesta
550 567 684 614 diem
704 584 713 615 :
754 574 969 629 cognato
995 567 1154 614 Vesta
1178 575 1383 631 recepta
1409 575 1487 614 est

235 642 458 692 Limine:
500 645 570 691 sic
590 646 718 708 jussi
745 645 1051 693 constituere
1077 652 1262 708 patres

1480 648 1578 692 950

167 720 392 769 Phoebus
417 722 570 770 habet
591 730 814 787 partem3
844 723 1015 770 Vestae
1040 739 1156 787 pars
1183 723 1340 770 altera
1357 722 1538 770 cessit:

235 802 384 858 Quod
410 813 641 869 superest
665 805 778 861 illis,
809 806 986 853 tertius
1013 806 1122 869 ipse
1148 813 1303 853 tenet.

168 879 312 928 State
339 881 583 930 Palatinae
609 883 795 939 laurus,
824 890 1179 947 praetextaque
1206 899 1397 946 quercu

237 959 350 1007 Stet
374 960 581 1009 domus:
623 968 836 1009 aeternos
863 968 963 1008 tres
990 961 1144 1008 habet
1171 977 1270 1008 una
1297 960 1451 1007 Deos.

165 1078 264 1114 nupta
287 1073 433 1106 1·elict0.”
481 1075 576 1108 Nunc
603 1075 728 1106 Titania
743 1085 837 1106 voca-

167 1126 216 1152 tur
233 1121 365 1160 Aurora,
380 1124 455 1166 quia
471 1125 673 1168 Hyperionis,
688 1125 835 1156 Titanum

168 1171 271 1208 unius,
303 1173 379 1211 filia,
405 1174 520 1206 Phoebi
552 1181 582 1205 et
612 1175 710 1206 Lunae
740 1186 836 1206 soror.

165 1220 332 1259 Tithonus,
345 1223 460 1265 conjux
476 1224 555 1266 ejus,
569 1224 744 1255 secundum
757 1225 835 1256 Dio-

166 1270 277 1303 dorum
301 1273 399 1305 Sicul.
422 1274 543 1315 Hygin.
561 1274 625 1305 fab.
641 1275 717 1305 270.
735 1275 834 1317 Apol-

165 1320 232 1353 lod.
249 1327 282 1353 et
304 1324 394 1359 alios,
413 1324 473 1355 fuit
492 1324 717 1355 Laomedontis
732 1324 834 1363 filius;

165 1371 342 1403 secundum
368 1373 511 1404 Servium
539 1373 579 1404 ad
602 1375 677 1404 AEn.
694 1374 737 1404 vi.
761 1376 835 1406 493.

165 1419 234 1461 ejus
263 1422 369 1454 frater.
405 1423 629 1454 Laomedontis
658 1430 748 1465 pater
778 1424 836 1455 fuit

166 1469 248 1506 Ilus,
275 1473 418 1503 Assaraci
447 1473 553 1504 frater.
599 1473 650 1504 Sic
680 1484 753 1515 ergo
781 1485 835 1516 ap-

165 1526 265 1561 paret,
281 1532 344 1563 quo
364 1533 458 1554 sensu
481 1523 539 1554 hoc
561 1521 630 1554 loco
639 1524 761 1564 fratris
781 1535 835 1556 no-

166 1580 239 1601 men
266 1571 458 1615 capiendum
481 1573 542 1612 sit;
575 1574 631 1605 sed
654 1576 837 1606 Assaracum

166 1619 302 1652 inserere
319 1622 429 1659 voluit,
449 1623 502 1665 qui
524 1623 578 1655 ille
599 1623 631 1654 in
649 1625 771 1661 AEneae,
789 1630 836 1655 at-

168 1680 229 1711 que
249 1671 329 1702 adeo
351 1678 382 1702 et
398 1672 536 1714 Augusti
560 1674 731 1715 majoribus
748 1681 833 1705 erat:

168 1718 239 1750 vide
263 1721 304 1751 ad
320 1732 402 1753 vers.
425 1724 477 1753 34.
495 1729 526 1754 et
554 1724 624 1754 123.
672 1724 764 1755 Necti
790 1737 838 1755 co-

166 1773 258 1805 ronis,
275 1771 377 1802 ornari
392 1773 516 1804 coronis
532 1774 641 1812 nexis3
666 1773 795 1805 AEneid.
811 1786 840 1806 v.

166 1820 252 1850 309:
291 1824 314 1837 “
335 1820 491 1863 Flavaque
528 1829 688 1854 nectentur
727 1825 840 1856 oliva.'’

166 1869 229 1900 Sed
259 1870 298 1901 de
329 1871 387 1902 hac
411 1873 495 1908 Dea,
523 1873 563 1904 (le
587 1873 775 1911 Floralibus,
801 1875 840 1906 de

155 1920 239 1958 jocis
268 1922 456 1953 liberioribus
476 1922 548 1954 vide
572 1934 602 1954 v.
631 1925 689 1954 183
712 1935 783 1966 sqq.
808 1925 839 1955 in

169 1979 264 2010 quem
280 1970 383 2001 locum
398 1977 495 2013 poeta
510 1972 565 2003 illa
580 1973 686 2003 omnia
701 1973 836 2005 distulit.

167 2018 337 2050 Liberiores
349 2023 417 2060 joci
433 2020 537 2063 potius
552 2021 661 2053 lascivi
683 2028 785 2058 erant,
805 2029 838 2054 ut

169 2069 210 2099 ad
239 2081 270 2100 v.
300 2071 375 2101 331.
406 2071 595 2103 videbimus.
653 2072 775 2102 Eaennt
806 2072 837 2103 in

167 2125 292 2161 tempus
308 2120 481 2162 quoddam,
500 2132 570 2162 quae
590 2121 631 2152 ad
650 2122 682 2152 id
701 2123 815 2153 durant
831 2135 838 2161 ;

170 2168 305 2206 Plinius,
328 2170 373 2201 II.
394 2171 476 2213 Epp.
493 2171 535 2201 xi.
556 2172 622 2203 18.:
650 2176 668 2188 “
686 2171 839 2203 Exierunt

167 2219 369 2260 probationes
385 2220 416 2251 in
433 2221 558 2251 tertium
576 2221 693 2252 diem.’'
733 2222 838 2253 Flora-

169 2268 213 2298 lia
243 2269 395 2300 durarunt
421 2269 453 2300 in
481 2270 564 2300 diem
592 2270 716 2301 tertium
743 2271 838 2302 Maii.

171 2318 265 2348 Erire
289 2317 333 2349 sic
357 2318 452 2350 etiam
471 2331 501 2350 ν.
522 2321 593 2351 189.
614 2331 668 2362 pro
684 2331 746 2361 quo
768 2322 839 2351 185.

167 2370 303 2398 transire
320 2368 467 2410 positum.

215 2419 290 2450 949.
301 2418 394 2449 Anno
405 2419 446 2450 U.
463 2419 500 2450 C.
512 2420 586 2450 741.
601 2419 652 2450 die
665 2419 705 2450 vi.
719 2419 840 2455 Martii,

170 2467 308 2510 Augusti
321 2468 420 2499 titulis
432 2469 528 2499 honos
541 2469 697 2511 pontificis
711 2469 839 2500 maximi

170 2518 321 2556 accessit3
346 2517 390 2549 iii.
407 2519 471 2550 415
486 2529 557 2560 sqq.
605 2519 666 2549 Sed
683 2530 779 2560 quum
796 2518 841 2550 ita

170 2575 252 2600 esset
268 2568 459 2603 institutum,
476 2573 509 2598 ut
528 2569 667 2610 pontifex
684 2568 840 2600 maximus

169 2618 202 2649 in
223 2618 316 2649 domo
337 2618 467 2661 publica
489 2618 582 2660 juxta
596 2618 727 2649 Vestam
751 2617 839 2649 habi-

171 2673 262 2704 taret,
294 2667 459 2709 Augustus
493 2667 604 2710 palatii
642 2666 688 2698 sui
719 2675 838 2710 partem

171 2717 330 2760 publicam
348 2728 415 2749 esse
427 2718 534 2760 jussit,
547 2723 642 2759 atque
656 2718 763 2749 Vestae
781 2716 840 2748 hoc

906 1072 958 1103 die
982 1072 1160 1111 dedicavit3
1186 1073 1248 1103 Dio
1265 1071 1407 1108 Cassius,
1423 1071 1480 1103 liv.
1499 1073 1551 1102 27.
1567 1085 1573 1103 :

906 1121 978 1153 vide
1009 1127 1041 1152 et
1070 1121 1211 1164 Lipsium
1241 1122 1281 1152 de
1310 1123 1420 1158 Vesta,
1448 1132 1518 1164 cap.
1548 1123 1579 1153 4.

908 1173 1033 1213 Aufert,
1051 1171 1110 1202 sibi
1127 1171 1279 1202 vindicat.
1327 1174 1478 1213 Cognato,
1495 1172 1579 1214 quod

905 1220 1059 1252 Arondel.
1086 1226 1118 1252 et
1141 1227 1276 1263 quatuor
1306 1220 1359 1251 alii
1387 1227 1576 1261 agnoscunt,

905 1270 1006 1312 magis
1022 1269 1181 1312 poeticum
1197 1277 1255 1306 est,
1272 1280 1369 1311 quam
1385 1270 1578 1311 reliquorum

904 1323 1036 1362 cognati.
1082 1320 1201 1351 Lucem
1218 1326 1324 1350 autem
1343 1319 1401 1350 hoc
1417 1319 1579 1361 epitheton

905 1370 1022 1412 accipit
1036 1381 1074 1401 ex
1092 1369 1137 1401 iii.
1155 1371 1249 1401 425.:
1268 1374 1288 1387 “
1306 1370 1404 1400 Ortus
1421 1370 1460 1400 ab
1474 1370 1579 1400 Ainea

905 1420 1008 1461 tangit
1020 1427 1156 1461 cognata
1165 1419 1312 1451 sacerdos
1324 1419 1486 1450 Numina:
1503 1430 1577 1461 cog-

905 1475 1025 1504 natum,
1037 1471 1149 1506 Vesta,
1164 1476 1250 1501 tuere
1262 1469 1392 1512 caput-'³
1417 1467 1579 1500 Plurimus

904 1531 971 1551 esse
983 1520 1080 1552 voluit
1092 1526 1186 1563 poeta
1200 1520 1234 1551 in
1249 1519 1409 1551 laudando
1419 1519 1577 1560 Augusto.

908 1571 1097 1601 Constituere
1120 1577 1246 1611 patres5
1271 1570 1390 1601 factum
1416 1569 1500 1600 enirn
1520 1569 1578 1600 hoc

905 1631 943 1650 ex
960 1628 1088 1652 senatus
1104 1621 1264 1659 consulto;
1291 1619 1421 1651 Verrius
1437 1619 1479 1650 ad
1496 1620 1579 1650 hunc

905 1670 1010 1701 diem:
1036 1671 1169 1702 “Feriae
1196 1682 1234 1701 ex
1257 1671 1288 1701 S.
1306 1670 1343 1701 C.
1359 1670 1444 1711 quod
1470 1680 1506 1700 eo
1530 1670 1581 1700 die

909 1720 992 1750 aedes
1007 1727 1038 1751 et
1053 1721 1160 1751 Vestae
1182 1720 1214 1750 in
1231 1720 1326 1750 domu
1348 1720 1429 1761 Imp.
1447 1719 1582 1750 Caesaris

909 1770 993 1812 Aug.
1022 1770 1179 1812 pontificis
1210 1769 1337 1800 maximi
1360 1769 1509 1800 dedicata
1533 1775 1581 1800 est

909 1820 1054 1856 Quirinio
1084 1826 1116 1851 et
1142 1819 1258 1861 Valgio
1288 1819 1394 1849 coss.''
1452 1818 1582 1850 Phoebus

909 1869 995 1899 habet
1022 1876 1150 1909 purtem,
1178 1869 1210 1900 in
1249 1869 1310 1899 alia
1349 1868 1460 1910 palatii
1491 1874 1580 1910 parte

909 1920 1063 1961 templum
1088 1926 1135 1950 est
1151 1919 1310 1961 Apollinis
1325 1917 1477 1954 Palatini,
1494 1917 1580 1959 quod

909 1969 1002 2010 longe
1041 1969 1301 2006 celeberrimum3
1335 1967 1407 1999 vide
1450 1968 1581 2009 Proper-

908 2018 996 2055 tium,
1027 2019 1059 2049 ii.
1083 2020 1138 2050 23.
1186 2019 1238 2049 De
1275 2019 1373 2048 lauris
1402 2022 1434 2048 et
1472 2029 1582 2048 corona

907 2080 1021 2108 querna
1038 2074 1110 2099 ante
1129 2069 1208 2099 fores
1218 2068 1340 2110 palatii,
1353 2068 1376 2098 i.
1393 2068 1468 2098 614.
1495 2068 1579 2098 Prae-

909 2123 987 2147 terta
1017 2117 1137 2148 dictum
1166 2124 1202 2148 ut
1223 2129 1251 2148 v.
1273 2118 1366 2148 567.:
1394 2121 1414 2134 “
1433 2116 1580 2158 Augusto

907 2173 1093 2208 praetextum
1117 2168 1242 2198 nomine
1261 2166 1450 2209 templum.'’
1498 2166 1579 2203 Quae

908 2216 991 2246 enini
1023 2216 1054 2247 in
1082 2217 1234 2248 anteriore
1262 2222 1350 2258 parte
1374 2222 1483 2246 ornata
1508 2222 1582 2246 sunt

909 2265 1017 2307 aliqua
1040 2276 1082 2302 re,
1104 2277 1142 2296 ea
1166 2272 1309 2305 praeterta
1335 2265 1504 2303 dicuntur3
1527 2265 1583 2295 Se-

910 2326 1000 2351 neca,
1029 2317 1111 2358 Epp.
1136 2317 1209 2347 89.:
1247 2321 1265 2333 '‘
1286 2315 1465 2346 fluminum
1497 2314 1581 2357 ripas

909 2363 1045 2395 aedificia
1069 2365 1284 2406 praetexunt.''
1331 2364 1466 2400 Plinius,
1484 2374 1582 2406 pane-

909 2424 977 2455 gyr.
993 2416 1046 2445 52.
1065 2416 1091 2444 1.
1107 2427 1112 2444 :
1143 2420 1164 2431 “
1188 2414 1329 2457 postibus
1351 2413 1481 2456 praetexi
1494 2414 1525 2452 ;'’
1542 2413 1581 2445 de

910 2463 960 2499 iis,
984 2475 1116 2505 quorum
1145 2471 1257 2495 statuae
1286 2469 1358 2494 ante
1384 2463 1464 2494 fores
1487 2463 1582 2493 collo-

909 2520 1040 2544 cantur:
1059 2514 1130 2546 vide
1146 2514 1190 2545 ibi
1207 2513 1434 2545 Schwarzium.
1477 2513 1581 2543 AE‘ter-

908 2574 959 2593 nos
990 2563 1090 2601 Deos,·
1116 2564 1162 2595 iii.
1191 2565 1284 2596 421..·
1311 2563 1439 2605 Ignibus
1462 2563 1582 2592 ‹Lternis

907 2615 1012 2643 aterni
1040 2615 1168 2644 numina
1197 2619 1331 2654 praesunt
1361 2612 1497 2647 Caesaris,
1528 2610 1583 2642 ubi

910 2662 981 2693 vide
1000 2669 1116 2694 notam.
