1830 3220
532 156 882 199 FASTORUM
914 158 1035 201 LIB.
1072 158 1109 200 I.
1470 163 1526 205 :31

118 270 269 319 Festa
290 272 609 336 corymbiferi
635 273 945 330 celebrabaS‚
976 274 1190 332 Graecia,
1222 275 1431 336 Bacchi,

183 349 354 398 Tertia
379 366 492 414 quae
519 351 667 398 solito
691 358 917 416 tempore
942 353 1119 400 bruma
1144 352 1311 401 refert.

115 426 182 474 Di
207 444 411 491 quoque
436 430 652 476 cultores
678 429 729 476 in
755 430 889 478 idem
914 446 1095 478 venere
1118 429 1274 495 Lyaei,

1423 436 1521 481 395

183 504 251 552 Et
275 505 584 569 quicumque
604 506 708 569 joci
733 522 832 554 non
859 507 1053 555 alienus
1080 515 1214 556 erat:

115 581 301 640 Panes,
329 590 382 631 et
405 584 456 631 in
481 584 731 632 Venerem
765 584 1060 649 Satyrorum
1089 602 1248 650 prona
1267 587 1523 649 juventus,

182 659 414 724 Quaeque
439 663 612 709 colunt
639 678 812 710 amnes
839 663 1048 726 solaque
1075 679 1203 728 rura,
1234 663 1375 712 Deae.

113 737 336 786 Venerat
361 746 411 787 et
436 740 602 787 senior
627 741 794 805 pando
823 741 1024 790 Silenus
1051 743 1222 800 asello,

180 815 383 881 Quique
408 819 557 866 rubro
583 819 790 883 pavidas
816 819 1021 882 inguine
1046 826 1200 868 terret
1225 837 1358 868 aves.
1421 824 1521 869 400

114 893 300 942 Dulcia
325 894 412 958 qui
436 895 644 959 dignum
671 913 849 944 nemus
876 897 925 944 in
952 897 1181 945 convivia
1205 898 1357 955 nacti,

183 970 423 1020 Gramine
447 973 644 1021 vestitis
671 975 954 1023 accubuere
980 976 1119 1023 toris.

111 1047 245 1097 Vina
269 1051 423 1098 dabat
452 1051 629 1101 Liber:
669 1053 853 1114 tulerat
884 1053 980 1100 sibi
1010 1054 1226 1117 quisque
1255 1069 1520 1102 coronam:

181 1126 474 1176 Miscendas
499 1146 650 1194 parce
675 1130 808 1177 rivus
836 1131 1019 1193 agebat
1045 1147 1221 1194 aquas.

113 1203 307 1253 Naides
333 1206 506 1253 effusis
532 1208 642 1255 aliae
670 1208 776 1255 sine
803 1208 1018 1271 pectinis
1045 1225 1156 1264 usu,

1423 1211 1522 1256 405

179 1283 306 1331 Pars
332 1285 540 1333 aderant
564 1286 741 1350 positis
767 1293 874 1334 arte
899 1303 1154 1351 manuque
1180 1286 1354 1336 comis.

111 1391 291 1435 impetrare,
308 1392 383 1435 quin
407 1393 458 1425 hic
475 1405 601 1436 quoque
622 1394 718 1426 talem
734 1394 782 1425 in-

110 1448 225 1474 sereret
241 1442 280 1473 de
299 1443 421 1484 Priapo,
434 1444 564 1475 custode
580 1444 669 1481 ruris,
686 1455 783 1486 quam

110 1492 248 1523 Metam.
263 1491 306 1524 ix.
322 1494 397 1525 346.
412 1494 508 1525 verbo
528 1499 652 1525 tantum
667 1494 783 1536 attigit.

111 1542 257 1584 Rigidus,
278 1553 416 1579 severus,
441 1548 475 1574 ut
493 1543 604 1574 Horat.
627 1544 653 1574 Ι.
678 1544 740 1586 Ep.
761 1545 782 1575 i.

116 1592 165 1622 17.
181 1594 303 1635 rigidus
317 1594 435 1624 satelles
449 1595 584 1625 virtutis.
618 1594 704 1626 Huic
719 1595 781 1636 sig-

111 1641 289 1678 nificanter,
308 1647 372 1673 tam
393 1638 561 1674 libidinoso
582 1648 614 1674 et
632 1644 782 1674 obscoeno

113 1692 196 1723 Deo.
221 1693 313 1732 Apta,
329 1693 533 1724 conveniens.
560 1693 651 1724 Festa
666 1693 782 1725 intelli-

112 1742 252 1784 gendum
274 1742 442 1779 trieterica,
458 1754 529 1785 quae
545 1743 637 1774 tertio
657 1755 782 1786 quoque

111 1803 195 1823 anno
211 1792 462 1824 celebrabantur.
499 1792 573 1824 Vid.
590 1792 725 1824 Barnes.
741 1793 783 1824 ad

112 1842 224 1884 Eurip.
249 1841 371 1873 Bacch.
388 1853 452 1873 ver.
471 1843 543 1873 133.
593 1842 785 1885 Corymbifer

112 1891 262 1922 Bacchus
292 1897 324 1922 et
352 1891 598 1934 κορυμβοφόρος
633 1892 737 1924 dictus
765 1903 783 1923 a

111 1942 267 1982 corymbis,
297 1940 431 1972 racemis
459 1941 582 1972 hederae
613 1941 646 1972 in
674 1942 782 1973 orbem

113 1989 325 2027 circumactis,
339 1989 371 2021 in
382 1989 497 2032 quibus
509 1991 593 2022 acini
606 2002 642 2022 ac
656 1991 781 2030 baccae3

112 2039 248 2076 Plinius,
267 2039 330 2071 xvi.
346 2041 401 2071 34.
447 2040 554 2072 Etiam
575 2040 713 2072 Bacchae
733 2053 781 2073 co-

112 2091 225 2132 rymbis
237 2096 412 2130 coronatae;
427 2090 538 2133 Eurip.
552 2090 672 2122 Bacch.
683 2091 782 2122 lxxxi.

113 2140 186 2171 106.
211 2139 405 2182 Cod.plures
417 2140 448 2171 h.
460 2140 484 2171 l.
499 2140 685 2183 racemiferi.
710 2141 780 2171 Hoc

111 2200 239 2232 quoque
264 2195 349 2221 recte
371 2196 522 2229 vocatur;
551 2190 669 2221 etenim
696 2190 780 2221 Bac-

112 2239 191 2271 chus
205 2240 300 2271 etiam
320 2240 454 2271 racemis
473 2245 537 2271 tam
557 2245 665 2282 caput,
686 2250 781 2282 quam

111 2289 255 2332 thyrsum
279 2290 385 2321 velare
411 2290 543 2322 solebat.
591 2290 711 2332 Reffert,
735 2300 782 2321 re-

113 2338 214 2371 ducit.
242 2339 281 2370 In
296 2341 374 2371 idem
386 2342 488 2371 venire
502 2345 550 2371 est
560 2340 644 2370 bona
654 2339 781 2376 locutio,

115 2399 186 2431 quae
210 2388 306 2420 etiam
333 2388 462 2421 Heroid.
486 2400 536 2421 xv.
559 2389 631 2420 121.
654 2388 781 2430 legitur,

115 2443 137 2456 “
157 2439 231 2470 Non
250 2438 382 2470 veniunt
401 2438 433 2469 in
457 2439 541 2470 idem
559 2438 659 2481 pudor
686 2444 782 2481 atque

115 2488 238 2520 amor.’'
265 2488 402 2519 cultores
415 2495 519 2520 autem
537 2489 622 2530 Lycei
636 2494 708 2520 sunt
724 2488 784 2531 ipsi

115 2539 220 2570 Panes
239 2544 271 2570 et
292 2538 396 2580 Satyri
412 2549 485 2570 cum
507 2539 622 2576 Sileno,
639 2539 694 2581 qui
714 2550 785 2570 mox

117 2594 339 2625 memorantur,
368 2594 463 2630 atque
489 2589 529 2620 ad
555 2589 676 2620 Bacchi
697 2599 786 2620 sacra

118 2638 286 2671 convenire
296 2639 440 2671 solebant
453 2651 460 2677 ;
476 2641 567 2679 jocus
578 2639 693 2670 dicitur
703 2649 786 2670 nunc

121 2689 161 2720 de
187 2689 353 2721 saltatione
379 2689 510 2726 lasciva,
540 2700 623 2721 nunc
649 2689 688 2721 de
716 2689 786 2720 lusu

120 2738 149 2769 V
153 2748 274 2770 enere0.

896 1395 971 1426 397.
998 1395 1125 1436 Panes]
1160 1395 1212 1426 Ab
1242 1394 1332 1426 initio
1363 1395 1433 1426 Pan
1462 1406 1524 1427 non

852 1443 911 1475 nisi
927 1456 1020 1481 unuS,
1039 1445 1186 1476 Arcadiae
1203 1445 1304 1476 Deus.
1328 1446 1405 1476 Post
1419 1445 1525 1488 plures

853 1494 952 1525 Panes
972 1500 1004 1525 et
1024 1495 1149 1525 Panisci
1169 1494 1246 1531 ficti,
1263 1493 1317 1536 qui
1337 1494 1459 1525 Bacchi
1474 1505 1524 1526 sa-

851 1543 911 1574 cris
932 1543 1131 1575 interessent.
1177 1543 1261 1575 Vide
1279 1544 1443 1585 Heynium
1458 1544 1524 1575 d.l.

850 1593 1001 1625 Similiter
1024 1593 1100 1625 olim
1129 1604 1212 1625 unus
1241 1594 1373 1630 Silenus,
1401 1593 1523 1625 Bacchi

850 1643 1020 1674 educator:
1045 1643 1158 1675 seriore
1182 1650 1321 1686 tempore
1344 1644 1452 1685 plures
1475 1643 1523 1675 Si-

850 1692 926 1729 leni,
957 1704 1089 1735 quorum
1126 1693 1241 1735 praesul
1272 1693 1399 1724 Silenus
1428 1692 1524 1734 prior.

851 1743 1031 1784 Satyrorum
1047 1742 1177 1774 lascivia
1191 1743 1261 1784 jam
1277 1742 1417 1774 Hesiodo
1434 1748 1523 1773 nota·-

852 1797 896 1828 ta,
922 1803 938 1823 e
960 1803 1022 1834 quo
1043 1792 1167 1827 Strabo,
1189 1803 1221 1822 x.
1241 1802 1316 1833 pag.
1331 1792 1406 1823 471.
1430 1790 1524 1834 γένος

850 1841 1034 1874 οὐτιδανῶν
1050 1841 1208 1884 Σατύρων
1224 1841 1345 1872 laudat.
1391 1842 1525 1878 Silenus,

851 1892 910 1923 etsi
928 1904 1025 1929 senei,
1041 1898 1149 1923 tamen
1168 1892 1296 1922 amabat
1311 1896 1343 1922 et
1357 1890 1422 1933 ipse
1434 1891 1524 1933 jocos

851 1949 882 1973 et
897 1941 1095 1973 saltationes.
1134 1943 1314 1972 Anacreon.
1331 1941 1454 1972 xxxvii.
1472 1942 1522 1972 ll.

850 1992 917 2023 Aut
938 1993 1028 2023 asello
1047 1991 1200 2028 insidens,
1218 1996 1273 2022 aut
1294 1989 1397 2022 ferula
1416 1990 1521 2022 nitens

850 2042 1079 2080 exhibebatur3
1102 2041 1237 2072 Metam.
1250 2040 1294 2071 iv.
1311 2040 1354 2071 26
1369 2051 1396 2070 s.
1428 2041 1522 2070 Pria-

846 2102 905 2132 pus
920 2091 960 2122 ad
976 2101 1061 2122 mare
1077 2089 1172 2121 etiam
1188 2089 1337 2120 Indicum
1352 2090 1385 2120 in
1401 2089 1522 2121 Bacchi

850 2141 1002 2172 comitatu
1017 2146 1095 2171 erat.
1120 2139 1290 2170 Nonnullis
1305 2138 1384 2170 adeo
1400 2139 1523 2170 Bacchi

850 2190 1027 2222 habebatur
1047 2189 1142 2220 filius.
1187 2188 1291 2219 Schol.
1310 2187 1460 2230 Apollon.
1480 2188 1521 2219 ad

850 2241 871 2272 i.
900 2242 979 2271 932.
1026 2240 1103 2281 Ejus
1132 2244 1244 2269 statuae
1275 2240 1368 2269 rubro
1405 2238 1521 2275 colore,

850 2300 962 2332 nempe
985 2289 1082 2319 minio
1104 2288 1210 2330 pictae,
1231 2293 1262 2318 et
1284 2289 1412 2330 inguine
1431 2298 1522 2319 enor-

850 2340 908 2371 mis
924 2338 1151 2381 magnitudinis
1169 2339 1329 2369 instructae
1341 2345 1439 2369 erant.
1463 2339 1522 2375 Eo,

851 2399 1044 2432 quamquam
1069 2388 1197 2430 etfalce
1216 2387 1338 2429 (Tibul.
1360 2388 1387 2418 1.
1408 2387 1431 2418 i.
1452 2388 1521 2429 18,)

851 2439 987 2470 terrebat
1005 2448 1102 2477 aves3
1126 2438 1238 2469 Horat.
1264 2438 1292 2468 Ι.
1317 2439 1381 2468 Sat.
1403 2438 1468 2469 viii.
1491 2441 1522 2470 5.

852 2494 872 2506 “
887 2490 1113 2530 Obscoenoque
1151 2488 1245 2519 ruber
1281 2494 1443 2530 porrectus
1481 2489 1521 2519 ab

854 2539 982 2581 inguine
1000 2537 1127 2581 palus.''

899 2590 972 2620 401.
997 2588 1148 2630 Dignum,
1173 2594 1281 2629 aptum
1311 2586 1446 2618 convivii
1472 2586 1520 2616 hi-

854 2638 990 2677 laritati;
1014 2638 1096 2669 Met.
1118 2637 1160 2669 iv.
1178 2638 1253 2668 692.
1278 2636 1422 2677 “dignos
1443 2641 1520 2666 tem-

856 2699 929 2730 pore
946 2687 1071 2719 flctus.''
1086 2687 1126 2717 Et
1138 2697 1220 2728 saepe
1234 2685 1375 2718 absolute
1388 2684 1523 2727 ponitur.

859 2737 933 2768 Vid.
959 2736 1065 2768 Bentl.
1087 2735 1126 2768 ad
1154 2737 1265 2767 Horat.
1293 2735 1338 2765 11.
1361 2736 1392 2764 S.
1419 2734 1441 2764 i.
1470 2735 1522 2764 85.
