1830 3220
631 194 847 236 CONSO
861 193 1062 235 LA'PIO.

1475 193 1561 234 433

130 309 484 374 Victricesque
513 326 709 367 manus,
739 311 1063 375 facundaque
1089 310 1332 376 principis
1359 325 1461 366 ora,

197 388 540 452 Pectoraque,
571 390 759 452 ingenii
787 406 972 453 magna
996 405 1269 454 capaxque
1295 386 1505 436 domus!

131 465 264 530 Spes
292 483 497 530 quoque
520 468 792 515 multorum
818 468 1035 515 flammis
1058 476 1270 514 uruntur
1297 466 1346 513 in
1373 466 1552 514 isdem.

201 543 305 593 Iste
332 561 482 607 rogus
509 545 705 593 miserae
731 545 927 593 viscera
952 546 1127 593 matris
1154 545 1324 593 habet.

132 621 290 671 Facta
311 623 456 671 ducis
479 623 663 680 vivent,
691 640 1010 689 operosaque
1033 624 1193 687 gloria
1213 640 1403 671 rerum:
1456 625 1555 670 265

200 699 325 750 Haec
353 710 551 756 manet;
594 703 704 750 haec
731 703 904 750 avidos
931 702 1108 767 effugit
1132 719 1234 750 una
1264 718 1429 765 rogos

132 778 260 828 Pars
286 781 381 829 erit
406 780 644 836 historiae,
668 788 881 845 totoque
908 782 1104 845 legetur
1130 781 1179 828 in
1205 796 1340 838 aevo;

201 858 374 923 Seque
401 875 530 924 opus
558 860 773 923 ingeniis
800 860 1215 924 carminibusque
1243 858 1402 907 dabit.

132 936 304 985 Stabis
331 945 383 986 et
410 938 457 985 in
486 938 660 986 rostris
687 939 818 986 tituli
847 938 1110 1003 speciosus
1138 938 1357 994 honore;

201 1015 477 1081 Causaque
503 1017 734 1065 dicemur
755 1034 847 1065 nos
874 1017 982 1074 tibi,
1014 1017 1198 1074 Druse,
1227 1015 1384 1064 necis.

1457 1017 1557 1062 270

131 1094 202 1143 At
228 1094 320 1142 tibi
340 1096 426 1160 jus
451 1095 609 1144 veniae
636 1104 886 1161 superest,
917 1096 1210 1152 Germania,
1239 1095 1462 1149 nullum;

200 1173 482 1222 Postmodo
510 1183 564 1222 tu
592 1191 780 1239 paenas,
809 1175 1040 1231 barbara,
1069 1181 1231 1223 morte
1256 1174 1419 1222 dabis.

133 1252 431 1318 Adspiciam
458 1269 635 1317 regum
662 1253 868 1302 liventia
892 1254 1027 1303 colla
1050 1253 1272 1309 catenis;

204 1331 449 1396 Duraque
474 1348 566 1396 per
592 1349 750 1380 saevas
778 1333 977 1381 vincula
1005 1349 1138 1381 nexa
1162 1348 1367 1385 manus;

132 1543 240 1586 vigor!
273 1544 381 1581 Quum
420 1553 494 1573 vero
519 1544 634 1585 facilis
672 1544 812 1574 habeant

131 1592 287 1636 Scaliger.
302 1592 382 1624 Ald.
408 1592 497 1624 Pith.
521 1600 554 1624 et
576 1593 647 1624 aliae
668 1593 744 1624 edd.
767 1593 812 1625 le-

133 1643 275 1686 gendum
302 1643 376 1675 hinc
411 1643 603 1686 conjiciebat
633 1645 811 1675 Burmann.

130 1700 151 1712 “
171 1695 212 1725 Et
226 1694 343 1737 facilis
366 1694 474 1725 vultus
490 1694 590 1725 uritur
616 1694 670 1725 ille
696 1695 813 1737 rigor.”

137 1745 182 1777 Ut
198 1745 253 1788 qui
276 1747 408 1788 rigorem
429 1744 603 1787 quemdam
621 1745 710 1775 vultu
732 1756 813 1787 prae-

135 1796 242 1832 ferret,
256 1796 423 1838 facilitate
448 1801 480 1826 et
504 1795 705 1837 benignitate
733 1801 811 1826 tem-

133 1851 291 1889 peratum.
338 1845 435 1884 Quod
456 1856 518 1877 non
537 1845 583 1877 ita
598 1853 755 1888 repugnat
774 1845 814 1877 de

134 1898 253 1934 Druso,
269 1896 360 1939 cujus
375 1897 505 1928 dulcedo
519 1909 555 1928 ac
575 1898 711 1928 suavitas
725 1907 813 1928 max-

130 1947 194 1978 ime
210 1958 230 1979 a
246 1947 331 1979 Vell.
347 1946 510 1984 laudatur,
527 1947 560 1979 ii.
571 1948 626 1979 97.

178 1998 255 2029 262.
274 1997 476 2038 Pectoraque,
494 1999 611 2040 ingenii
637 2009 746 2039 magna
764 2009 814 2028 ca-

131 2059 250 2089 paxque
280 2047 411 2089 domus-J
452 2047 504 2078 De
538 2047 650 2079 eodem
682 2047 815 2091 scriptor

133 2099 232 2136 idem,
248 2098 319 2130 loco
335 2098 453 2130 citato:
481 2102 500 2114 ¹‘
522 2098 624 2140 Cujus
638 2098 814 2139 ingenium,

134 2155 242 2182 utrum
263 2148 390 2181 bellicis
414 2148 516 2191 magis
536 2149 696 2191 operibus,
713 2159 754 2180 an
770 2149 814 2180 ci-

136 2200 253 2232 vilibus
277 2198 440 2231 suffecerit
469 2199 600 2236 artibus,
630 2199 664 2230 in
693 2198 815 2230 incerto

133 2256 194 2283 est.
226 2250 336 2282 Fuisse
353 2255 461 2282 autem
475 2250 699 2287 creditur,non
711 2249 816 2281 minus

134 2300 274 2343 gloriosi,
301 2311 399 2343 quam
424 2300 528 2332 civilis
552 2300 685 2332 animi.'’
724 2300 815 2332 Suet.

136 2350 256 2383 Claud.
275 2352 304 2382 l.

180 2401 256 2433 268.
282 2401 377 2442 Seque
405 2412 478 2441 opus
510 2401 641 2443 ingeniis
668 2402 815 2431 carmini-

138 2453 249 2494 busque
272 2451 385 2493 dabie]
423 2451 573 2494 Amplam
600 2457 686 2482 certe
716 2457 815 2482 mate-

136 2502 215 2535 riem
241 2502 473 2545 suppeditabit,
498 2503 532 2533 in
555 2512 653 2544 quam
676 2494 816 2533 tractan-

139 2554 214 2585 dam
235 2563 304 2585 sese
327 2559 474 2584 exserant
498 2558 662 2595 poetarum
677 2552 817 2595 ingenia.

138 2604 181 2635 Et
205 2602 339 2635 Horatio
355 2603 437 2646 jam,
450 2608 486 2635 ut
500 2602 648 2639 vidimus,
665 2602 815 2645 suppedi-

138 2660 274 2691 taverat,
291 2658 324 2685 et
343 2653 404 2696 ipsi
424 2653 540 2685 deinde
560 2652 696 2685 ovidio:
721 2653 817 2686 Trist.

138 2705 200 2736 IV.
213 2704 306 2746 Eleg.
320 2704 355 2735 ii.
373 2704 428 2736 39.
445 2703 485 2735 de
500 2704 595 2735 Pont.
609 2704 656 2734 II.
671 2703 765 2745 Eleg.
780 2703 815 2735 ii.

140 2755 195 2786 74.
210 2755 297 2786 Fast.
314 2754 335 2785 i.
352 2755 428 2786 597.

183 2806 260 2837 269.
277 2806 377 2837 Stabis
391 2812 419 2836 et
437 2807 468 2836 in
483 2807 600 2840 rostris,
611 2804 694 2845 etc.]
705 2805 818 2836 Statua

187 2856 290 2888 VOL.
310 2857 352 2888 V.

882 1544 914 1574 in
932 1543 1037 1575 rostris
1051 1543 1231 1575 donaberis.
1255 1547 1274 1560 ‘⁴
1293 1543 1454 1574 Praeterea
1469 1551 1560 1572 sena-

883 1602 945 1631 tus,
962 1593 1043 1626 inter
1067 1594 1131 1626 alia
1152 1594 1329 1637 complura,
1351 1601 1560 1624 marmoreum

883 1655 992 1676 arcum
1008 1655 1079 1676 cum
1092 1643 1218 1688 tropaeis
1228 1644 1280 1675 via
1288 1643 1395 1686 Appia
1406 1641 1560 1677 decrevit,

883 1702 914 1727 et
931 1695 1110 1726 Germanici
1132 1704 1310 1736 cognomen
1330 1692 1390 1736 ipsi
1410 1691 1560 1735 posteris-

883 1756 945 1788 que
964 1745 1063 1787 ejus.’'
1110 1744 1292 1780 Suetonius,
1308 1742 1425 1775 Claud.
1440 1741 1469 1772 1.
1486 1740 1561 1772 Dio.

884 1796 927 1827 lv.
976 1795 1074 1826 Tituli
1103 1797 1249 1836 speciosus
1286 1795 1406 1825 honore.
1452 1792 1561 1822 Hono-

884 1845 972 1877 rifica
1001 1845 1135 1887 insignis
1167 1844 1386 1887 inscriptione,
1415 1853 1486 1885 quae
1516 1841 1562 1872 sic

885 1896 990 1928 adhuc
1005 1895 1038 1927 in
1054 1896 1299 1928 numismatibus
1317 1893 1452 1936 legitur:
1470 1904 1560 1924 Nx-:Ro

885 1958 1054 1978 ememus
1079 1957 1208 1978 nnusus
1237 1955 1460 1977 onnmamcus
1485 1954 1561 1975 nur.

884 2003 903 2014 ¹¹
924 1998 999 2028 Nou
1014 2008 1068 2039 per
1081 1996 1311 2033 adulationem,
1321 1995 1427 2037 inquit
1438 1994 1561 2031 Florus,

884 2047 925 2079 iv.
945 2047 996 2079 12.
1011 2046 1064 2078 sed
1082 2057 1121 2077 ex
1137 2045 1257 2077 meritis
1273 2045 1425 2077 defuncto
1444 2043 1489 2075 ibi
1509 2042 1561 2086 (in

885 2098 1054 2138 German.)
1064 2097 1231 2128 fortissimo
1243 2097 1374 2139 juvene,
1390 2094 1462 2138 ipsi,
1475 2093 1560 2136 quod

885 2159 1059 2191 numquam
1075 2147 1166 2184 alias,
1183 2153 1315 2179 senatus
1329 2155 1507 2188 cognomen
1522 2155 1562 2176 ex

883 2199 1047 2244 provincia
1061 2197 1188 2230 dedit.''

929 2251 1006 2282 273.
1023 2250 1198 2289 Adspiciam
1213 2260 1321 2292 regum
1342 2248 1469 2279 liventia
1484 2246 1562 2277 colla

885 2304 1011 2338 catenis,
1028 2300 1112 2341 etc.]
1140 2299 1353 2342 Duriorjusto
1373 2296 1561 2340 imprecatio

885 2352 954 2383 haec
971 2352 1003 2383 in
1021 2352 1210 2388 Germanos,
1231 2350 1298 2392 qui,
1312 2349 1472 2381 communi
1484 2359 1562 2390 gen·

886 2402 964 2434 tium
975 2402 1058 2445 jure,
1075 2412 1165 2434 suam
1180 2401 1241 2433 sibi
1260 2401 1439 2432 libertatem
1455 2405 1487 2430 et
1501 2409 1560 2442 pa-

887 2452 977 2484 triam
1016 2451 1111 2484 armis
1147 2451 1311 2483 vindicare
1355 2450 1564 2483 conabantur.

886 2503 1058 2540 Caeterum,
1085 2503 1170 2535 hunc
1193 2513 1226 2535 se
1250 2513 1327 2544 erga
1345 2502 1418 2533 illos
1437 2501 1563 2532 Drusus

885 2559 1037 2595 gesserat,
1064 2564 1161 2597 quem
1179 2553 1232 2585 vel
1255 2553 1317 2596 ipsi
1340 2552 1457 2589 hostes,
1480 2556 1562 2582 teste

885 2604 1020 2640 Seneca,
1050 2604 1215 2636 Consolat.
1244 2603 1286 2635 ad
1312 2601 1484 2637 Marciam,
1512 2599 1560 2631 iii.

885 2665 1002 2697 ‹eg-rum
1017 2667 1086 2686 cum
1098 2657 1292 2687 veneratione
1306 2660 1339 2686 et
1353 2663 1434 2697 pace
1451 2656 1563 2683 mutua

884 2712 1138 2746 prosequerentur
1148 2717 1159 2744 ,·
1184 2715 1244 2736 nec
1266 2711 1370 2744 optare
1384 2705 1462 2745 quod
1477 2711 1563 2742 erpe-

887 2756 988 2786 diebat
1004 2756 1170 2788 auderent.

1021 2855 1088 2886 ΒΚ
