1830 3220
566 175 919 218 PASTORUM
953 174 1073 217 LIB.
1109 174 1199 216 III.

1509 174 1597 216 123

167 292 346 340 Annus
381 299 504 348 erat,
532 291 789 340 decimum
821 308 979 356 quum
1015 291 1159 340 Luna
1194 291 1477 355 repleverat
1510 306 1587 337 or-

236 370 334 418 Hic
361 387 600 418 numerus
628 387 810 434 magno
836 378 956 418 tunc
983 371 1033 418 in
1061 371 1248 418 honore
1273 369 1382 424 fuit,
1416 369 1585 432 [bemz

170 449 271 497 Seu
299 449 418 512 quia
442 456 517 496 tot
541 448 703 511 digiti,
728 464 817 512 per
842 463 971 511 quos
997 464 1261 495 numerare
1288 448 1540 503 solemus;

237 528 341 575 Seu
367 527 488 590 quia
512 527 590 574 bis
616 527 772 590 quino
799 526 987 574 femina
1010 542 1185 573 mense
1211 525 1371 590 parit;

1495 527 1587 571 124

168 605 270 653 Seu
296 605 435 669 quod
461 605 525 652 ad
550 620 714 668 usque
734 604 915 652 decem
936 619 1144 651 numero
1166 609 1429 651 crescente
1450 602 1587 649 veni-

231 682 548 747 Principium
574 683 751 747 spatiis
779 682 994 730 sumitur
1019 682 1137 730 inde
1161 681 1321 729 novis.

1466 681 1584 742 [tur,

164 760 292 809 Inde
317 777 466 825 pares
492 769 698 809 centum
724 761 883 809 denos
911 761 1128 809 secrevit
1154 761 1203 807 in
1230 760 1376 807 orbes

232 835 501 897 Romulus,
530 840 758 888 hastatos
785 840 1109 903 instituitque
1140 840 1348 894 decem3

164 917 230 965 Et
254 918 467 966 totidem
494 917 750 983 princeps,
778 919 992 966 totidem
1018 918 1216 982 pilanus
1243 915 1468 964 habebat

230 996 484 1061 Corpora;
527 996 755 1060 legitimo
782 997 975 1060 quique
1002 996 1231 1044 merebat
1255 1010 1404 1058 equo.

1490 995 1585 1038 130

162 1075 298 1129 Quin
323 1075 477 1122 etiam
504 1081 674 1139 partes
701 1074 914 1122 totidem
941 1073 1254 1122 Titiensibus
1282 1073 1433 1128 idem,

230 1153 477 1218 Quosque
500 1161 683 1201 vocant
710 1153 953 1209 Ramnes,
984 1152 1368 1214 Luceribusque
1395 1147 1552 1197 dedit.

161 1231 418 1279 Adsuetos
444 1232 596 1295 igitur
622 1248 857 1279 numeros
883 1230 1100 1280 servavit
1125 1231 1175 1276 in
1201 1245 1361 1276 anno:

231 1310 344 1358 Hoc
369 1311 510 1374 luget
535 1310 699 1375 spatio
726 1310 913 1359 semina
939 1316 1119 1357 moesta
1142 1309 1321 1355 virum.

162 1388 277 1437 Neu
298 1389 520 1445 dubites,
538 1389 712 1452 primae
733 1388 920 1436 fuerint
940 1388 1063 1452 quin
1085 1393 1202 1434 ante
1221 1383 1469 1432 Kalendae
1490 1383 1582 1428 135

228 1467 439 1526 Martis3
483 1468 546 1516 ad
572 1468 681 1515 haec
708 1467 931 1515 animum
958 1466 1104 1529 signa
1127 1464 1311 1512 referre
1338 1468 1503 1526 potes.

161 1546 355 1594 Laurea
382 1546 712 1602 Fluminibus,
741 1563 854 1610 quae
882 1552 988 1594 toto
1013 1543 1235 1609 perstitit
1262 1558 1410 1595 anno,

225 1625 455 1682 Tollitur,
484 1632 536 1672 et
558 1624 760 1672 frondes
787 1632 904 1672 sunt
930 1624 979 1671 in
1006 1624 1195 1670 honore
1221 1636 1379 1668 novae.

205 1772 276 1803 127.
306 1771 410 1808 Pares,
435 1781 496 1801 non
522 1777 636 1811 quiere-3,
662 1770 832 1812 legendum

157 1833 227 1853 esse
253 1822 456 1863 conjecerant
485 1820 627 1861 Scaliger
651 1827 682 1851 et
712 1820 835 1862 Lipsius

157 1872 197 1903 de
213 1871 327 1903 militia
342 1871 437 1902 Rom.
454 1871 488 1901 ii.
503 1872 534 1901 2.
551 1870 648 1912 idque
664 1871 760 1901 MSS.
778 1881 834 1912 po-

156 1922 289 1954 tioribus
310 1922 550 1963 comprobatum
574 1920 727 1951 Heinsius
747 1931 834 1952 rece-

156 1973 216 2016 pit.
264 1972 326 2003 Sed
349 1971 382 2002 id
403 1982 530 2013 quoquc
552 1970 592 2001 nd
608 1975 768 2001 senatores
786 1981 832 2002 re—

155 2023 307 2059 tulerunt,
320 2033 399 2064 quos
411 2021 569 2052 Romulus
582 2026 676 2051 aetate
693 2026 724 2051 et
737 2031 834 2052 censu

154 2085 244 2114 pares
267 2071 410 2114 elegerit.
456 2072 576 2103 Verum
600 2071 654 2102 ille
674 2076 834 2102 senatores

155 2135 228 2155 suos
256 2122 290 2153 in
320 2122 433 2153 decem
460 2121 606 2153 decurias
632 2119 834 2163 descripsisse

157 2183 315 2215 nusquam
354 2171 481 2214 legitur.
539 2171 666 2202 Laudat
702 2170 832 2213 quidem

157 2224 271 2255 Krebs.
288 2222 360 2255 Liv.
378 2223 400 2253 i.
422 2223 471 2254 17,
516 2223 638 2253 Verum
660 2220 704 2251 ibi
725 2221 764 2252 de
784 2220 830 2251 in-

157 2281 302 2316 terregno
313 2284 414 2305 sermo
427 2280 485 2310 est,
497 2284 559 2315 quo
570 2273 711 2308 ineunte,
726 2276 832 2313 patres

154 2324 214 2366 ipsi
230 2324 343 2355 decem
357 2323 504 2354 decurias
515 2323 668 2354 fecerunt.
714 2321 829 2363 Neque

157 2374 293 2406 Ovidius
304 2374 415 2405 Patres
428 2372 612 2416 simpliciter
626 2383 712 2412 pares
724 2371 829 2402 dictu-

155 2436 207 2456 rus
223 2424 345 2461 fuisset,
362 2434 465 2465 neque
487 2434 541 2454 eos
557 2429 622 2453 tam
644 2428 730 2452 arcte
751 2432 828 2452 con-

152 2476 322 2518 juncturus
355 2484 428 2505 cum
458 2474 585 2516 hastatis
619 2477 650 2503 et
684 2471 828 2514 reliquis.

156 2526 265 2556 Sermo
294 2523 391 2565 igitur
419 2529 468 2554 est
492 2523 531 2553 de
561 2520 726 2558 militibus,
750 2531 830 2563 quos

156 2580 252 2606 aetate
269 2579 301 2604 et
315 2573 425 2604 habitu
441 2572 579 2615 corporis
593 2582 686 2614 pares
701 2571 733 2602 in
750 2581 828 2615 qua-

154 2623 203 2655 vis
226 2622 351 2665 legione
374 2623 406 2653 in
431 2629 553 2654 centum
576 2623 666 2652 denos
689 2623 781 2657 orbes,
796 2620 828 2651 in

156 2674 255 2705 denas
282 2672 443 2704 centurias
468 2671 535 2703 sive
560 2670 687 2702 ordines
711 2669 832 2706 divisit,

155 2723 189 2754 in
205 2723 317 2755 decem
332 2721 459 2754 ordines
474 2722 681 2757 hastatorum,
701 2718 831 2751 totidem

154 2772 347 2816 principum,
361 2771 491 2805 totidem
502 2771 692 2814 pilariorum,
704 2776 738 2802 ut
753 2770 832 2802 adeo

903 1769 1025 1812 quaevis
1048 1768 1132 1810 legio
1153 1768 1254 1798 tribus
1277 1765 1419 1796 millibus
1442 1761 1579 1792 militum

903 1824 1073 1851 constaret.
1104 1818 1179 1850 Vid.
1196 1816 1322 1859 Lipsius
1338 1815 1369 1845 d.
1386 1815 1408 1844 l.
1444 1813 1482 1843 In
1499 1820 1579 1853 qua-

903 1870 951 1902 vis
966 1870 1091 1912 legione
1108 1867 1243 1899 trecenti
1261 1871 1351 1897 erant
1370 1863 1505 1905 equites,
1523 1859 1578 1902 qui

902 1932 974 1961 equo
991 1921 1110 1960 publico
1134 1917 1310 1952 merebant,
1327 1925 1422 1957 quem
1443 1911 1580 1943 Ovidius

904 1972 1074 2013 legitimum
1092 1974 1195 2005 vocat,
1212 1967 1337 2009 legibus
1356 1963 1576 1996 constitutum.

902 2021 930 2051 li
955 2031 1083 2062 quoque
1106 2020 1138 2050 in
1161 2021 1261 2050 decem
1285 2023 1403 2048 turmas
1427 2010 1580 2054 descripti

902 2076 988 2101 sunt.
1037 2070 1103 2100 Hoc
1129 2069 1224 2110 luget,
1241 2072 1327 2106 etc.;
1352 2063 1460 2096 confer
1482 2070 1578 2103 supra

901 2120 922 2152 i.
938 2123 991 2152 35.

947 2172 1021 2202 135.
1038 2169 1137 2201 Redit
1153 2169 1194 2200 ad
1210 2178 1275 2199 ver.
1287 2166 1329 2197 97
1344 2175 1410 2206 seq.
1424 2168 1456 2194 et
1471 2163 1576 2205 signis,

901 2219 1096 2262 argumentis
1116 2217 1308 2261 quibusdam
1324 2215 1458 2257 probare
1481 2222 1576 2243 cona-

900 2276 950 2302 tur
964 2281 1065 2312 usque
1081 2269 1122 2300 ad
1139 2279 1202 2300 ver.
1222 2268 1293 2299 150.
1310 2264 1394 2307 quod
1411 2273 1505 2305 supra
1521 2273 1577 2304 po-

899 2325 1017 2356 sucrat,
1044 2319 1198 2350 Martium
1223 2317 1319 2348 fuisse
1344 2324 1486 2346 mensem
1512 2312 1575 2355 pri-

898 2381 997 2401 mum.
1054 2369 1150 2400 Conf.
1188 2365 1354 2398 Plutarch.
1393 2364 1492 2395 Num.
1521 2362 1577 2401 ix;

898 2420 1043 2451 Macrob.
1058 2419 1085 2449 I.
1101 2418 1167 2449 Sat.
1183 2417 1237 2448 xii.
1283 2417 1429 2446 Animum
1444 2413 1574 2455 referre,

899 2470 1039 2501 animum
1055 2469 1235 2500 advertere.
1282 2467 1334 2497 De
1353 2466 1464 2496 lam-eis
1480 2463 1576 2494 etiarn

898 2521 1076 2552 Macrob.“
1090 2519 1202 2551 eodem
1226 2527 1353 2560 quoque
1376 2514 1575 2557 ingrediente

898 2582 1017 2608 mense,
1063 2570 1096 2602 in
1139 2569 1240 2612 regia,
1279 2566 1438 2608 curiisque
1476 2570 1571 2606 atque

898 2621 1079 2652 Flaminum
1122 2619 1269 2651 domibus
1304 2617 1420 2648 laureae
1452 2620 1574 2646 veteres

899 2669 989 2702 novis
1003 2669 1119 2702 laureis
1132 2667 1371 2700 mutabantur.’'
1411 2664 1461 2697 Cf.
1476 2663 1575 2695 Solin.

902 2732 931 2752 c.
957 2722 989 2753 3.
1046 2720 1139 2752 Iliaci
1156 2719 1238 2762 foci,
1263 2722 1298 2749 ut
1322 2727 1383 2748 ver.
1407 2716 1463 2747 29.
1487 2716 1572 2756 ignes

906 2771 1007 2802 Iliaci.
1058 2770 1155 2804 Cana,
1173 2774 1273 2799 vetus.
