1830 3220
238 195 266 235 2
630 189 680 230 P.
716 187 932 230 OVIDII
970 185 1250 229 NASONIS

240 308 508 371 Officiique
534 306 695 354 levem
720 320 819 351 non
845 310 1102 352 aversatus
1127 302 1383 357 honorem,
1614 300 1644 344 5

308 384 368 432 In
394 384 485 432 tibi
510 383 690 431 devoto
714 396 921 428 munere
945 380 1125 426 dexter
1150 378 1289 426 ades,

243 462 399 509 Sacra
423 474 753 523 recognosces
779 457 1064 504 Annalibus
1090 462 1234 503 eruta
1257 454 1466 520 priscis3

311 538 378 586 Et
398 555 498 602 quo
524 538 590 585 sit
615 537 791 584 merito
818 551 1036 599 quaeque
1062 541 1235 582 notata
1258 533 1385 582 dies,

242 617 475 664 Invenies
501 616 601 663 illic
628 622 681 662 et
704 614 835 662 festa
858 613 1136 662 domestica
1158 612 1300 660 vobis
1319 628 1328 658 :

313 695 460 758 Saepe
486 694 577 741 tibi
602 700 747 757 pater
772 700 865 750 est,
893 708 1030 756 saepe
1054 689 1298 754 legendus
1325 705 1475 736 avus:

1588 689 1648 733 lO

243 771 472 835 Quaeque
497 771 663 819 ferunt
686 770 756 817 illi
784 770 944 834 pictos
970 768 1221 832 signantia
1246 767 1443 823 Fastos‚

309 849 384 896 Tu
412 865 614 912 quoque
639 864 755 895 cum
783 847 950 895 Druso
977 847 1180 911 praemia
1204 845 1355 894 fratre
1380 844 1526 892 feres.

244 1031 359 1070 ciique5
384 1035 415 1060 et
429 1031 527 1060 adesse
544 1033 575 1060 ln.
595 1030 699 1070 aliqua
717 1040 747 1059 re
763 1035 847 1060 recte
862 1029 909 1059 di-

243 1079 334 1111 citur.
380 1079 443 1110 Sed
466 1079 643 1110 Mitscherl.
661 1079 819 1109 revocavit
843 1078 910 1109 vul-

243 1135 364 1169 gatam:
382 1129 655 1170 Q(ficioqne‚leoem
665 1140 722 1158 non
738 1130 913 1158 adversatus

244 1179 393 1214 honorem,
414 1178 497 1208 Huic
513 1179 567 1209 tibi
587 1180 689 1208 devoto
705 1179 828 1208 numine
843 1178 912 1207 ‹Ier-

245 1234 290 1258 ter
305 1229 386 1264 acles,
400 1233 436 1258 ut
451 1226 660 1258 Germanicus
674 1226 705 1257 vi
720 1237 777 1257 sua
791 1232 822 1257 et
837 1232 914 1257 nutu

244 1277 346 1308 officio
366 1282 466 1318 poetae
482 1276 541 1319 ipsi
559 1276 674 1307 devoto
694 1276 803 1307 adesse
822 1286 911 1317 roge-

246 1332 308 1359 tur.

291 1377 321 1407 7.
346 1377 490 1413 Annales,
513 1375 590 1407 dicti
613 1382 646 1407 et
668 1375 728 1418 ipsi
749 1374 849 1411 Fasti,
874 1374 914 1406 ad

247 1425 391 1457 ordinem
415 1425 537 1457 dierum
560 1425 592 1456 in
608 1425 711 1456 Fastis
725 1424 913 1456 Kalendari-

246 1475 306 1506 bus
317 1475 505 1512 stabilitum,
518 1485 566 1505 res
583 1475 619 1506 P.
632 1475 674 1505 R.
686 1474 817 1516 singulis
827 1474 917 1505 annis

247 1530 353 1564 gestas
373 1524 499 1556 uberius
522 1525 721 1561 enarrabant,
740 1530 835 1566 atque
859 1535 915 1554 no-

246 1573 334 1605 mina
361 1574 598 1615 magistratuum
623 1574 794 1605 habebant.
839 1575 916 1604 Ovi-

248 1623 320 1655 dius
329 1624 438 1655 Fastos
447 1623 505 1654 sibi
516 1623 714 1654 Kalendares
722 1622 918 1654 exornandos

248 1674 370 1710 sumsit,
394 1673 451 1705 sed
479 1673 631 1704 adhibitis
662 1674 759 1705 etiam
784 1675 916 1705 Annali-

249 1723 312 1755 bus.
337 1723 417 1754 Inde
429 1723 502 1765 jura
516 1724 789 1764 cognoscebantur
806 1723 916 1756 Horat.

248 1771 278 1802 I.
293 1772 393 1803 Serm.
411 1772 457 1803 iii.
469 1774 508 1811 33
531 1772 673 1814 gentium
689 1772 835 1803 nobilitas
848 1772 917 1804 Cic-

247 1820 335 1854 Mur.
355 1823 412 1861 163
438 1822 569 1853 honores
589 1822 723 1852 virorum
748 1821 916 1852 illustrium

248 1872 358 1903 Valer.
374 1871 512 1902 Maxim.
530 1871 589 1902 VI.
609 1870 651 1901 ix.
671 1872 718 1903 14.
735 1877 766 1902 et
789 1870 916 1901 similia.

249 1921 302 1952 De
324 1920 386 1951 fide
409 1930 517 1951 eorum
539 1919 612 1950 vide
636 1919 777 1950 Perizon.
789 1919 821 1950 in
836 1919 916 1950 Ani-

250 1970 357 2001 madv.
371 1969 447 2000 hist.
463 1980 496 2011 p.
510 1970 588 2001 293.
626 1970 733 2000 Verba
749 1970 919 2000 Annalibus

250 2026 339 2050 eruta
352 2022 460 2059 priscis
474 2018 516 2050 iv.
534 2019 585 2049 1Ι.
603 2019 737 2061 repetita
756 2019 917 2061 leguntur.

250 2070 341 2100 Bene
366 2076 477 2107 eruta,·
512 2067 545 2099 in
570 2069 749 2100 Annalibus
772 2069 855 2100 enim
881 2079 919 2100 ex

251 2128 368 2159 magno
385 2128 488 2149 rerum
501 2118 655 2149 variarum
672 2128 783 2149 acervo
796 2117 921 2159 singula

252 2166 468 2208 conquirenda
489 2173 587 2198 erant.
631 2167 746 2208 Itaque
761 2173 793 2198 et
807 2167 920 2198 Cicero

252 2215 338 2247 dicto
354 2216 425 2247 loco
439 2228 447 2246 ε
471 2221 492 2234 “
510 2218 557 2247 Ex
573 2216 746 2247 Annalium
761 2222 918 2248 vetustate

253 2265 391 2296 eruenda
404 2271 453 2296 est
468 2266 615 2297 memoria
630 2265 803 2297 nobilitatis
818 2267 918 2298 tuae.''

253 2316 325 2353 Quo
337 2315 406 2346 loco
420 2316 620 2346 confirmatur
631 2316 724 2348 simul
735 2316 828 2347 lectio
840 2318 918 2356 pris-

251 2366 305 2401 cis,
321 2375 376 2406 pro
393 2375 457 2406 qua
469 2365 531 2397 duo
547 2366 631 2396 MSS
644 2368 759 2405 primis.
804 2366 867 2397 Sed
889 2372 920 2397 et

252 2411 362 2445 Livius
374 2414 417 2445 iv.
430 2414 578 2454 7.priscos
593 2416 726 2445 Annales
739 2414 829 2446 dixit.
855 2415 921 2450 Quo

251 2464 291 2497 sit
306 2465 425 2500 merito,
438 2469 501 2496 etc.
517 2474 615 2505 quare
637 2464 704 2495 dies
719 2475 855 2506 quaeque
870 2464 920 2495 vel

252 2517 289 2543 ut
303 2511 395 2550 festa,
411 2513 462 2545 vel
478 2518 512 2544 ut
526 2514 663 2554 profesta
673 2513 713 2544 sit
727 2519 848 2546 notata.

298 2561 330 2593 9.
346 2562 435 2593 Gens
445 2573 582 2604 quaeque
597 2568 628 2593 et
644 2562 764 2593 familia
776 2563 921 2594 Romana

255 2609 404 2648 habebat,
429 2617 466 2644 ut
490 2612 625 2644 Penates
650 2613 810 2654 Laresque
834 2624 919 2650 suos,

255 2659 300 2692 ita
318 2666 351 2692 et
370 2663 528 2693 domestica
546 2673 645 2698 sacra,
660 2673 731 2704 quae
756 2663 923 2704 quotannis

255 2721 310 2753 pro
322 2711 452 2742 samiliae
465 2712 566 2743 salute
581 2713 710 2749 fiebant,
722 2718 818 2755 atque
834 2713 921 2745 here-

256 2760 355 2793 ditate
371 2760 587 2795 tradebantur.
631 2763 754 2796 Diebus
769 2763 856 2795 festis
873 2774 924 2794 res

980 1027 1198 1059 memorabiles
1214 1026 1476 1058 adscribebantur
1491 1024 1523 1055 in
1537 1023 1652 1055 Fastis.

980 1078 1143 1108 Summum
1157 1077 1304 1108 honorem
1318 1076 1470 1107 afferebat
1481 1086 1596 1108 nornen
1607 1075 1652 1106 sic

981 1127 1146 1165 additum3
1170 1126 1294 1163 Cicero,
1311 1126 1351 1157 ad
1375 1126 1466 1158 Brut.
1480 1126 1574 1168 epist.
1589 1128 1650 1166 153

980 1176 1123 1214 Tacitus,
1145 1176 1166 1208 i.
1183 1176 1246 1208 An.
1264 1177 1315 1208 15.
1360 1175 1436 1208 vid.
1451 1176 1587 1208 Wolfius
1610 1177 1650 1208 ad

981 1226 1167 1258 Suetonium
1185 1226 1291 1258 Tiber.
1306 1226 1339 1257 4.
1355 1237 1389 1269 p.
1406 1227 1483 1258 319.
1529 1227 1569 1258 In
1588 1226 1652 1270 pri-

980 1278 1041 1308 mis
1057 1277 1193 1319 Augusti
1210 1288 1257 1308 res
1272 1282 1380 1318 gestae,
1396 1276 1529 1307 honores
1549 1276 1578 1308 ei
1593 1276 1650 1309 de—

981 1327 1070 1364 creti,
1094 1338 1154 1358 arae
1180 1327 1290 1369 positae
1314 1327 1652 1358 commemorabantur.

982 1376 1067 1408 Hinc
1090 1377 1251 1413 Horatius,
1275 1375 1332 1407 lib.
1355 1375 1399 1408 iv.
1417 1375 1480 1407 Od.
1504 1377 1555 1407 14.
1579 1376 1652 1408 init.

984 1431 1006 1443 “
1024 1427 1105 1464 Quae
1130 1436 1206 1457 cura
1230 1426 1371 1462 Panum,
1387 1436 1522 1467 quaeque
1548 1426 1654 1464 Quiri-

984 1475 1074 1512 tium,
1087 1474 1194 1506 Plenis
1206 1475 1358 1505 honorum
1369 1474 1562 1512 muneribus,
1571 1481 1655 1512 tuas,

983 1525 1141 1567 Auguste,
1157 1525 1288 1556 virtutes
1302 1524 1335 1555 in
1351 1535 1454 1555 aevum
1470 1525 1531 1556 Per
1546 1525 1655 1556 titulos

986 1584 1203 1616 memoresque
1224 1573 1320 1605 fastos
1345 1574 1524 1606 [Eternetss'
1569 1575 1655 1606 Hinc

986 1623 1129 1665 intellige
1156 1629 1332 1665 sqq.pater
1355 1634 1440 1654 avus.
1487 1623 1656 1655 Germani-

985 1685 1053 1710 cus,
1070 1673 1166 1704 Drusi
1192 1679 1223 1704 et
1240 1672 1385 1704 Antoniae
1406 1672 1535 1704 minoris
1556 1673 1653 1710 filius,

986 1724 1112 1755 volente
1127 1723 1284 1764 Augusto,
1298 1723 1467 1765 adoptatus
1481 1729 1549 1755 erat
1569 1735 1588 1756 a
1600 1724 1655 1755 Ti-

985 1773 1084 1809 berio,
1111 1773 1202 1815 cujus
1225 1772 1308 1804 filius
1331 1771 1484 1804 naturalis
1509 1773 1654 1813 Drusus5

985 1823 1126 1860 Tacitus,
1143 1823 1208 1854 An.
1224 1821 1247 1853 i.
1264 1824 1296 1854 3.
1341 1823 1392 1854 De
1413 1834 1467 1854 avo
1491 1823 1562 1855 vide
1583 1836 1613 1856 v.
1628 1835 1657 1857 c.

986 1872 1007 1903 i.
1031 1873 1095 1904 590
1118 1883 1194 1915 Sqq3
1232 1873 1316 1912 7093
1343 1872 1376 1904 ii.
1395 1874 1584 1912 119—1443
1611 1874 1657 1907 iii.

987 1923 1071 1961 4193
1094 1922 1137 1954 iv.
1153 1923 1236 1953 673:
1269 1922 1309 1953 de
1332 1928 1420 1962 patre
1443 1922 1467 1953 i.
1484 1923 1547 1954 617
1575 1934 1657 1966 sqq;

988 1971 1051 2002 705
1073 1982 1157 2013 sqq3
1197 1971 1229 2002 ii.
1255 1973 1308 2002 55.
1332 1976 1365 2002 et
1390 1971 1479 2004 alibi.
1524 1973 1658 2015 Signant

976 2021 1079 2063 fastos
1094 2032 1164 2063 quae
1188 2021 1221 2052 in
1244 2021 1282 2052 iis
1297 2021 1413 2063 scripta
1427 2027 1513 2054 sunt.
1559 2023 1612 2055 Ita
1627 2030 1659 2056 et

985 2073 1108 2113 signare
1137 2083 1242 2102 susum
1270 2076 1302 2103 et
1332 2071 1407 2102 alia.
1453 2073 1658 2115 Quamquam

985 2123 1108 2162 signare
1128 2121 1222 2152 etiam
1245 2126 1294 2152 est
1314 2120 1476 2162 insignire,
1498 2121 1659 2155 decorare.

989 2171 1073 2204 Vide
1098 2171 1184 2203 Cort.
1202 2171 1243 2203 ad
1265 2170 1406 2203 Plinium
1431 2173 1475 2204 V.
1492 2174 1552 2216 Ep.
1568 2174 1589 2206 i.
1608 2175 1658 2207 11.

988 2221 1108 2252 Passim
1134 2222 1174 2253 de
1189 2222 1278 2252 fastis
1301 2222 1361 2253 hoc
1376 2223 1508 2254 verbum
1531 2224 1658 2266 legitur,

987 2278 1021 2302 ut
1036 2271 1069 2302 ii.
1083 2273 1122 2310 73
1147 2271 1355 2309 Claudianus,
1372 2273 1403 2304 8.
1422 2273 1494 2305 154.
1510 2273 1550 2305 de
1562 2286 1659 2318 puero

987 2321 1028 2352 ad
1058 2320 1255 2352 consulatum
1283 2327 1406 2359 evecto,
1432 2324 1535 2365 signas
1563 2328 1659 2364 posito

988 2372 1071 2401 modo
1093 2372 1212 2401 nomine
1225 2370 1338 2412 fastos.
1386 2371 1448 2403 Pro
1471 2382 1508 2404 eo
1523 2372 1658 2411 Plinius,

988 2431 1105 2462 paneg.
1117 2421 1172 2451 54.
1185 2422 1217 2452 2.
1230 2421 1337 2452 Honor
1352 2427 1481 2453 aetemus
1495 2425 1657 2456 annalium

990 2477 1018 2501 te
1045 2471 1128 2502 colit.
1174 2470 1274 2508 Fasti,
1299 2476 1335 2502 ut
1362 2471 1417 2502 alii
1445 2471 1529 2509 libri,
1555 2476 1658 2517 pingi,

988 2519 1084 2551 variis
1096 2519 1252 2552 coloribus
1264 2520 1379 2557 ornari,
1391 2522 1546 2554 solebant.
1583 2524 1658 2556 For-

990 2574 1072 2601 tasse
1097 2574 1203 2601 tamen
1227 2580 1311 2601 nunc
1335 2569 1432 2602 iidem
1456 2571 1657 2613 intelligendi

989 2619 1044 2660 qui
1069 2629 1087 2650 a
1111 2618 1256 2650 Martiali
1279 2619 1322 2652 xi.
1344 2621 1375 2651 4.
1395 2623 1546 2661 purpurei
1571 2622 1659 2655 Fasti

989 2673 1153 2705 vocantur,
1163 2674 1196 2700 et
1210 2668 1242 2699 in
1257 2669 1277 2700 J
1282 2669 1333 2700 ani
1348 2668 1417 2701 aede
1431 2671 1659 2711 servabantur;

989 2718 1198 2754 Schwarzius,
1224 2718 1263 2749 ad
1288 2717 1440 2756 Plinium,
1464 2728 1579 2762 paneg.
1603 2721 1659 2754 92..

991 2767 1171 2800 Mitseherl.
1183 2768 1278 2804 hahet
1291 2770 1396 2800 dictos.
