1809 3220
143 172 227 214 188
525 170 577 212 Ρ.
611 168 828 214 OVIDII
863 168 1150 211 NASONIS

145 290 230 338 Sic
257 306 380 353 ego:
421 290 491 336 sic
520 287 706 344 Erato;
750 286 938 334 mensis
966 285 1274 350 Cythereius
1301 284 1373 332 illi
1473 289 1565 334 195

216 367 404 425 Cessit,
433 366 570 431 quod
595 366 756 414 teneri
783 380 967 413 nomen
993 364 1176 412 amoris
1203 363 1385 412 habet:

147 445 374 494 Reddita
401 444 620 493 Saturno
647 460 754 492 sors
782 443 892 490 haee
919 450 1054 490 erat:
1093 442 1285 506 optime
1310 457 1504 506 regum,

215 523 259 571 A
287 531 404 571 nato
431 523 646 588 sceptris
673 521 935 570 excutiere
961 520 1079 568 tuis.

149 602 243 650 Ille
269 617 414 649 suam
434 609 686 656 metuens,
708 608 764 647 ut
789 615 1008 664 quaeque
1035 605 1143 647 erat
1168 597 1323 654 edita,
1346 598 1541 663 prolem

220 679 469 737 Devorat3
511 679 801 727 immersam
827 678 1209 742 visceribusque
1234 684 1390 725 tenet.
1477 680 1577 724 200

152 758 302 823 Saepe
328 758 476 806 Rhea
495 764 679 821 questa
705 764 783 804 est
809 755 959 804 toties
979 755 1216 811 fecunda,
1234 771 1327 804 nec
1351 770 1578 819 unquam

221 836 404 892 Mater,
432 844 484 885 et
510 835 725 884 indoluit
750 833 1006 883 fertilitate
1033 851 1141 882 sua.

151 913 353 979 Jupiter
379 921 517 962 ortus
544 920 680 962 erat:
723 929 812 978 pro
839 928 1024 975 magna
1047 920 1179 961 teste
1204 919 1431 961 vetustas

222 992 460 1040 Creditur
482 1009 490 1040 :
532 998 797 1056 acceptam
823 1006 976 1055 parce
1001 1007 1201 1039 movere
1223 990 1395 1038 fidem.

152 1070 309 1118 Veste
335 1070 501 1118 latens
527 1086 706 1118 saxum
733 1069 929 1118 coelesti
954 1069 1149 1118 viscere
1174 1069 1336 1118 sedit:
1477 1070 1581 1116 205

225 1147 311 1196 Sic
337 1148 534 1212 genitor
558 1148 674 1197 fatis
700 1148 1034 1213 decipiendus
1061 1155 1183 1197 erat.

159 1226 332 1275 Ardua
350 1227 654 1292 jamdudum
680 1235 882 1276 resonat
906 1227 1175 1275 tinnitibus
1205 1226 1313 1283 Ide,

225 1304 390 1353 Tutus
416 1314 471 1354 ut
496 1305 673 1354 infanti
701 1306 872 1369 vagiat
898 1323 982 1354 ore
1009 1322 1150 1370 puer.

206 1421 278 1452 195.
303 1420 400 1451 Erato
422 1431 440 1451 a
457 1421 604 1463 Virgilio,
622 1422 697 1452 [ΕΩ.
715 1421 766 1452 vii.
783 1422 836 1452 37.

160 1480 216 1512 pro
238 1480 440 1513 quacumque
456 1472 553 1502 Musa
574 1471 758 1510 invocatur3
782 1471 834 1503 sed

162 1519 279 1551 Noster
294 1519 334 1550 de
355 1519 511 1551 industria
534 1530 604 1551 eam
628 1520 736 1563 elegit,
752 1521 836 1562 ejus-

161 1581 223 1611 que
247 1569 392 1601 delectus
411 1580 540 1601 causam
564 1570 668 1602 reddit
692 1571 839 1613 probabi-

163 1620 235 1651 lem.
282 1621 415 1663 Propter
436 1633 539 1652 nomen
562 1624 671 1652 amoris
696 1621 841 1653 eamdem

162 1675 196 1701 et
212 1670 282 1701 Art.
300 1671 410 1701 Amat.
427 1670 460 1702 ii.
481 1672 533 1702 16.
551 1671 612 1702 sibi
636 1671 747 1703 adesse
763 1672 842 1703 vult.

165 1720 280 1751 Sortem
302 1720 391 1751 illam
407 1720 491 1752 Coeli
507 1728 538 1753 et
551 1721 669 1758 Terrae,
688 1721 842 1764 antiquis-

163 1770 311 1801 simorum
338 1776 459 1807 vatum,
485 1781 550 1814 qua
581 1771 679 1803 fatale
705 1772 843 1803 Saturno

164 1826 232 1851 erat
261 1831 280 1851 a
309 1820 374 1852 filio
401 1820 536 1858 domari,
560 1821 659 1854 habet
684 1821 844 1854 Hesiodus

165 1870 288 1913 Theog.
308 1871 401 1910 464.;
426 1871 534 1903 confer
556 1871 798 1914 Apollodorum,
815 1872 844 1903 I.

166 1919 186 1950 i.
201 1921 232 1951 3.
281 1920 396 1952 Ειειιεί
418 1923 553 1961 sceptris,
575 1927 611 1953 ut
634 1922 772 1953 Metam.
791 1933 844 1953 xv.

167 1970 246 2000 524.
260 1973 360 2001 excuti
375 1982 484 2001 curru.
524 1971 718 2013 Immergere,
729 1973 843 2003 demer-

166 2029 251 2061 gere,
271 2030 417 2061 mergere,
436 2019 592 2051 solemnia
614 2020 655 2052 de
682 2020 774 2057 cibis,
790 2021 846 2063 qui

169 2067 360 2100 devorantur
375 2081 383 2108 3
409 2069 480 2101 vide
499 2069 540 2100 ad
557 2069 697 2101 Metam.
715 2070 755 2101 vi.
770 2071 847 2103 646.

172 2118 348 2150 Devoravit
378 2125 485 2150 autem
515 2119 671 2152 Saturnus
701 2121 846 2158 Vestam,

172 2170 333 2206 Cererem,
355 2169 528 2206 Junonem,
555 2169 737 2208 Plutonem,
757 2171 846 2213 Nep·

174 2226 299 2250 tunum.

217 2269 296 2299 203.
320 2269 459 2300 Metam.
482 2269 506 2300 i.
533 2270 617 2300 400:
647 2274 665 2287 “
684 2269 765 2308 Quis
789 2269 848 2302 hoc

174 2317 294 2353 credat,
323 2318 384 2350 nisi
407 2318 448 2349 sit
471 2329 527 2361 pro
557 2325 637 2351 teste
663 2326 805 2351 vetustas
815 2321 849 2351 ‘2'’

176 2367 230 2398 ubi
260 2367 312 2398 adi
341 2372 407 2398 not.
470 2368 604 2410 ,Magum
636 2369 736 2410 gravi.
797 2369 851 2400 Fi·

177 2419 228 2448 cles
249 2416 344 2448 etiam
365 2417 411 2454 id,
437 2418 523 2460 quod
552 2418 641 2455 facit,
669 2425 704 2450 ut
730 2418 852 2461 aliquid

177 2477 234 2509 pro
261 2477 334 2498 vero
362 2466 548 2504 habeamus,
578 2468 652 2499 inde
679 2468 738 2499 hoc
768 2468 851 2506 loco,

176 2516 315 2547 traditio.
360 2517 408 2548 Ea
432 2525 580 2554 moretur,
603 2518 732 2560 quando
753 2518 853 2551 dubia

178 2566 332 2598 redditur.
371 2567 482 2605 Parce,
501 2567 578 2599 noli.
623 2568 851 2606 Veste—sedim

177 2616 210 2647 in
230 2627 262 2648 re
285 2621 361 2648 nota
379 2627 454 2648 usus
474 2623 522 2648 est
543 2628 668 2649 summa
686 2618 852 2650 brevitate.

179 2667 240 2697 Pro
255 2667 336 2699 Jove
352 2666 446 2698 Rhea
460 2677 571 2698 saxum
585 2667 614 2698 ei
626 2667 754 2705 obtulit,
767 2669 852 2710 quod

179 2716 234 2747 ille
260 2715 435 2748 devoravit.
477 2716 540 2747 Sed
563 2723 658 2759 poeta
681 2728 736 2759 pro
759 2724 850 2749 ante-

179 2765 312 2797 cedente
334 2766 439 2808 posuit
459 2777 666 2808 consequens9
683 2770 792 2799 viscere
809 2780 849 2799 se-

905 1424 977 1459 d1'23
1004 1424 1114 1453 viscere
1141 1421 1292 1452 Heinsius
1316 1431 1354 1451 ex
1381 1430 1444 1452 uno
1463 1419 1587 1452 Zulich.

906 1472 1006 1503 dedit.
1040 1471 1072 1502 Si
1085 1471 1162 1513 quid
1178 1470 1371 1502 mutandum
1389 1476 1486 1507 esset,
1498 1470 1589 1512 equi-

907 1521 980 1554 dem
1006 1532 1078 1553 cum
1096 1521 1291 1552 Mazarinaeo
1314 1526 1346 1552 et
1369 1520 1494 1552 duobus
1516 1520 1589 1552 aliis

908 1573 1034 1614 gurgite
1047 1571 1240 1614 praeferrem.
1272 1571 1354 1603 Cum
1364 1572 1492 1613 gurgite
1502 1570 1588 1602 enim

910 1632 972 1652 non
998 1621 1082 1652 male
1103 1620 1304 1663 componitur
1319 1625 1441 1657 venter,
1463 1619 1519 1662 qui
1544 1624 1591 1652 tot

906 1672 974 1714 jam
1000 1671 1116 1703 liberos
1137 1671 1256 1702 hausit.
1303 1670 1356 1702 Sic
1382 1682 1495 1714 vorago
1514 1681 1589 1702 ven·

911 1723 978 1758 tris,
999 1722 1138 1753 Metam.
1162 1720 1230 1752 viii.
1253 1721 1330 1752 843.
1381 1721 1466 1752 Veste
1492 1721 1591 1752 latens

910 1783 1014 1802 surum
1039 1771 1200 1813 Hyginus,
1216 1769 1280 1802 fab.
1299 1770 1372 1802 139.
1388 1771 1520 1811 lapidem
1541 1771 1591 1801 in-

912 1822 1050 1852 volutum
1065 1827 1170 1857 vocat,
1186 1820 1293 1852 Graeci
1308 1820 1407 1852 λίθον
1421 1819 1591 1862 ἐσπαργα-

914 1870 1078 1914 νωμένον.
1113 1870 1287 1902 Praeiverat
1301 1868 1463 1902 Hesiodus
1471 1869 1594 1912 Theog-

914 1922 991 1952 485.
1029 1920 1167 1952 Nomine
1192 1919 1319 1963 proprio
1338 1918 1421 1962 lapis
1442 1919 1499 1951 ille
1521 1918 1591 1951 dic-

914 1977 965 2002 tus
993 1969 1157 2011 βαίτυλος
1185 1975 1219 2001 et
1240 1970 1369 2002 Abadir.
1399 1968 1487 2001 Vide
1509 1969 1596 2001 Bur-

913 2030 1079 2052 mannum.

958 2071 1036 2101 207.
1058 2070 1109 2102 De
1138 2067 1230 2102 Jovis
1254 2068 1360 2112 patria
1383 2067 1593 2111 disputabant

914 2126 1051 2156 veteres,
1064 2129 1163 2162 quum
1181 2123 1214 2150 et
1225 2118 1396 2151 Cretenses
1409 2123 1442 2150 et
1451 2117 1597 2150 Arcades

916 2170 986 2213 ejus
1005 2169 1129 2202 natales
1153 2169 1194 2200 ad
1219 2180 1253 2201 se
1274 2168 1449 2206 traherent,
1464 2168 1543 2211 quin
1565 2175 1598 2200 et

918 2220 1061 2262 Phryges
1081 2219 1114 2251 in
1135 2218 1319 2251 certaminis
1337 2217 1526 2250 societatem
1540 2227 1595 2250 ve·

918 2271 1033 2302 nitent.
1093 2270 1144 2302 Ne
1181 2270 1351 2301 Cretenses
1387 2267 1518 2310 quidem
1555 2266 1597 2298 de

919 2325 1026 2351 monte
1049 2324 1297 2356 consenserunt3
1322 2327 1462 2359 namque
1477 2316 1550 2348 aliis
1563 2316 1598 2348 in

921 2370 1032 2407 Dicta,
1057 2369 1128 2401 aliis
1149 2369 1182 2400 in
1203 2368 1264 2400 Ida
1287 2373 1382 2399 natus
1405 2366 1598 2404 dicebatur3

921 2420 1007 2452 unde
1026 2431 1098 2451 mox
1122 2419 1280 2455 Dictaeus,
1295 2428 1368 2450 mox
1384 2417 1493 2449 Idaeus
1506 2427 1600 2449 voca-

922 2477 982 2502 tur.
1050 2470 1201 2502 Fluctuat
1242 2468 1340 2501 etiam
1377 2467 1601 2509 Callimaqhus

921 2520 1039 2562 hymno
1061 2521 1135 2552 Jov.
1152 2519 1195 2550 iv.
1211 2519 1243 2549 6.
1288 2518 1382 2549 Hanc
1405 2516 1495 2548 litem
1518 2527 1598 2549 non*—

921 2569 1001 2601 nulli
1016 2570 1062 2601 ita
1076 2569 1221 2600 dirimere
1238 2568 1417 2604 voluerunt,
1432 2572 1468 2599 ut
1481 2567 1597 2600 Jovem

921 2620 954 2650 in
969 2617 1068 2650 Dicta
1080 2624 1203 2654 natum,
1219 2617 1253 2649 in
1264 2617 1326 2648 Ida
1339 2616 1512 2649 educatum
1527 2626 1598 2648 esse

921 2667 1160 2699 contenderent.
1206 2668 1249 2698 Et
1271 2667 1340 2710 jam
1370 2665 1456 2710 apud
1483 2666 1597 2697 Hesio-

919 2717 996 2748 dum
1011 2717 1134 2759 Theog.
1152 2718 1227 2748 482.
1243 2717 1378 2759 primurn
1393 2715 1598 2747 absconditur

921 2767 952 2799 in
981 2772 1070 2798 antro
1100 2766 1202 2809 Lycti,
1235 2766 1351 2798 deinde
1377 2765 1533 2798 educatur
1562 2764 1596 2795 in

1780 2503 1809 2889 ἓμῗέὟΜτ-ηῧῗ
1783 2331 1809 2490 ζ’·ιῒιιῦἳῑῦέ
1784 2271 1788 2273 “
1805 2230 1809 2241 -
1805 2204 1809 2212 .
