1809 3220
170 196 256 239 146

571 196 620 237 P.
655 194 872 238 OVIDII
909 195 1196 239 NASONIS

174 314 313 363 Inter
338 312 567 378 captivas
593 312 721 361 facie
748 320 1024 378 praestante
1050 313 1248 378 puellas

244 393 405 440 Grata
429 390 578 438 nimis
605 390 818 439 Baccho
841 390 945 440 filia
969 392 1102 455 regis
1129 399 1253 440 erat.

176 470 357 519 Flebat
381 485 557 518 amans
582 471 792 534 conjux,
821 470 1144 535 spatiataque
1171 470 1315 520 litore
1340 487 1495 520 curvo

244 549 420 597 Edidit
445 548 647 596 incultis
674 548 796 597 talia
819 550 975 598 verba
999 549 1157 597 comis
1177 567 1187 598 :

1499 552 1601 598 470

178 627 255 675 En
281 628 465 676 iterum
491 626 699 685 similes,
727 627 932 686 fluctus,
961 628 1133 677 audite
1159 628 1423 692 querelas:

243 704 321 752 En
347 705 528 752 iterum
554 705 809 770 lacrymas
836 706 1030 771 accipe,
1059 723 1227 764 arena,
1256 722 1414 754 meas.

176 783 442 840 Dicebam,
472 783 696 842 memini,
726 785 928 849 perjure
955 793 1006 833 et
1031 785 1224 850 perfide
1249 785 1483 834 Theseu!

243 862 336 910 Ille
363 862 514 911 abiit:
555 863 737 912 eadem
763 864 975 912 crimina
1003 864 1242 913 Bacchus
1269 865 1440 912 habet.
1528 914 1531 915 a

174 940 325 989 Nunc
352 958 559 1006 quoque
585 943 723 991 nulla
748 944 868 1000 viro,
897 944 1147 1000 clamabo,
1176 942 1364 992 femina
1383 942 1576 992 credat.

242 1019 462 1068 Nomine
489 1027 684 1069 mutato
711 1037 867 1070 causa
893 1022 1053 1070 relata
1078 1038 1192 1070 mea
1217 1030 1311 1071 est.

1496 1023 1596 1069 476

177 1097 220 1143 O
249 1097 442 1145 utinam
470 1114 583 1145 mea
608 1115 732 1155 sors,
763 1115 864 1163 qua
891 1101 1108 1165 primum
1135 1108 1376 1165 coeperat,
1397 1101 1547 1149 isset!

240 1174 459 1240 Jamque
487 1193 580 1240 ego
609 1177 846 1241 praesenti
874 1185 1101 1243 tempore
1128 1179 1266 1226 nulla
1289 1178 1474 1228 forem!

175 1253 310 1309 Quid
337 1271 416 1302 me
443 1255 658 1303 desertis
687 1257 977 1321 perituram,
1010 1256 1176 1314 Liber,
1205 1257 1370 1306 arenis

244 1331 530 1381 Servabas?
569 1335 709 1398 potui
733 1335 1024 1383 dedoluisse
1052 1337 1227 1384 semel.

1495 1339 1598 1384 480

176 1409 379 1459 Bacche
402 1411 544 1469 levis,
567 1413 825 1477 leviorque
844 1414 962 1471 tuis,
983 1431 1096 1478 quae
1118 1423 1349 1479 tempora
1366 1415 1594 1478 cingunt,

241 1488 556 1550 Frondibus;
598 1492 647 1539 in
681 1493 932 1558 lacrymas
959 1494 1161 1557 cognite
1191 1493 1396 1541 Bacche
1423 1509 1593 1551 meas3

172 1567 342 1616 Ausus
369 1586 423 1617 es
450 1576 569 1617 ante
596 1571 770 1619 oculos
796 1571 1019 1620 adducta
1046 1571 1227 1636 pellice
1249 1578 1448 1620 nostros

240 1645 367 1694 Tam
393 1648 521 1696 bene
549 1650 887 1714 compositum
915 1650 1187 1699 sollicitare
1216 1650 1418 1698 torum?

173 1722 314 1772 Heu!
344 1726 429 1773 ubi
451 1734 602 1791 pacta
620 1727 776 1776 fides?
804 1729 890 1776 ubi
910 1745 1024 1793 quae
1038 1730 1209 1793 jurare
1232 1729 1468 1777 solebas?
1493 1731 1595 1777 485

239 1801 329 1852 Me
355 1804 608 1863 miseram,
636 1807 838 1870 quoties
865 1809 972 1856 haec
1000 1825 1095 1872 ego
1119 1809 1274 1858 verba
1297 1808 1504 1873 loquor!

213 1940 289 1972 470.
316 1941 450 1973 Inculcis
470 1943 593 1984 comis]
616 1943 726 1975 Talem
749 1945 846 1976 etiam

169 1996 240 2034 post
268 1991 295 2021 T
298 1991 384 2022 hesei
422 1992 649 2034 profectionem
679 1994 848 2038 descripsit

168 2040 229 2082 Ep.
251 2041 292 2072 X.
317 2041 381 2072 xvi.
405 2042 472 2078 47;
494 2042 548 2073 ubi
576 2047 597 2060 “‘
616 2043 741 2075 diffusis
766 2051 848 2076 errat

167 2090 235 2122 sola
258 2090 413 2133 capillis’'
436 2092 467 2123 in
490 2092 593 2125 litore.
629 2093 713 2125 Vero
739 2101 846 2126 autem

168 2149 280 2182 parum
304 2139 408 2172 simile
427 2147 476 2172 eret
495 2152 565 2173 eam
587 2143 743 2185 quamdiu
764 2145 846 2176 Bac-

168 2188 247 2221 chus
276 2189 309 2221 in
336 2190 431 2222 India
459 2198 552 2229 esset,
584 2193 616 2224 in
646 2193 751 2225 insula
782 2195 846 2226 Dia

167 2239 332 2271 mansisse.
379 2241 455 2272 Sola
476 2252 574 2283 quum
599 2249 693 2279 esset,
718 2250 750 2275 et
773 2255 844 2286 gra-

167 2287 294 2320 vissime
311 2296 481 2328 commota,
499 2292 713 2334 benefiat-tus
728 2300 759 2325 et
776 2306 844 2326 are-

169 2350 239 2370 nam
254 2339 441 2382 alloquitur.

212 2389 288 2420 475.
303 2389 398 2421 Nunc
413 2402 537 2432 qnoque,
552 2392 632 2433 οἵα]
647 2394 844 2426 Sententiam

166 2437 250 2469 hauc
275 2449 294 2469 a
318 2439 459 2477 Catullo,
477 2441 578 2483 Nupt.
606 2442 692 2473 Pelei
718 2444 844 2476 uberius

167 2498 237 2520 esse
261 2489 450 2531 expositam,
474 2492 629 2533 Neapolis
653 2494 843 2526 observavit.

167 2537 283 2569 Relata
300 2538 347 2569 vel
366 2546 502 2576 narrata,
519 2541 568 2572 vel
585 2543 730 2583 repetita.
765 2544 843 2576 Pos-

165 2586 281 2619 teriora
318 2599 411 2620 sensu
445 2590 513 2632 jam
549 2603 643 2634 supra
673 2592 843 2635 aliquoties

166 2636 312 2680 legimus.
369 2639 532 2676 Dedolere‚
561 2641 652 2674 finire
690 2643 842 2681 dolorem,

166 2697 281 2729 nempe
297 2693 409 2720 morte.

209 2737 285 2767 481.
311 2737 411 2774 Levis,
442 2738 624 2772 inconstans
655 2741 685 2772 in
722 2753 839 2774 amore.

164 2781 250 2817 Talis
261 2792 293 2818 et
304 2787 429 2820 mobilis
441 2789 502 2820 dici
520 2797 621 2832 potest
636 2805 644 2830 3
663 2791 735 2823 hinc
750 2803 835 2824 com<

917 1945 1038 1988 paratio
1054 1956 1125 1976 cum
1141 1946 1312 1987 ¹frondibus
1326 1944 1465 1977 hederae.
1510 1944 1595 1977 Bac·-

917 1995 996 2026 clius
1005 1995 1211 2035 κισσοκόμης,
1220 1994 1486 2037 κισσοστὲφανος.
1504 1994 1592 2027 Auc-

917 2050 983 2076 tore
1003 2044 1109 2076 Plinio
1124 2045 1208 2076 Hist.
1224 2045 1302 2077 Nat.
1318 2044 1383 2076 xvi.
1397 2045 1429 2076 4.
1448 2044 1593 2077 omnium

917 2095 1035 2136 primus
1050 2106 1197 2127 coronam
1216 2095 1342 2133 sumsit,
1358 2101 1392 2127 et
1405 2095 1536 2138 quidem
1551 2106 1592 2127 ex

918 2145 1045 2177 hedera.
1094 2148 1250 2178 Adducta.
1285 2145 1432 2178 Francos.
1447 2147 1592 2178 deducta.

916 2195 999 2226 Sane
1037 2197 1196 2232 deducere,
1231 2202 1266 2227 ut
1301 2198 1480 2236 perducere,
1507 2205 1597 2238 saepe

915 2245 998 2287 turpi
1022 2257 1115 2277 sensu
1141 2246 1269 2288 legitur.
1315 2246 1379 2278 Sed
1398 2251 1484 2278 recte
1509 2246 1592 2279 Bur·

915 2306 1051 2327 mannus
1069 2296 1109 2328 ad
1132 2297 1262 2329 Heroid.
1278 2298 1323 2328 ix.
1343 2299 1417 2328 121.
1434 2297 1490 2330 ubi
1505 2298 1591 2330 idem

915 2345 978 2377 sere
991 2357 1098 2378 versus
1112 2348 1259 2384 occurrit,
1274 2347 1478 2385 docuit,ante
1493 2350 1594 2380 oculos

913 2398 1064 2428 deducere
1079 2407 1142 2428 non
1156 2398 1237 2429 bene
1259 2397 1334 2435 dici,
1350 2400 1505 2430 adducere
1519 2409 1593 2431 vero

889 2444 1024 2477 ‚eodem
1064 2456 1158 2478 sensu
1188 2447 1266 2489 legi,
1290 2455 1322 2479 et
1345 2448 1464 2491 passim
1493 2449 1592 2480 verba

913 2502 986 2526 ante
1006 2497 1106 2528 oculos
1126 2496 1280 2539 adjuncta
1305 2498 1434 2530 habere.
1479 2498 1591 2536 Quid?

913 2545 999 2586 quod
1024 2545 1110 2577 notio
1130 2546 1186 2577 illa
1210 2547 1358 2579 obscaena
1379 2547 1412 2579 iu
1437 2547 1497 2579 hoc
1517 2548 1590 2581 loco

915 2605 976 2625 non
989 2595 1087 2630 cadit.
1104 2595 1160 2627 sed
1181 2598 1334 2629 adducere
1355 2597 1388 2629 id
1408 2597 1494 2640 quod
1512 2598 1589 2630 sim-

913 2643 985 2685 plex
1026 2647 1148 2676 ducere.
1208 2647 1421 2687 Compositum,
1457 2657 1590 2680 concors

913 2694 1108 2736 conjuginm.

954 2746 1029 2775 486.
1051 2745 1197 2787 Loquar]
1218 2747 1309 2778 Unus
1322 2747 1435 2779 Petav.
1451 2759 1585 2789 queror,-

909 2793 982 2826 hinc
1014 2795 1165 2827 Heinsius
1198 2808 1266 2828 vera
1297 2798 1348 2829 vel
1378 2809 1443 2830 sera
1476 2809 1585 2840 queror
