1830 3220
593 166 942 209 FASTORUM
979 165 1097 208 LIB.
1131 165 1187 207 V.

1514 164 1601 206 265

175 283 405 332 Forsitan
432 284 481 331 iu
508 285 697 332 teneris
724 292 920 332 tantum
949 299 1061 331 mea
1085 298 1242 346 regna
1266 280 1464 330 coronis

241 361 372 410 Esse
398 369 575 426 putes:
616 370 832 426 tangunt
858 378 1044 411 numen
1072 370 1123 410 et
1148 377 1265 409 arva
1289 375 1476 408 meum.

172 440 227 488 Si
254 442 383 489 bene
410 440 672 489 floruerint
698 448 916 504 segetes,
945 440 1039 488 erit
1065 455 1182 488 area
1205 439 1374 486 dives:

241 518 295 566 Si
322 519 452 567 bene
478 519 702 567 floruerit
726 519 888 574 vinea,
920 518 1156 566 Bacchus
1183 517 1305 565 erit:

172 596 226 644 Si
254 598 386 645 bene
412 597 672 645 floruerint
697 597 837 653 oleae,
866 596 1202 644 nitidissimus
1229 611 1418 651 annus3

1495 595 1593 640 265

237 674 503 739 Pomaque
531 682 831 739 proventum
860 673 1102 739 temporis
1128 674 1280 737 hujus
1306 672 1513 720 habent.

168 752 316 802 Flore
342 754 499 801 semel
525 754 646 800 laeso
675 761 890 818 pereunt
916 754 1160 816 viciaeque
1187 752 1452 815 fabaeque3

238 831 306 880 Et
330 841 547 897 pereunt
571 833 751 889 lentes,
781 833 978 880 advena
1004 831 1138 888 Nile,
1166 838 1284 878 tuae.

167 910 300 958 Vina
325 927 531 975 quoque
556 911 607 958 in
635 911 830 974 magnis
857 927 1069 976 operose
1095 909 1300 957 condita
1324 908 1467 957 cellis

237 989 469 1048 Florent3
513 997 564 1037 et
588 990 788 1038 nebulae
814 989 950 1037 dolia
976 1004 1175 1036 summa
1199 994 1395 1051 tegunt.

1493 987 1592 1031 270

168 1066 329 1116 Mella
353 1084 523 1116 meum
550 1085 761 1125 munus3
805 1069 1034 1116 volucres
1061 1084 1155 1130 ego
1183 1067 1336 1114 mella
1360 1066 1568 1113 daturas

236 1145 317 1194 Ad
343 1146 542 1202 violam,
571 1153 623 1193 et
647 1145 856 1211 cytisos,
884 1155 935 1194 et
960 1146 1137 1210 thyma
1161 1160 1288 1193 cana
1313 1160 1454 1191 voco.

169 1223 277 1272 Nos
304 1241 511 1289 quoque
537 1224 671 1272 idem
697 1224 910 1273 facimus
937 1233 1075 1281 tunc,
1105 1240 1259 1288 quum
1283 1220 1593 1286 juvenilibus

236 1302 519 1350 Luxuriant
544 1302 714 1359 animi,
740 1318 1055 1367 corporaque
1082 1302 1195 1366 ipsa
1215 1301 1393 1349 virent.
1425 1298 1592 1363 [annis

163 1418 273 1444 menta
287 1412 515 1444 exterebantur
528 1417 560 1443 et
572 1412 645 1443 inde
657 1412 688 1443 in
699 1413 846 1455 granaria

165 1463 453 1502 transferebantur;
480 1463 644 1499 Horatius,
664 1462 720 1494 lib.
737 1463 764 1494 Ῐ.
781 1463 845 1494 Od.

164 1514 186 1546 i.
208 1515 262 1545 10:
291 1518 310 1532 ‘⁸
327 1513 495 1556 Quidquid
512 1513 552 1544 de
566 1513 696 1555 Libycis
712 1513 845 1545 verritur

168 1564 249 1596 areis
265 1564 295 1602 ;''
333 1563 500 1606 Virgilius,
543 1564 662 1606 Georg.
700 1564 723 1594 i.
760 1565 842 1595 190:

166 1619 187 1633 “
204 1625 323 1657 magna
350 1615 458 1646 veniet
487 1613 632 1645 tritura.’'
682 1615 762 1645 olem
789 1615 845 1646 flos

164 1676 228 1696 non
252 1664 376 1707 copiam
401 1671 523 1695 tantum
547 1664 619 1701 olei,
635 1664 691 1696 sed
715 1664 843 1695 omnino

164 1716 381 1746 nitidissimum
395 1726 512 1746 annum
527 1714 749 1756 portendebat,
762 1721 797 1745 ut
812 1720 844 1745 et

165 1765 222 1796 flos
234 1763 401 1796 abundans
411 1763 589 1806 amygdali3
601 1762 716 1806 Virgil.
726 1764 842 1806 Georg.

165 1815 186 1846 i.
206 1815 280 1846 187.
322 1814 534 1846 Nitidissimus
548 1825 649 1845 annus
665 1813 761 1844 etiam
780 1824 842 1845 ver.

165 1867 249 1906 2073
272 1877 328 1910 pro
348 1877 385 1897 eo
401 1876 466 1897 ver.
482 1866 566 1897 327:
592 1867 616 1896 si
641 1867 712 1895 bene
725 1866 843 1905 floreat

165 1928 277 1948 annus.
314 1916 490 1958 Pomaque.
525 1915 660 1946 Sensus:
678 1925 842 1957 pomorum

164 1972 347 2010 proventus,
371 1966 474 2008 copia,
498 1964 618 2008 pendet
643 1975 662 1995 a
690 1971 840 2006 tempore,

165 2028 229 2060 quo
244 2017 368 2048 florent.

208 2068 285 2100 267.
309 2066 523 2105 Loecliflorem
548 2065 688 2096 omnium
717 2065 842 2107 frugum

164 2118 333 2161 putabant,
361 2115 385 2147 si
412 2115 621 2158 plenilunium
649 2115 680 2145 in
706 2114 844 2146 Floralia

163 2167 341 2205 incideret;
366 2165 491 2197 Plinius
514 2165 600 2196 dicto
620 2165 700 2196 loco.
749 2165 843 2196 Nilus

165 2220 295 2254 advena,
312 2223 348 2248 ut
371 2216 405 2247 ii.
424 2217 479 2248 68.
500 2216 598 2246 Tibris
621 2217 750 2252 advena,
768 2215 842 2257 quia

165 2279 204 2300 ex
235 2266 299 2299 alia
325 2273 409 2298 terra
438 2265 590 2297 decurrit.
640 2265 710 2295 Nili
736 2266 840 2301 lentes,

165 2318 241 2361 quia
264 2327 380 2358 magna
402 2326 510 2347 earum
534 2321 566 2346 et
590 2314 682 2357 copia
707 2320 739 2346 et
762 2326 841 2357 prae-

166 2366 284 2399 stantia
299 2367 331 2398 in
348 2368 491 2408 AEgypto
505 2378 513 2404 ·‚
529 2365 701 2401 Martialis,
719 2364 787 2395 xiii.
801 2365 839 2396 9:

164 2417 320 2459 “Accipe
345 2415 516 2451 Niliacam,
545 2414 675 2446 Pelusia
699 2424 841 2450 munera,

166 2466 322 2500 lentem.”
369 2465 485 2507 Virgil.
508 2465 626 2506 Georg.
647 2463 670 2494 i.
687 2465 765 2495 228.
790 2463 843 2495 uhi

165 2523 199 2550 et
220 2517 288 2560 ipse
309 2516 378 2547 haec
400 2515 461 2546 tria
480 2516 606 2556 frugum
628 2525 746 2556 genera
769 2524 842 2545 con-

165 2567 290 2612 jungit:
331 2565 401 2597 “Si
431 2576 505 2596 vero
534 2565 714 2606 viciamque
747 2575 843 2600 seres,

168 2618 330 2660 vilemque
347 2616 495 2652 faselum,
508 2615 579 2647 Nec
596 2614 772 2646 Pelusiacae
788 2620 843 2645 cu·-

167 2679 236 2701 ram
264 2668 475 2710 aspernabere
505 2665 639 2698 lentis.''
694 2666 775 2703 Quae
805 2664 844 2696 de

168 2720 239 2750 vino
265 2723 450 2760 sequuntur,
478 2727 516 2748 ea
543 2715 658 2747 melius
686 2715 845 2746 abessent.

176 2769 244 2800 Flos
267 2767 352 2800 enim
382 2774 414 2798 et
440 2767 550 2797 nebula
575 2765 639 2795 vini
662 2770 709 2796 est
732 2775 845 2806 spuma

222 2818 322 2850 VOL.
340 2818 380 2849 V.

915 1412 1019 1444 tenuis
1035 1412 1067 1443 in
1083 1422 1206 1443 summo
1218 1411 1290 1442 vino
1308 1416 1442 1449 natans3
1459 1408 1594 1446 Plinius,

915 1464 979 1494 xiv.
997 1463 1058 1493 27.
1089 1467 1111 1479 “
1126 1462 1198 1493 Flos
1215 1461 1279 1492 vini
1301 1459 1458 1492 candidus
1476 1460 1592 1503 proba-

916 1519 983 1552 tur3
1007 1514 1123 1544 rubens
1147 1512 1239 1543 triste
1262 1511 1388 1554 signum
1407 1515 1466 1547 est,
1483 1510 1508 1541 si
1530 1520 1593 1541 non

914 1563 940 1594 is
957 1564 1019 1595 vini
1044 1564 1129 1595 colos
1150 1562 1224 1594 sit.⁷’
1271 1561 1443 1594 Columell.
1459 1561 1514 1593 xii.
1529 1561 1591 1592 30:

917 1618 938 1631 “
958 1614 990 1645 Si
1021 1614 1129 1645 vinum
1162 1614 1271 1644 florere
1301 1611 1446 1654 incipiet,
1476 1610 1593 1654 saepius

916 1673 1027 1695 curare
1051 1662 1246 1705 oportebit.''
1296 1661 1434 1702 Operose,
1457 1660 1594 1703 diligen-

914 1719 972 1744 ter.

957 1763 1033 1794 271.
1060 1762 1162 1793 Mollis
1177 1761 1295 1793 donum
1312 1760 1430 1793 rectius
1446 1760 1505 1792 sibi
1522 1759 1592 1791 vin-

912 1814 1001 1845 dicat
1016 1819 1142 1856 propter
1157 1823 1281 1849 succos,
1298 1822 1378 1854 quos
1394 1811 1523 1842 floribus
1542 1810 1591 1842 in-

913 1863 995 1894 didit
1028 1863 1141 1905 apibus
1170 1862 1380 1903 colligendos.
1445 1861 1589 1898 Violrrm,⁴

912 1913 1020 1955 itaque
1049 1919 1080 1943 et
1105 1912 1217 1954 Virgil.
1234 1913 1353 1953 Georg.
1376 1911 1419 1942 iv.
1435 1912 1488 1942 31.
1507 1922 1589 1954 prze-

913 1963 1010 2005 cipit:
1047 1963 1166 1994 circum
1196 1961 1337 1993 alvearia
1362 1963 1520 2004 irriguum
1545 1963 1590 1991 bi-

913 2015 984 2045 bunt
1013 2013 1294 2055 violariafhntem.
1341 2013 1393 2043 De
1417 2013 1517 2053 thymo
1542 2022 1592 2042 res

914 2070 1008 2102 nota3
1033 2071 1064 2094 et
1083 2063 1142 2094 fuit
1156 2062 1375 2105 proverbium:
1399 2064 1472 2092 dum
1491 2064 1591 2102 thymo

910 2121 1075 2154 pascentur
1104 2124 1195 2153 apes,·
1233 2112 1348 2153 virgil.
1377 2111 1446 2143 Eel.
1475 2123 1504 2142 v.
1533 2112 1587 2142 77.

915 2164 1039 2205 Cytisus
1061 2162 1183 2194 fruticis
1204 2172 1315 2203 genus,
1334 2160 1476 2203 jucundo
1501 2160 1591 2192 folio-

912 2225 978 2246 rum
1005 2219 1037 2245 et
1058 2223 1168 2255 sapore
1190 2218 1222 2243 et
1245 2212 1351 2248 odore,
1369 2222 1431 2254 quo
1450 2216 1515 2242 tam
1538 2222 1592 2242 ca-

912 2264 1004 2305 pellae
1030 2273 1127 2305 quam
1152 2272 1229 2303 apes
1252 2261 1475 2299 delectantur;
1500 2261 1591 2303 Virg.

914 2314 981 2345 Ecl.
997 2325 1029 2345 x.
1045 2314 1106 2344 30:
1125 2311 1196 2343 vide
1213 2311 1347 2342 Martii).
1366 2311 1406 2342 ad
1422 2311 1540 2352 Georg.
1557 2310 1591 2342 ii.

912 2364 987 2394 431.
1019 2363 1206 2403 Nosquoque
1223 2362 1462 2404 idemsacimus:
1484 2372 1589 2393 meum

913 2423 1040 2455 quoque
1056 2423 1170 2443 munus
1186 2417 1246 2446 est,
1265 2422 1363 2453 quum
1379 2411 1513 2453 juvenes
1533 2411 1588 2442 flo-

913 2470 993 2494 rent.
1038 2463 1154 2494 Verbis
1179 2463 1355 2498 lururz'ant‚
1382 2467 1445 2493 etc.
1472 2461 1590 2492 descri-

912 2513 996 2544 bitur
1021 2513 1058 2549 is,
1085 2523 1179 2555 quem
1208 2511 1358 2543 Horatius
1383 2512 1512 2542 florente
1536 2512 1588 2554 ju-

913 2568 1008 2594 venta
1045 2562 1202 2594 fervidum
1242 2566 1349 2592 vocat.
1411 2561 1589 2592 Luanriare

913 2613 993 2644 alias
1015 2612 1054 2644 de
1078 2610 1273 2643 succulentis
1297 2617 1329 2642 et
1347 2610 1467 2652 vegetis
1490 2620 1588 2640 mem—

912 2663 976 2695 bris
991 2663 1118 2699 dicitur,
1130 2668 1165 2693 ut
1180 2661 1379 2693 Metammii.
1396 2662 1460 2691 292
1473 2672 1481 2699 ;
1498 2660 1587 2700 Virg.

915 2713 1032 2755 Georg.
1045 2712 1090 2743 iii.
1105 2713 1156 2743 81.
1187 2711 1257 2742 Hoc
1272 2711 1341 2741 loco
1357 2710 1396 2741 de
1413 2709 1587 2740 animorum

915 2763 1032 2804 vigore.

1048 2813 1084 2841 M
1102 2823 1129 2841 ni
