1830 3220
235 174 294 214 40
628 172 679 213 Ρ.
714 170 928 213 OVIDII
964 167 1249 211 NASONIS

233 289 264 336 J
270 306 350 338 am
377 289 490 354 pius
518 287 703 335 AEneas
729 302 887 343 sacra,
916 294 968 333 et
993 300 1136 333 sacra
1161 284 1320 332 altera
1348 289 1558 347 patrem,

301 366 521 414 Afferet:
564 364 749 412 Iliacos
776 364 973 428 excipe,
1001 362 1178 418 Vesta,
1209 361 1364 408 Deos.

233 444 458 508 Tempus
485 442 594 498 erit,
617 457 775 506 quum
801 458 888 489 vos
911 441 1190 503 orbemque
1216 438 1441 486 tuebitur
1468 437 1618 493 idem,

303 522 371 570 Et
395 522 518 569 fient
542 521 653 585 ipso
679 537 822 568 sacra
846 520 1044 568 colente
1072 518 1213 574 Deo;

1557 516 1657 561 530

236 599 303 647 Et
327 615 484 663 penes
511 598 773 661 Augustos
799 596 974 662 patriae
997 596 1155 644 tutela
1181 594 1425 643 manebit.

302 675 451 724 Hanc
477 675 552 724 fas
578 676 775 740 imperii
801 675 942 722 frena
965 682 1138 722 tenere
1160 673 1384 720 domum.

234 754 361 802 Inde
383 770 559 819 nepos,
588 760 841 816 natusque
869 751 982 808 Dei,
1010 751 1129 799 licet
1150 751 1258 814 ipse
1285 756 1503 804 recuset,

300 832 538 880 Pondera
562 831 758 879 coelesti
785 838 956 879 mente
983 836 1194 894 paterna
1220 828 1361 876 feret.

236 909 410 973 thue
436 926 531 973 ego
557 909 816 974 perpetuis
840 908 960 956 olim
987 907 1224 954 sacrabor
1251 906 1300 952 in
1330 905 1446 960 ariS,

1554 906 1652 951 535

304 986 389 1034 Sic
416 987 648 1050 Augusta
673 1003 856 1034 novum
883 985 1021 1033 Julia
1053 1001 1241 1032 numen
1267 984 1376 1032 erit.

228 1063 439 1111 Talibus
459 1071 515 1111 ut
540 1072 737 1112 nostros
763 1064 912 1112 dictis
939 1062 1206 1111 descendit
1232 1062 1282 1109 in
1309 1077 1497 1118 annos;

295 1141 542 1189 Substitit
565 1142 616 1189 in
642 1142 835 1190 medios
863 1141 1074 1206 praescia
1099 1140 1272 1203 lingua
1297 1155 1465 1187 sonos.

228 1357 342 1400 Trojae,
370 1356 539 1388 simulacra
568 1356 708 1387 Deorum
734 1357 903 1399 patriorum

231 1407 352 1449 lignea.
385 1406 682 1444 commendaverat;
715 1406 843 1438 [Eneirl.
873 1406 906 1438 ii.

233 1456 309 1487 293.
355 1456 469 1497 Itaque
485 1455 539 1486 ille
556 1461 677 1498 patrem
693 1456 832 1487 humeris
848 1457 905 1486 im-

232 1505 368 1548 positum
392 1512 424 1537 et
445 1516 535 1536 sacra
556 1516 652 1536 manu
674 1512 836 1537 tenentem
858 1517 905 1537 se-

231 1565 304 1586 cum
315 1555 447 1594 extulit3
465 1557 540 1587 AEn.
553 1555 586 1586 ii.
599 1556 660 1586 707
673 1567 752 1598 sqq3
772 1556 906 1598 Dionys.

232 1605 253 1636 i.
275 1606 328 1636 46.
345 1611 378 1637 et
399 1606 438 1636 47
459 1618 465 1636 :
491 1615 565 1636 nam
587 1612 675 1647 pater
694 1609 742 1646 pio
764 1606 827 1636 filio
844 1607 904 1637 vim

229 1665 391 1687 sacrorum
418 1656 534 1687 habere
559 1655 739 1688 videbatur.
777 1658 905 1687 Patrem

230 1704 265 1735 in
291 1715 346 1736 ora
367 1705 587 1747 Drepanitana
613 1705 729 1742 amisit,
746 1707 843 1747 (AEn.
861 1706 905 1737 iii.

232 1753 325 1793 710.)
350 1754 405 1786 ubi
429 1760 669 1785 monumentum
696 1755 764 1797 ejus
790 1755 902 1786 etiarn-

232 1815 308 1835 num
324 1804 511 1835 ostenditur.
546 1803 622 1836 vid.
638 1805 775 1836 Dorvill.
792 1806 856 1837 Sic.
874 1817 904 1848 p.

230 1854 284 1885 49.
329 1853 390 1885 Sed
415 1864 503 1885 sacra
530 1864 638 1885 secum
658 1857 767 1885 attulit
791 1855 822 1886 in
839 1856 905 1886 Ita-

229 1903 318 1939 liam,
351 1909 446 1946 atque
476 1914 563 1935 sacra
595 1904 749 1935 translata
781 1906 906 1946 signum

231 1953 430 1984 habebantur
441 1952 525 1983 sedis
539 1953 712 1984 translatae.
730 1953 807 1984 Vid.
820 1954 906 1995 Hey-

232 2002 277 2032 nii
293 2003 372 2033 Exc.
387 2003 448 2033 IX.
464 2002 504 2033 ad
523 2003 600 2033 AEn.
617 2003 650 2034 ii.
689 2003 733 2034 At
753 2003 829 2045 quia
850 2015 904 2046 pa-

230 2058 310 2084 trem
339 2063 401 2083 non
432 2052 540 2083 attulit
569 2063 677 2084 secum
704 2053 736 2084 in
765 2054 906 2090 Italiam,

229 2107 397 2144 propterea
417 2101 567 2133 Heinsius
587 2109 704 2139 monet,
720 2114 811 2145 posse
831 2114 904 2135 cum

231 2161 293 2181 uno
320 2150 429 2182 Vatic.
459 2151 581 2193 auferet
607 2151 683 2193 legi.
722 2153 905 2184 Burmanno

229 2210 293 2231 non
308 2199 500 2242 displiceret,
517 2201 632 2243 efferet.
669 2203 769 2234 Fuere
787 2209 903 2240 tamen,

231 2249 285 2291 qui
316 2249 479 2281 Anchisen
504 2250 536 2281 in
562 2250 689 2283 Italiam
718 2263 819 2295 usque
847 2253 904 2284 ad-

231 2299 363 2330 ductum
402 2300 574 2337 traderent,
604 2301 637 2332 in
665 2302 782 2344 quibus
807 2303 901 2339 Cato,

232 2349 355 2385 Strabo,
382 2348 447 2380 Dio
471 2349 611 2381 Cassius.
646 2351 723 2382 Vid.
744 2352 903 2389 Muretus,

232 2398 310 2429 Var.
329 2400 419 2430 Lect.
436 2398 503 2430 xiii.
519 2400 550 2430 3.
596 2401 664 2431 Hos
684 2401 761 2432 sorte
778 2408 904 2434 secutus

231 2455 278 2479 est
294 2448 392 2480 ovid.
428 2449 539 2480 Fatale
555 2450 651 2481 etiam
668 2457 746 2487 erat,
767 2452 904 2483 Penates

233 2499 348 2529 AEneae
378 2497 481 2529 Italiae,
507 2498 636 2538 inferri3
670 2501 748 2531 AEn.
769 2500 816 2532 iii.
843 2503 903 2533 167

231 2557 302 2589 sqq.
322 2547 480 2579 Collocati
503 2549 542 2579 ab
562 2548 652 2580 initio
671 2550 810 2587 Lavinii‚
828 2550 902 2582 inde

232 2596 370 2628 Romam
389 2597 545 2630 translati.
592 2599 631 2629 In
652 2599 742 2630 Vestae
762 2599 831 2631 aede
850 2611 904 2632 eos

229 2656 299 2677 esse
314 2652 454 2678 servatos
464 2647 597 2689 quidam
613 2650 787 2690 putabant3
809 2650 901 2681 Taci-

232 2701 296 2732 tus,
313 2695 433 2728 Annal.
449 2707 500 2728 xv.
517 2699 570 2729 41.
603 2698 717 2735 Immo,
740 2699 826 2730 aedes
850 2710 902 2731 eo-

230 2755 300 2776 rum
317 2745 375 2778 fuit
386 2747 444 2778 sub
456 2746 563 2784 Velia,
576 2758 638 2779 non
649 2749 745 2789 longe
760 2760 779 2780 a
794 2749 902 2780 Vestae

976 1357 1044 1388 :erle
1060 1369 1066 1395 ;
1093 1356 1226 1398 Dionys.
1244 1355 1264 1387 i.
1281 1356 1334 1386 67.
1385 1355 1487 1390 Quum
1512 1366 1571 1390 vos,
1589 1359 1654 1386 etc.

976 1407 1084 1439 Julius
1118 1407 1227 1438 Caesar
1255 1406 1402 1437 Pontifex
1435 1406 1526 1437 Max.
1555 1410 1652 1447 atque

977 1458 1057 1489 adeo
1073 1468 1189 1500 praeses
1207 1457 1400 1493 Vestalium.
1415 1455 1556 1487 tuebitur
1575 1455 1652 1487 Ilia-

977 1518 1030 1539 cos
1056 1508 1154 1542 Deos.
1177 1513 1209 1538 et
1234 1507 1403 1548 imperator
1422 1507 1542 1538 orbem.
1587 1505 1653 1543 Qui

976 1563 1047 1599 post
1074 1563 1206 1588 mortem
1240 1556 1323 1587 Deus
1353 1555 1423 1591 erit,
1454 1555 1548 1587 horno
1575 1557 1652 1587 colet

975 1617 1074 1643 sacru,
1090 1617 1179 1637 sacra
1200 1605 1307 1637 faciet.
1346 1605 1411 1636 Alii
1436 1605 1504 1636 haec
1527 1604 1567 1636 de
1583 1605 1653 1637 Au-

974 1663 1067 1698 gusto
1096 1655 1303 1697 intelligunt3
1337 1662 1370 1686 et
1395 1662 1527 1698 possunt
1552 1655 1651 1687 etiam

976 1705 1015 1737 de
1032 1706 1090 1737 hoc
1107 1705 1256 1747 intelligi.

1020 1757 1096 1787 533.
1115 1755 1194 1786 Haec
1215 1754 1348 1786 inseruit
1364 1753 1512 1791 Ovidius,
1529 1761 1652 1787 mortuo

975 1805 1142 1847 August03
1166 1805 1257 1836 intel.
1279 1804 1364 1836 enim
1386 1804 1547 1841 Tiberius,
1567 1805 1650 1837 Julii

975 1854 1111 1886 Caesaris
1123 1854 1198 1885 Divi
1214 1866 1310 1895 nepos,
1327 1854 1465 1896 Augusti
1482 1865 1537 1897 per
1552 1853 1652 1897 adop-

976 1903 1093 1935 tionem
1115 1911 1217 1940 natus,
1248 1903 1302 1946 qui
1330 1914 1386 1947 per
1412 1903 1650 1935 simulationem

975 1956 1126 1985 recusavit
1146 1955 1326 1996 imperium,
1341 1964 1400 1986 nec
1425 1953 1484 1985 nisi
1504 1954 1653 1996 precibus

974 2004 1111 2036 Senatus
1126 2004 1282 2047 impulsus
1296 2004 1422 2047 accepit
1436 2015 1444 2042 ;
1469 2003 1573 2036 Tacit.
1588 2003 1653 2036 An.

975 2054 996 2086 i.
1013 2054 1082 2086 init.
1099 2055 1231 2086 Sueton.
1247 2054 1319 2086 Tib.
1334 2055 1389 2086 24.
1421 2054 1518 2086 conf.
1534 2055 1653 2086 Noster

974 2105 1015 2135 iv.
1030 2115 1069 2136 ex
1087 2105 1201 2142 Ponto,
1220 2103 1286 2136 xiii.
1335 2105 1474 2141 Pondus,
1494 2109 1531 2136 ut
1550 2106 1651 2142 moles,

973 2154 1013 2185 de
1042 2154 1185 2197 imperio.
1233 2155 1384 2191 Coelestia,
1414 2153 1533 2186 eximia
1562 2165 1649 2197 quae-

974 2215 1047 2246 que.
1095 2205 1133 2236 In
1159 2204 1270 2248 primis
1298 2205 1361 2237 Dei
1393 2205 1499 2248 nepoti
1528 2211 1561 2237 et
1585 2205 1652 2238 filio

973 2255 1133 2286 convenit.
1178 2255 1297 2287 Mulier
1321 2255 1456 2287 fatidica
1475 2255 1594 2288 desinit
1617 2256 1651 2288 in

974 2304 1115 2335 mulieris
1132 2305 1383 2336 consecratione.
1430 2305 1574 2348 Augusta
1588 2306 1650 2337 Ju-

975 2355 1017 2384 Ιία
1030 2359 1079 2385 est
1094 2354 1198 2391 Livia,
1215 2365 1287 2396 quae
1304 2354 1444 2397 Augusti
1459 2360 1650 2388 testamento

974 2403 1006 2434 in
1028 2403 1182 2435 familiam
1196 2405 1317 2435 Juliam
1333 2415 1513 2447 nomenque
1525 2406 1650 2449 Augus-

974 2460 1010 2485 tae
1031 2460 1192 2492 assumta;
1215 2454 1320 2486 Tacit.
1339 2454 1425 2486 Ann.
1440 2454 1464 2487 i.
1481 2456 1515 2487 8.
1538 2455 1648 2499 ibique

973 2503 1111 2546 Lipsius.
1136 2504 1215 2546 Ejus
1231 2505 1498 2536 consecrationem
1514 2504 1650 2537 Ovidius

973 2563 1036 2584 non
1056 2553 1148 2590 vidit,
1174 2554 1322 2596 praedixit
1341 2560 1484 2594 tantum3
1507 2560 1540 2587 et
1561 2555 1650 2588 facta

972 2609 1020 2634 est
1034 2614 1089 2645 per
1105 2603 1289 2636 Claudium.
1305 2604 1436 2636 Suetou.
1448 2616 1480 2637 v.
1495 2606 1545 2636 11.
1583 2606 1648 2643 Qui

972 2652 1005 2683 in
1032 2653 1215 2684 memoriam
1243 2653 1446 2696 antiquorum
1470 2659 1647 2697 temporum

972 2701 1065 2738 redit,
1092 2705 1274 2734 adscendere
1301 2703 1341 2734 ad
1366 2713 1406 2735 ea
1431 2703 1568 2743 dicitur;
1591 2705 1647 2746 qui

972 2752 1012 2783 de
1029 2752 1170 2784 venturis
1184 2752 1333 2794 loquitur,
1348 2755 1539 2785 descendere.
