1830 3220
554 203 904 246 FASTORUM
938 204 1060 246 LIB.
1095 205 1132 248 I.
1523 206 1552 250 7

144 320 405 370 Nonarum
430 320 591 369 tutela
613 320 726 369 Deo
751 327 918 370 caret:
960 321 1193 370 omnibus
1220 322 1346 379 istis,

211 398 292 447 Ne
317 398 490 448 fallare
510 415 649 455 cave,
677 398 938 463 proximus
964 406 1072 447 ater
1097 399 1205 448 erit.

144 476 311 524 Omen
332 476 396 524 ab
421 483 605 524 eventu
631 483 741 525 est:
781 477 881 524 illis
906 493 1022 525 nam
1048 477 1214 526 Roma
1238 478 1418 528 diebus

210 555 412 602 Damna
431 555 525 602 sub
552 555 762 603 adverso
787 555 950 604 tristia
974 554 1140 603 Marte
1165 555 1299 604 tulit.

1489 562 1554 607 60

145 630 267 680 Haec
294 632 415 680 mihi
441 632 578 681 dicta
603 633 779 689 semel,
808 633 926 680 totis
952 633 1197 682 haerentia
1222 634 1404 691 Fastis,

211 709 292 758 Ne
318 710 499 758 seriem
526 726 691 759 rerum
718 710 949 759 scindere
975 727 1142 774 cogar,
1170 719 1330 760 erunt.

145 786 294 836 Ecca
323 788 416 836 tibi
441 788 679 846 faustum,
710 789 1031 845 Germanice,
1058 789 1260 837 nuntiat
1284 807 1499 850 annum3

212 865 379 930 Inque
403 883 516 915 meo
541 867 731 932 primus
756 868 977 916 carmine
1002 867 1033 915 J
1038 884 1163 915 anus
1189 869 1349 917 adest.

144 943 175 991 J
181 961 275 993 ane
299 945 492 1009 biceps,
521 945 636 992 anni
661 946 817 994 tacite
841 946 1060 994 labentis
1086 947 1255 1010 orig03
1493 952 1556 996 65

217 1022 368 1070 Solus
394 1023 457 1071 de
486 1023 695 1088 Superis
723 1023 810 1088 qui
836 1030 923 1071 tua
947 1031 1090 1087 terga
1106 1023 1284 1081 'vides;

150 1100 345 1149 Dexter
370 1102 491 1149 ades
518 1102 751 1158 ducibus,
779 1119 994 1167 quorum
1021 1119 1198 1150 secura
1222 1103 1393 1152 labore

217 1179 339 1227 Otia
362 1186 495 1228 terra
516 1179 674 1237 ferax,
703 1180 805 1228 otia
829 1187 1014 1245 pontus
1041 1181 1161 1244 agit.

150 1257 346 1306 Dexter
371 1259 492 1306 ades
519 1259 851 1324 patribusque
877 1259 996 1316 tuis,
1017 1259 1311 1324 populoque
1334 1259 1554 1315 Quirini:

218 1335 286 1384 Et
310 1353 479 1385 resera
501 1344 626 1385 nutu
658 1337 875 1385 candida
900 1337 1092 1401 templa
1115 1343 1219 1384 tuo.
1498 1341 1561 1385 70

150 1501 284 1532 Festus:
316 1504 337 1518 “
358 1500 533 1532 Ausoniam
555 1501 731 1544 appellavit
754 1500 822 1532 Au-

150 1560 220 1587 son,
249 1550 372 1592 Ulyssis
397 1556 429 1581 et
451 1551 611 1593 Calypsus
631 1550 726 1588 filius,
753 1561 822 1583 eam

149 1605 272 1642 partem
299 1600 414 1636 Italiae,
440 1600 472 1631 in
499 1611 564 1643 qua
597 1601 692 1633 urbes
719 1602 824 1633 Bene-

151 1654 282 1681 ventum
311 1655 344 1680 et
371 1649 490 1681 Calesz
526 1649 642 1681 deinde
669 1650 824 1693 paulatim

152 1704 220 1731 tota
244 1699 341 1731 ltalia
378 1699 466 1731 dicta
490 1699 667 1732 Ausonia.'’
705 1700 824 1743 Heynii

152 1759 279 1780 excurs.
295 1749 338 1780 iv.
355 1749 395 1780 ad
413 1750 488 1780 AEn.
499 1749 553 1780 vii.
590 1750 735 1781 Omnibus
751 1752 825 1787 istis,

152 1806 216 1831 etc.
241 1799 362 1830 Omnes
384 1798 464 1835 dies,
484 1798 539 1841 qui
561 1799 711 1841 postridie
736 1805 827 1831 erant

155 1848 330 1885 Kalendas,
355 1849 477 1885 Nonas,
504 1848 584 1880 Idus
606 1848 694 1891 (dies
713 1849 826 1891 postri-

154 1899 308 1938 duanos,)
338 1898 509 1930 Pontifices
536 1905 630 1935 atros,
661 1898 825 1937 infaustos,

156 1949 319 1981 habendos
330 1954 520 1986 statuerunt,
533 1959 646 1991 nempe
659 1950 695 1980 ab
707 1957 828 1981 eventu.

157 1999 310 2031 Veterum
330 1998 415 2029 enim
434 1997 613 2040 superstitio
633 1998 673 2029 ad
691 1998 760 2030 dies
781 2004 828 2030 at-

156 2048 321 2085 tendebat,
337 2047 453 2090 quibus
472 2047 597 2084 iisdem,
614 2048 670 2079 sed
689 2047 828 2080 diverso-

155 2110 224 2131 rum
250 2109 414 2134 annorum,
440 2108 490 2129 res
513 2097 672 2130 mirabiles
695 2098 829 2130 accidis-

158 2154 251 2187 sent3
276 2148 424 2179 AElianus
441 2149 518 2180 Var.
536 2147 621 2178 Hist.
632 2147 665 2179 ii.
676 2150 730 2180 25.
764 2148 831 2180 Ro-

157 2199 260 2231 manis
276 2204 383 2230 autem
397 2203 469 2241 post
489 2208 581 2229 sacra
601 2197 652 2229 die
667 2198 830 2241 postriduo

158 2250 246 2281 facta
265 2248 306 2280 ad
324 2248 457 2286 Alliam,
480 2248 522 2279 ad.
540 2248 733 2286 Cremeram,
749 2250 830 2281 mul—

157 2299 262 2342 tisque
277 2298 349 2330 aliis
364 2299 440 2330 locis
454 2309 563 2340 pugna
574 2298 658 2330 male
674 2307 811 2331 cesserat
822 2312 832 2339 3

161 2350 288 2382 Gellius
310 2350 407 2381 Noct.
431 2348 499 2379 Att.
520 2360 552 2380 v.
579 2349 630 2386 17,
656 2360 693 2380 ex
720 2350 831 2381 Verrio

161 2399 292 2431 Flacco.
330 2400 541 2430 Burmannus
559 2398 610 2430 hic
630 2403 662 2430 et
678 2398 749 2430 aliis
761 2399 831 2441 qui—

161 2449 295 2481 busdam
318 2448 397 2480 locis
418 2450 531 2479 damna
543 2448 635 2490 ferre
658 2459 714 2491 pro
729 2451 760 2480 d.
772 2449 832 2491 fa-

163 2510 229 2530 cere
252 2498 354 2529 notari
379 2497 465 2536 vult;
490 2498 609 2529 bonam
634 2503 741 2530 tamen
765 2509 834 2530 esse

162 2548 368 2585 locutionem,
388 2548 605 2590 utfortunam
618 2548 723 2590 ferre.
769 2549 833 2579 Ex-

162 2603 273 2640 cerpta
301 2597 416 2635 Vossii,
437 2602 558 2640 septem
583 2597 655 2629 cod.
680 2603 712 2629 et
739 2598 836 2630 editio

165 2646 301 2690 Gryphii
311 2658 412 2678 averso
423 2647 527 2678 Marte
533 2646 698 2678 exhibent.
709 2648 835 2690 Nempe

165 2698 284 2728 adversi
297 2696 352 2728 Dii
368 2702 442 2728 sunt
456 2696 573 2734 infesti,
584 2699 691 2733 aversi,
703 2698 756 2739 qui
773 2708 835 2728 non

167 2746 342 2779 exaudiunt
365 2757 486 2789 precesq
502 2752 576 2778 vota
600 2757 663 2778 non
681 2752 749 2778 rata
768 2758 836 2779 esse

160 2796 289 2837 jubent.
326 2796 417 2838 Saepe
435 2796 503 2828 haec
524 2796 587 2828 duo
607 2797 741 2829 confusa
763 2802 836 2829 sunt

891 1510 911 1532 a
940 1499 1086 1531 librariis.
1132 1499 1304 1536 Haerentia,
1336 1499 1486 1535 valentia.
1518 1506 1563 1533 te-

892 1549 998 1582 nenda
1012 1560 1068 1592 per
1082 1553 1184 1580 totum
1199 1549 1258 1580 hoc
1274 1559 1364 1591 opus.

937 1601 990 1632 63.
1014 1600 1098 1631 Hinc
1120 1599 1271 1630 Januarz'i
1291 1601 1496 1631 memorabilia
1516 1600 1564 1632 in-

892 1650 1026 1693 cipiunt.
1074 1648 1235 1687 Quoniam
1268 1649 1346 1681 Kal.
1371 1651 1448 1682 Jan.
1474 1650 1566 1682 alteri

893 1699 1028 1742 quisque
1052 1709 1168 1730 novum
1192 1709 1310 1730 annum
1334 1699 1566 1741 gratulabatur,

894 1749 969 1780 inde
993 1748 1136 1791 jucunda
1165 1748 1234 1779 haee
1267 1748 1429 1780 conversio
1462 1749 1565 1788 fluxit,

897 1798 975 1830 Ecce
989 1800 1053 1836 tibi,
1067 1803 1128 1829 etc.
1143 1799 1236 1840 eique
1252 1798 1368 1829 additae
1385 1805 1458 1830 sunt
1471 1800 1564 1831 bonae

894 1848 1104 1892 precationes.
1137 1847 1345 1884 Claudianus,
1362 1848 1472 1880 xxviii.
1487 1850 1564 1882 640.

895 1899 915 1930 J
920 1909 998 1930 anus
1013 1902 1162 1929 “novum
1185 1897 1274 1929 fastis
1298 1898 1398 1940 aperit
1421 1898 1567 1931 felicibus

897 1958 1027 1985 anuum,
1044 1949 1108 1979 Ore
1124 1953 1290 1979 coronatus
1305 1947 1465 1988 gemin0.’'

941 1997 993 2029 67.
1020 1997 1280 2039 Quorum—agit,
1305 2007 1438 2039 quorum
1462 1999 1568 2032 labore

897 2057 960 2089 pax
977 2052 1059 2078 terra
1078 2048 1220 2089 marique
1238 2052 1342 2090 parta.
1388 2048 1480 2080 Forte
1498 2049 1568 2080 uni-

898 2107 986 2128 verse
1002 2097 1127 2128 locutus
1143 2105 1190 2128 est
1205 2096 1245 2129 de
1260 2097 1407 2129 omnibus
1421 2098 1568 2137 ducibus,

898 2146 964 2189 qui,
981 2152 1017 2178 ut
1032 2146 1197 2188 Augustus
1218 2152 1287 2189 post
1304 2157 1445 2189 pugnam
1459 2147 1570 2181 Actia-

899 2206 981 2233 cam,
997 2207 1109 2239 pacem
1125 2202 1379 2238 composuerunt.
1425 2197 1480 2229 Sin
1499 2198 1571 2240 quis

898 2251 999 2288 putet,
1015 2246 1084 2277 haec
1105 2246 1147 2277 ad
1162 2246 1263 2277 solum
1279 2246 1506 2278 Germanicum
1522 2259 1568 2280 re-

900 2295 1040 2332 serenda,
1054 2295 1238 2332 dicendum,
1252 2297 1373 2328 incerta
1396 2308 1464 2329 esse
1489 2308 1572 2330 anno

900 2357 932 2378 u.
947 2356 975 2378 e.
992 2347 1068 2378 770.
1086 2347 1144 2379 sub
1163 2346 1301 2383 Tiberio,
1318 2358 1417 2389 quum
1437 2348 1570 2380 Germa-

900 2397 991 2429 nicus
1019 2396 1059 2428 de
1090 2396 1269 2434 Cheruscis,
1299 2397 1404 2429 Cattis
1437 2399 1571 2441 aliisque

901 2447 1026 2489 populis
1041 2446 1285 2489 triumphasset;
1300 2446 1442 2484 Tacitus,
1455 2448 1522 2479 An.
1538 2448 1572 2479 ii.

902 2497 956 2528 41.
999 2497 1077 2528 Tres
1103 2496 1199 2528 nostri
1223 2496 1319 2539 Regii
1342 2497 1469 2530 codices
1496 2499 1573 2530 dant

903 2549 965 2577 otia
974 2553 1084 2586 pontus
1095 2547 1198 2577 habet:
1216 2546 1332 2589 saepius
1344 2546 1474 2589 quidem
1486 2548 1571 2589 apud

904 2604 1049 2629 auctores
1071 2597 1224 2640 reperitur
1239 2597 1369 2628 verbum
1390 2609 1480 2639 agere
1500 2609 1573 2629 cum

903 2649 1009 2684 otium,
1024 2659 1137 2688 pacem,
1153 2648 1275 2683 bellum,
1291 2651 1355 2678 etc.
1394 2647 1574 2688 Aliquoties

904 2702 1012 2728 tamen
1036 2707 1108 2728 cum
1136 2696 1221 2727 hisce
1245 2696 1409 2727 vocabulis
1431 2695 1575 2738 jungitur

905 2747 1035 2778 verbum
1052 2747 1176 2777 habere:
1198 2745 1321 2788 judicet
1336 2746 1444 2776 lector.
1468 2747 1557 2777 LEM.

949 2796 1002 2828 69.
1029 2796 1146 2836 Populo
1171 2795 1327 2835 Quirini]
1361 2794 1520 2831 Horatius,
1545 2793 1574 2826 I.
