1809 3220
231 186 318 229 134

613 185 665 227 Ρ.
700 183 918 227 OVIDII
954 181 1239 225 NASONIS

230 304 358 352 Inde
384 304 515 351 datae
541 302 698 365 legeS‚
726 318 790 349 ne
816 300 1007 348 firmior
1031 299 1204 347 omnia
1228 305 1432 363 posset:

297 381 584 445 Coeptaque
610 386 728 427 sunt
753 395 876 443 pure
903 377 1091 426 tradita
1116 393 1259 425 sacra
1282 376 1397 424 coli.

1547 378 1647 422 280

230 458 447 506 Exuitur
471 457 661 514 feritas,
690 456 946 520 armisque
973 455 1233 520 potentius
1259 469 1465 518 aequum
1490 459 1597 501 est:

299 536 365 584 Et
389 552 505 583 cum
530 536 639 583 cive
665 534 826 599 pudet
850 534 1169 582 conseruisse
1194 549 1391 581 manus.

229 614 398 678 Atque
426 614 626 677 aliquis,
654 613 805 660 modo
832 621 966 670 trux,
994 613 1101 660 visa
1120 613 1227 676 jam
1253 611 1462 659 vertitur
1485 625 1597 668 ara3

298 692 534 755 Vinaque
561 693 648 740 dat
673 691 858 756 tepidis
886 691 1122 755 salsaque
1147 690 1278 739 farra
1302 689 1442 737 focis.

229 770 365 819 Ecce
393 771 559 819 Deum
585 771 782 834 genitor
801 771 978 819 rutilas
1004 787 1094 835 per
1113 770 1288 818 nubila
1312 769 1543 816 flammas

301 849 522 914 Spargit‚
551 856 602 897 et
625 849 799 897 effusis
826 850 1014 897 aethera
1040 849 1198 897 siccat
1222 847 1385 912 aquis.

1550 847 1649 893 286

233 927 349 975 Non
375 928 497 975 alias
524 927 664 975 missi
690 927 920 975 cecidere
948 926 1265 991 frequentius
1291 926 1458 989 ignes:

300 1005 415 1053 Rex
443 1013 607 1070 pavet,
636 1012 689 1053 et
708 1005 844 1068 vulgi
872 1012 1082 1070 pectora
1105 1012 1263 1052 terror
1288 1004 1460 1051 habet.

233 1083 330 1130 Cui
358 1083 486 1140 Dea,
516 1083 597 1131 Ne
624 1083 836 1130 nimium
862 1091 1080 1141 terrere3
1122 1082 1308 1147 piabile
1333 1081 1524 1130 fulmen

300 1160 409 1217 Est,
437 1161 535 1218 ait;
576 1168 628 1209 et
653 1161 771 1209 saevi
797 1162 1017 1210 flectitur
1043 1161 1116 1209 ira
1138 1159 1309 1208 Jovis:

1550 1161 1650 1207 290

233 1240 336 1288 Sed
362 1248 599 1304 poterunt
624 1239 776 1287 ritum
803 1239 958 1287 Picus
987 1239 1296 1302 Faunusque
1323 1237 1496 1302 piandi

300 1318 541 1374 Prodere,
568 1317 786 1366 Romani
813 1332 1000 1365 numen
1021 1325 1236 1381 uterque
1263 1316 1372 1364 soli.

232 1474 318 1505 Pure
337 1473 370 1505 id
391 1474 477 1516 quod
499 1474 563 1517 pie.
609 1474 717 1506 Tibul.
734 1474 762 1505 1.
781 1473 825 1505 iii.
842 1475 900 1506 25:

231 1529 253 1542 “
268 1524 324 1555 Pie
339 1524 415 1556 dum
438 1535 527 1556 sacra
543 1524 631 1561 colis,
648 1535 788 1568 pureque
806 1525 904 1556 lavari

229 1574 286 1611 Te,
302 1581 334 1607 et
350 1586 428 1617 puro
443 1575 626 1607 secubuisse
644 1580 720 1606 toro.
757 1575 906 1607 Emitur.

229 1624 342 1656 Burm.
358 1635 429 1656 cum
453 1625 546 1656 MSS.
563 1625 693 1661 Fames,
712 1629 743 1656 et
759 1624 907 1657 Ambros.

229 1682 395 1719 tamquam
419 1676 505 1707 verb.
529 1675 691 1707 efficacius
717 1675 819 1712 malit,
844 1677 906 1706 ezi-

226 1729 327 1769 gitur.
348 1726 433 1757 Mihi
448 1736 521 1757 vero
537 1726 671 1757 alterum
685 1726 815 1757 verbum
830 1725 906 1756 satis

229 1786 326 1817 grave
349 1781 381 1807 et
404 1775 534 1817 elegans
556 1773 702 1813 videtui-3
735 1773 906 1806 Claudian.

230 1837 285 1857 xv.
307 1826 391 1857 397:
428 1825 688 1866 “Naturamque
714 1823 819 1859 simul,
844 1823 906 1854 fra-

230 1880 373 1918 tremque
389 1881 538 1906 cruentus
553 1874 685 1905 Exuit.'’
732 1875 832 1914 Atque
847 1874 907 1904 uli-

231 1928 308 1966 quis,
326 1931 389 1956 etc.
438 1925 509 1955 vim
526 1923 688 1965 religionis
702 1923 735 1954 in
749 1923 908 1955 mentibus

232 1973 404 2011 Quiritium
418 1973 559 2004 declarat
575 1985 582 2011 ;
605 1974 713 2015 itaque
727 1973 773 2004 vis
789 1973 821 2003 in
838 1983 907 2004 voc.

231 2026 315 2055 modu
336 2030 369 2055 et
381 2026 453 2064 jum
479 2023 572 2054 inest.
624 2024 764 2054 Vertitur
789 2023 906 2054 rectius

229 2083 302 2104 cum
314 2073 467 2104 Burman.
476 2072 742 2114 interpretaberis,
754 2078 902 2108 mutatur,

230 2133 325 2164 quam
347 2133 419 2153 cum
442 2123 547 2164 Neap.
570 2133 684 2164 corpus
705 2121 904 2153 dextrorsum

230 2172 420 2213 circumagit
447 2183 531 2204 more
560 2172 772 2203 adorantium.
821 2172 904 2203 Trux

230 2221 270 2253 ad
286 2222 449 2264 ingenium
465 2222 637 2252 violentum
654 2222 867 2253 referendum.

273 2273 350 2303 235.
378 2272 474 2303 Nunc
503 2272 631 2303 demum
670 2272 808 2304 narratio
837 2273 903 2316 ipsa

230 2322 352 2364 incipit,
369 2322 459 2364 cujus
480 2321 562 2364 prior
582 2333 656 2364 pars
677 2321 837 2353 simillima
858 2333 905 2354 re-

229 2371 350 2414 peritur
369 2371 420 2407 iis,
445 2383 516 2413 quae
532 2371 624 2413 Virg.
645 2372 761 2413 Georg.
783 2373 825 2403 iv,
841 2374 903 2404 387

229 2433 300 2463 sqq.
335 2421 374 2452 de
402 2421 537 2463 Cyrene,
565 2421 699 2452 Aristaeo
729 2428 761 2452 et
789 2423 904 2454 Proteo

231 2471 341 2502 habet.
379 2471 493 2512 Neque
509 2477 615 2501 tamen
629 2470 696 2501 haec
713 2471 905 2502 adsimilavit

223 2520 328 2552 Ovid.
350 2520 407 2551 sed
424 2519 531 2551 hausit
549 2530 587 2550 ex
604 2519 745 2551 Antiatis
759 2521 839 2552 libro
855 2532 903 2552 se-

229 2569 346 2606 cundo,
368 2569 456 2606 ficta,
484 2576 519 2600 ut
546 2569 708 2600 Plutarch.
739 2578 856 2607 monet,
885 2581 904 2602 a

229 2619 452 2662 superstitione
463 2619 691 2661 antiquissima>
703 2620 816 2651 aetatis.
834 2620 904 2652 Liv.

230 2669 328 2711 igitur
353 2669 376 2700 i.
397 2670 451 2701 20.
475 2669 512 2700 iis
536 2670 649 2711 spretis
672 2670 812 2711 auguriis
831 2670 900 2702 Nu-

229 2730 315 2750 mam
334 2719 528 2750 consuluisse
547 2720 662 2751 Jovem
677 2719 817 2750 Elicium
833 2730 904 2751 nar—

229 2775 289 2806 rat,
321 2780 393 2812 quae
431 2769 633 2812 suscipienda
662 2776 768 2802 essent
806 2776 901 2812 atque

973 1474 1186 1517 procuranda.
1227 1472 1354 1516 Jupiter
1366 1484 1422 1514 per
1437 1473 1546 1504 nubila
1558 1473 1649 1505 flam-

975 1535 1043 1556 mas
1065 1535 1228 1567 spargens,
1247 1524 1351 1556 minus
1372 1522 1530 1560 terribilis,
1552 1533 1650 1566 quam

974 1580 994 1592 ‘⁴
1013 1586 1067 1617 per
1089 1585 1200 1617 purum
1223 1580 1370 1606 tonantes
1390 1584 1489 1616 equos
1510 1583 1608 1616 agens
1619 1573 1652 1612 ;’'

974 1625 1088 1656 Horat.
1106 1625 1133 1655 Ι.
1149 1624 1213 1668 Od.
1230 1623 1337 1655 xxxiv.
1353 1624 1385 1654 8.
1431 1623 1548 1665 Itaque
1562 1623 1651 1655 Julio

975 1674 1102 1706 Caesare
1126 1673 1303 1710 interfecto,
1329 1677 1349 1690 “
1366 1673 1441 1704 Non
1463 1672 1541 1704 alias
1566 1672 1651 1704 coelo

975 1723 1161 1755 cecidemnt
1197 1723 1291 1766 plura
1325 1732 1435 1754 sereno
1469 1721 1651 1764 Fulgura;”

975 1773 1064 1815 Yirg.
1081 1774 1199 1814 Georg.
1215 1773 1238 1803 i.
1255 1773 1330 1803 487.
1366 1772 1417 1806 De
1433 1771 1568 1803 formula
1580 1782 1650 1812 pec-

974 1829 1039 1853 tora
1053 1830 1151 1855 terror
1164 1824 1264 1859 habet,
1280 1822 1353 1854 vide
1364 1822 1405 1853 ad
1418 1822 1503 1854 Met.
1519 1821 1563 1853 ix.
1573 1823 1650 1854 291.

1017 1874 1095 1904 289.
1122 1874 1202 1910 Dea,
1225 1871 1352 1914 Egeria.
1399 1872 1506 1908 Piare,
1530 1874 1651 1913 expiare

974 1929 1006 1954 et
1021 1934 1087 1954 ver.
1109 1923 1184 1954 343.
1203 1933 1370 1963 procurare
1378 1922 1509 1964 fulmen
1525 1922 1650 1955 Arnob.

973 1972 1005 2003 d.
1029 1973 1053 2003 Ι.
1080 1972 1126 2003 sic
1150 1971 1428 2014 circumloquitur:
1459 1971 1579 2003 “Scire
1602 1982 1650 2004 re-

974 2022 1089 2059 media,
1107 2021 1224 2064 quibus
1239 2021 1338 2053 averti
1359 2021 1491 2063 possint,
1507 2032 1579 2064 quae
1594 2032 1651 2064 per

974 2073 1114 2103 fulminis
1133 2073 1260 2114 jactum
1283 2071 1315 2102 in
1334 2071 1481 2103 humanis
1503 2071 1570 2103 fieri
1589 2072 1650 2103 Ju-

972 2125 1053 2162 piter
1089 2121 1290 2153 constituerit
1326 2121 1455 2153 rebus.'’
1508 2122 1650 2159 Faunus,

976 2173 1045 2204 Pici
1069 2172 1163 2208 filius,
1187 2172 1400 2214 Aboriginum
1420 2182 1485 2209 rex,
1506 2173 1554 2204 vir
1576 2184 1650 2215 pru-

974 2222 1066 2259 dens,
1099 2233 1195 2265 quem
1217 2221 1370 2258 Romani,
1397 2228 1433 2253 ut
1458 2223 1564 2254 Deum
1589 2232 1646 2265 pa—

976 2272 1067 2303 trium
1094 2279 1191 2314 atque
1217 2272 1394 2308 fatidicum,
1423 2271 1588 2304 sacrificiis
1617 2279 1650 2304 et

974 2322 1167 2353 carminibus
1192 2322 1362 2359 colebant;
1385 2321 1523 2363 Dionys.
1543 2321 1566 2353 i.
1592 2323 1648 2354 31.

973 2371 1036 2402 Sed
1048 2372 1115 2413 jam
1135 2378 1208 2402 aute
1231 2372 1368 2402 Romam
1383 2370 1558 2408 conditam,
1575 2382 1647 2403 ora-

974 2422 1081 2452 culum
1092 2421 1159 2463 ejus
1168 2420 1411 2459 consulebatur3
1426 2421 1504 2451 AEn.
1517 2420 1570 2452 vii.
1587 2422 1645 2452 81:

974 2477 994 2488 ‘¹
1012 2472 1056 2502 At
1082 2482 1136 2502 rex
1161 2470 1315 2502 sollicitus
1336 2470 1495 2507 monstris,
1519 2471 1650 2504 oracula

973 2522 997 2552 F
1001 2521 1086 2557 auni,
1103 2520 1127 2550 F
1130 2520 1240 2551 atidici
1259 2519 1421 2561 genitoris,
1437 2520 1538 2552 adit.”
1583 2521 1648 2553 Sed

972 2572 1004 2602 in
1034 2570 1220 2602 societatem
1257 2569 1383 2601 honoris
1419 2569 1520 2601 divini
1549 2569 1647 2602 etiam

974 2622 1068 2652 Picus
1095 2620 1191 2652 venit.
1219 2619 1384 2651 Plutarch.
1409 2619 1495 2651 dicto
1520 2621 1580 2651 loc.
1609 2620 1648 2652 iis

970 2669 1276 2702 medicamentorum
1320 2668 1486 2700 scientiam
1524 2669 1646 2706 tribuit,

971 2726 1067 2762 atque
1083 2720 1197 2751 artium
1214 2719 1422 2761 magicarum.
1447 2718 1524 2751 Vid.
1539 2719 1646 2761 Heyn.

971 2770 1049 2801 Exc.
1067 2781 1095 2802 v.
1112 2769 1152 2801 ad
1169 2771 1248 2801 AEn.
1265 2768 1321 2800 vii.
