1830 3220
559 167 911 212 PASTORUM
948 169 1070 211 LIB.
1107 168 1201 211 III.

1505 171 1590 211 149

164 284 264 340 Qui
290 291 462 333 tamen
488 287 655 350 ejecta
679 286 721 334 si
747 286 874 334 forte
899 287 1157 335 tenebitur
1182 287 1333 345 unda,

235 364 424 412 Caelius
447 365 666 430 accipiat
691 366 1075 430 pulverulentus
1102 382 1282 430 equos.

164 441 364 490 Imssns
394 450 472 491 est
498 442 660 491 Annae
686 444 874 492 festum
901 445 1101 508 geniale
1129 444 1394 500 Perenna2,

233 520 387 569 Haud
413 522 589 587 procul
616 539 647 570 a
672 523 810 587 ripis,
840 523 1037 570 advena
1062 522 1219 579 Tibri,
1248 522 1367 571 tuis.

1495 526 1591 572 524

165 598 322 648 Plebs
348 600 503 659 venit,
532 617 590 649 ac
616 601 802 650 virides
831 602 1023 667 passim
1050 603 1266 666 disjecta
1292 619 1383 667 per
1410 603 1593 651 herbas

232 678 406 736 Potat,
425 685 477 728 et
503 681 762 729 accumbit
787 698 904 729 cum
924 698 1044 746 pare
1066 682 1288 745 quisque
1317 698 1424 729 sua.

165 756 276 805 Sub
301 756 428 805 Jove
454 774 572 822 pars
597 759 775 808 durat:
817 760 965 824 pauci
994 760 1214 808 tentoria
1239 768 1464 823 ponunt:

235 835 383 894 Sunt,
413 836 601 900 quibus
628 854 655 886 e
682 838 833 886 ramis
860 837 1071 885 frondea
1095 837 1230 886 sacta
1255 854 1375 886 casa
1400 846 1506 886 est:

166 913 294 963 Pars
321 915 418 963 sibi
445 933 536 981 pro
562 916 737 981 rigidis
764 918 990 965 calamos
1018 923 1243 965 statuere
1270 918 1539 975 columnis,

236 992 474 1059 Desuper
499 1002 736 1043 extentas
762 995 1054 1060 imposuere
1081 1002 1244 1059 togas.

1498 999 1597 1044 530

169 1072 290 1121 Sole
315 1079 487 1122 tamen
513 1074 737 1139 vinoque
763 1075 960 1123 calent:
1003 1090 1267 1139 annosque
1293 1081 1582 1139 precantur,

236 1150 378 1206 Quot
395 1159 600 1200 sumant
618 1153 836 1217 cyathos
855 1171 865 1211 ;
909 1153 973 1201 ad
1000 1168 1373 1217 numerumque
1393 1153 1594 1202 bibunt.

168 1228 406 1278 Invenies
432 1230 552 1288 illic,
581 1231 669 1296 qui
698 1230 933 1279 Nestoris
960 1232 1136 1279 ebibat
1161 1247 1350 1280 annos:

238 1306 366 1364 Quae
392 1308 459 1356 sit
483 1325 574 1374 per
599 1310 786 1358 calices
811 1309 946 1358 facta
973 1310 1171 1376 Sibylla
1197 1327 1333 1359 suos,

169 1385 282 1435 Illic
308 1394 361 1436 et
385 1394 612 1446 cantant,
640 1388 894 1453 quidquid
921 1387 1148 1437 didicere
1175 1388 1417 1447 theatris;

1501 1392 1598 1436 535

240 1465 309 1514 Et
327 1469 527 1532 jactant
551 1467 726 1517 faciles
753 1469 817 1517 ad
843 1484 936 1517 sua
961 1469 1116 1517 verba
1141 1483 1352 1527 manus;

213 1616 418 1648 523—696.
443 1619 541 1649 Annae
578 1616 725 1648 Perennoe
763 1628 851 1649 sacra

169 1665 295 1698 Idibus.
333 1666 413 1698 Deae
434 1667 531 1710 hujus
555 1666 675 1699 mentio
698 1667 766 1710 jam
786 1678 850 1699 ver.

174 1717 237 1748 146
265 1717 363 1749 facta.
409 1718 519 1754 Nunc,
545 1718 734 1750 523—542.
762 1728 852 1749 sacra

169 1766 240 1809 ejus
261 1767 406 1809 jucunde
430 1767 668 1804 describuntur,
687 1773 719 1799 et
743 1769 853 1799 543—

170 1818 247 1848 674.
260 1816 300 1848 de
317 1817 416 1848 Anna
437 1817 507 1860 ipsa
531 1817 658 1860 copiose
673 1818 853 1861 exponitur.

170 1867 315 1899 Tandem
333 1867 374 1898 ad
390 1877 481 1899 sacra
496 1868 564 1910 ejus
578 1867 711 1899 reditur.
746 1868 851 1899 Labe-

171 1917 237 1949 rius
260 1917 393 1950 mimum
416 1917 585 1961 scripserat
602 1917 730 1950 nomine
747 1919 852 1950 Annae

171 1969 339 2006 Perennae,
356 1967 411 2011 qui
431 1979 450 2000 a
466 1968 573 2001 Gellio
590 1969 687 2001 Noct.
704 1969 773 2001 Att.
788 1969 854 2000 xvi.

173 2021 205 2052 7.
219 2025 252 2052 et
273 2030 292 2052 a
310 2019 416 2051 Nonio
438 2019 597 2052 Marcello
620 2020 653 2052 in
668 2031 744 2052 voce
760 2022 854 2052 colla-

173 2071 251 2102 bella
267 2069 427 2102 laudatur.

241 2121 385 2158 Geniale,
423 2131 488 2164 quo
522 2121 616 2163 genio
652 2121 853 2163 indulgetur.

174 2171 260 2204 Vide
276 2171 317 2203 ad
332 2181 396 2203 ver.
410 2172 464 2203 58.
498 2173 627 2203 Aduena
642 2171 741 2203 Tibris
756 2171 855 2203 etiam

173 2221 207 2253 ii.
223 2222 277 2254 68.
322 2221 453 2253 Festum
467 2221 528 2253 hoc
544 2221 577 2253 in
593 2232 720 2253 nemore
737 2222 854 2258 Annae,

175 2272 262 2304 haud
292 2272 404 2315 procul
428 2283 448 2303 a
474 2272 594 2308 Tiberi,
617 2272 698 2304 inter
722 2272 857 2304 Anienis

174 2323 389 2354 confluentem
406 2328 439 2354 et
457 2329 587 2366 pontem
604 2322 756 2354 Milvium
773 2323 855 2354 cele-

173 2373 342 2404 brabatur.
405 2373 556 2405 Potantes
593 2384 656 2404 non
685 2379 810 2405 tantum
840 2384 857 2405 e

175 2423 281 2466 plebe,
296 2423 354 2454 sed
374 2429 406 2455 et
427 2434 466 2455 ex
491 2422 563 2455 aliis
582 2422 757 2461 ordinibus,
773 2433 858 2466 saepe

176 2473 279 2510 strati,
304 2473 379 2510 fusi,
408 2473 568 2511 reclinati,
594 2472 725 2516 abjecti,
755 2473 855 2515 negli-

176 2528 289 2567 genter
312 2523 346 2555 in
375 2523 518 2566 gramine
541 2524 719 2567 jacebant;
745 2524 858 2556 Horat.

177 2576 225 2607 II.
240 2574 307 2607 Od.
332 2573 378 2607 iii.
393 2576 424 2606 6.
472 2574 557 2606 Hinc
581 2576 721 2615 disjecta,
738 2574 858 2617 passim

176 2627 262 2658 fusa.
309 2626 387 2663 Par,
406 2630 442 2657 ut
462 2625 505 2657 iv.
521 2626 576 2657 98.
609 2625 662 2657 De
688 2625 858 2657 animanti-

177 2677 238 2709 bus
253 2687 348 2720 supra
365 2687 429 2709 ver.
445 2677 518 2708 193.

223 2728 300 2760 527.
315 2727 430 2759 Omnis
444 2726 496 2758 hic
512 2727 601 2759 locus
615 2737 745 2758 scenam
761 2726 859 2758 habet

179 2787 198 2809 e
214 2776 279 2809 vita
297 2777 401 2820 plebis
417 2777 586 2809 Romanae.
633 2777 695 2808 Sub
710 2777 785 2809 Jove
800 2779 856 2808 du-

921 1624 983 1654 rat,
1007 1622 1042 1648 ut
1066 1617 1102 1648 ii.
1127 1617 1207 1649 299.
1256 1618 1403 1650 Fromleoe
1432 1616 1496 1648 illae
1527 1629 1601 1649 casae

922 1678 979 1698 suo
995 1667 1122 1699 nomine
1138 1668 1251 1698 umbrae
1273 1665 1476 1704 dicebantur,
1493 1674 1602 1709 atque,

923 1722 958 1748 ut
987 1727 1005 1748 e
1034 1718 1131 1748 Sexto
1161 1716 1316 1758 Pompeio
1345 1723 1481 1754 constat,
1505 1716 1602 1748 etiam

923 1767 1165 1809 Neptunalibus
1210 1766 1411 1808 figebantur;
1449 1766 1605 1808 quemad-

923 1816 1053 1848 modum
1076 1827 1093 1848 e
1111 1817 1253 1848 vestibus
1274 1817 1462 1848 umbracula
1483 1816 1515 1847 in
1542 1817 1605 1848 Pa·

924 1867 1032 1898 lilibus
1057 1877 1075 1898 a
1098 1867 1239 1904 Tibullo,
1256 1867 1289 1899 ii.
1308 1878 1338 1898 v.
1353 1868 1407 1899 97.
1427 1878 1606 1899 memoran-

925 1923 975 1949 tur
991 1930 996 1948 :
1024 1922 1044 1935 “
1057 1928 1075 1949 e
1088 1923 1176 1949 veste
1193 1928 1252 1949 sua
1267 1917 1402 1949 tendent
1417 1918 1607 1950 umbracula

924 1967 1016 2000 sertis
1031 1968 1187 2000 Vincta.'’
1235 1969 1361 2011 Rigidis
1383 1969 1467 2000 bene
1490 1979 1524 2000 se
1545 1969 1604 2000 ha-

923 2019 999 2057 bet3
1035 2018 1184 2050 tribuitur
1222 2018 1308 2050 enim
1348 2018 1407 2050 hoc
1441 2018 1606 2062 epitheton

924 2068 1043 2112 passim
1067 2070 1162 2101 rebus
1179 2079 1196 2100 e
1218 2068 1307 2111 ligno
1329 2076 1385 2100 aut
1407 2079 1484 2100 saxo
1504 2069 1607 2102 factis.

925 2120 975 2150 Ad
985 2130 1145 2150 numerum
1157 2121 1275 2156 bibunt,
1284 2124 1453 2150 numerant
1462 2119 1607 2161 cyathos,

925 2181 1004 2212 quos
1027 2169 1230 2202 exhauriunt.
1273 2170 1312 2201 In
1337 2170 1435 2201 sacris
1459 2170 1608 2202 Perennae

924 2230 981 2263 pro
1011 2219 1212 2263 perennitate
1245 2220 1319 2251 vitae
1350 2220 1477 2251 bibunt.
1523 2220 1608 2252 Vide

926 2270 1087 2302 Macrobii
1115 2271 1211 2302 verba
1242 2270 1283 2302 ad
1313 2281 1377 2303 ver.
1404 2272 1466 2302 146
1497 2271 1607 2303 allata.

928 2320 1046 2362 Sibylla
1060 2323 1175 2359 vivax5
1191 2320 1234 2353 iv.
1251 2321 1327 2352 875.
1374 2320 1426 2352 De
1442 2320 1499 2352 illa
1514 2320 1605 2353 viva-

926 2370 1023 2402 citate
1041 2371 1110 2414 ejus
1125 2370 1199 2403 vide
1215 2372 1353 2403 Metam.
1369 2370 1434 2403 xiv.
1454 2372 1511 2403 131
1537 2383 1609 2414 sqq.

927 2421 982 2452 ubi
1007 2421 1078 2464 ipsa
1102 2427 1221 2460 narrat,
1247 2421 1369 2453 saecula
1391 2421 1460 2465 jam
1485 2428 1608 2465 septem

926 2471 989 2503 sibi
1011 2477 1095 2509 acta,
1110 2477 1143 2503 et
1165 2477 1284 2504 restare
1308 2471 1380 2503 tria.
1427 2471 1513 2503 Hinc
1537 2483 1609 2503 mu-

927 2522 1059 2554 lieribus
1091 2521 1222 2565 Sibyllae
1261 2533 1360 2554 annos
1395 2522 1609 2564 precabantur

926 2577 1062 2609 veteres,
1088 2578 1123 2604 ut
1148 2572 1222 2604 viris
1247 2573 1386 2604 Nestoris
1399 2584 1410 2610 ,-
1436 2571 1533 2603 Ovid.
1558 2572 1607 2603 Π.

927 2633 967 2654 ex
988 2623 1105 2661 Ponto,
1121 2622 1186 2655 viii.
1202 2624 1255 2655 41.
1271 2623 1313 2655 ad
1330 2622 1468 2665 Augusti
1486 2622 1585 2653 filium
1599 2635 1606 2653 :

930 2677 953 2691 “
969 2673 1021 2705 Sic
1043 2680 1134 2717 pater
1154 2674 1188 2705 in
1204 2674 1327 2716 Pylios,
1344 2674 1492 2706 Cumaeos
1507 2678 1610 2704 mater

928 2725 961 2756 in
978 2735 1076 2756 annos
1092 2724 1248 2757 Vivant.’'

973 2777 1049 2806 535.
1083 2775 1234 2811 Theatrz's,
1261 2774 1295 2805 in
1325 2772 1467 2805 theatris.
1519 2773 1609 2805 Male
