1830 3220
275 185 331 225 14
676 182 727 223 P.
762 180 976 224 OVIDII
1011 179 1295 223 NASONIS

275 299 443 347 Sumsi
470 299 709 354 animum,
738 303 1010 361 gratesque
1037 297 1148 345 Deo
1176 313 1276 344 non
1302 295 1505 344 territus
1531 294 1643 358 egi:

339 376 609 439 Verbaque
636 391 746 422 sum
773 382 1011 439 spectans
1038 390 1203 438 pauca
1226 374 1425 421 locutus
1453 372 1679 420 humum.

272 455 384 510 Dic,
412 471 522 516 age,
548 452 815 516 frigoribus
843 468 999 515 quare
1026 468 1185 499 novus
1211 450 1390 514 incipit
1415 466 1593 507 annus,

338 531 437 586 Qui
462 531 640 579 melius
666 547 756 594 per
779 546 865 578 ver
890 530 1209 594 incipiendus
1236 529 1376 576 erat?

1588 531 1682 576 150

271 609 455 656 Omnia
478 615 598 656 tunc
623 608 827 655 florent:
857 614 978 654 tunc
1004 614 1082 655 est
1108 623 1236 654 nova
1260 606 1502 670 temporis
1528 612 1678 663 aetas3

335 686 402 734 Et
425 703 553 734 nova
576 687 639 734 de
666 685 870 748 gravido
895 685 1108 749 palmite
1136 700 1338 748 gemma
1362 689 1552 739 tumet;

271 764 337 812 Et
360 765 510 812 modo
536 763 761 811 formatis
787 763 1020 810 amicitur
1044 762 1308 810 frondibus
1336 762 1513 818 arbos;

336 841 513 889 Prodit
538 848 589 888 et
613 841 663 887 in
689 856 941 887 summum
969 840 1173 887 seminis
1199 840 1357 887 herba
1382 839 1573 896 solum;

270 919 337 967 Et
361 919 588 983 tepidum
612 918 840 965 volucres
866 918 1197 965 concentibus
1224 933 1340 965 aera
1365 917 1619 974 mulcent3

338 997 490 1044 Ludit
514 1004 565 1044 et
589 996 640 1042 in
665 996 821 1060 pratis
847 995 1172 1059 luxuriatque
1198 1011 1372 1059 pecus.

1585 995 1680 1041 156

269 1074 398 1121 Tum
424 1073 597 1121 blandi
624 1074 782 1130 soles3
824 1073 1101 1136 ignotaque
1126 1072 1295 1136 prodit
1320 1071 1564 1128 hirundo;

337 1152 404 1200 Et
426 1152 619 1199 luteum
645 1152 782 1199 celsa
806 1152 899 1198 sub
925 1153 1067 1199 trabe
1092 1151 1237 1214 fingit
1261 1167 1405 1215 opus.

269 1230 397 1278 Tum
423 1229 611 1294 patitur
636 1230 801 1277 cultus
828 1246 963 1293 ager,
992 1237 1044 1278 et
1069 1236 1334 1277 renovatur
1359 1236 1551 1277 aratro:

338 1307 463 1356 Haec
490 1307 605 1354 anni
631 1307 822 1355 novitas
842 1308 957 1371 jure
979 1308 1208 1355 vocanda
1231 1307 1341 1354 fuit.

1586 1309 1679 1354 160

271 1385 578 1441 Quaesieram
607 1385 807 1434 multis:
849 1402 947 1433 non
975 1386 1144 1434 multis
1172 1386 1254 1433 ille
1280 1391 1523 1441 moratus,

339 1464 569 1511 Contulit
593 1464 644 1510 in
667 1479 840 1511 versus
867 1464 937 1511 sic
965 1481 1057 1512 sua
1080 1464 1234 1512 verba
1258 1464 1385 1511 duos
1405 1481 1414 1512 :

272 1541 461 1588 Bruma
485 1541 597 1588 novi
621 1540 784 1605 prima
807 1548 901 1597 est,
924 1542 1210 1605 veterisque
1232 1541 1505 1589 novissima
1530 1540 1674 1588 solis:

336 1618 649 1682 Principium
674 1619 882 1682 capiunt
908 1618 1134 1666 Phoebus
1160 1626 1211 1666 et
1237 1635 1398 1666 annus
1424 1619 1579 1666 idem.

270 1695 396 1744 Post
420 1712 480 1744 ea
505 1696 737 1751 mirabar,
765 1712 853 1742 cur
878 1712 979 1743 non
1004 1696 1112 1744 sine
1138 1697 1311 1744 litibus
1337 1703 1475 1744 esset

1586 1699 1677 1744 165

337 1774 511 1821 Prima
535 1774 673 1822 dies:
714 1774 934 1822 Causam
960 1774 1183 1840 percipe,
1210 1774 1240 1822 J
1246 1791 1371 1822 anus
1397 1774 1482 1823 ait.

268 1921 321 1951 21.
366 1919 450 1949 Hinc
475 1920 579 1949 {mima
604 1918 731 1960 ponitur
759 1919 854 1950 etiam
880 1930 934 1962 pro

268 1969 335 2009 ipso
350 1979 430 1999 novo
446 1978 539 1998 anno.
568 1968 644 1998 Vid.
655 1969 782 1999 omnino
796 1969 936 2011 Scaliger

269 2018 309 2049 de
324 2018 494 2049 Emendat.
530 2018 642 2059 Temp.
657 2029 689 2048 v.
707 2019 791 2057 4123
815 2024 846 2049 et
861 2019 934 2049 Ide-

269 2068 325 2103 ler,
341 2078 372 2108 p.
389 2068 465 2098 354.

316 2118 495 2148 165-170.
513 2117 636 2148 Primus
647 2120 794 2149 annidies
807 2118 934 2159 cursus-

270 2167 344 2207 tus.]
362 2167 493 2198 Veteres
505 2166 665 2196 habebant
677 2166 746 2198 dies
758 2169 936 2208 auspicales,

268 2216 301 2246 id
319 2222 378 2252 est,
396 2214 511 2257 quibus
535 2215 607 2245 boni
627 2215 740 2246 ominis
759 2227 856 2247 causa
878 2228 934 2248 ne-

269 2266 355 2307 gotia
383 2264 528 2306 quaedam
557 2264 668 2295 leviter
698 2272 838 2307 agerent.
883 2267 935 2298 Sic

270 2314 501 2346 Vulcanalibus
522 2314 613 2344 multi
634 2316 818 2357 auspicandi
841 2327 936 2348 causa

270 2364 436 2394 lucubrare
450 2363 596 2393 solebant
610 2376 617 2402 ;
641 2363 708 2394 scil.
722 2371 794 2396 ante
811 2365 935 2397 dilucu-

270 2414 347 2449 lum,
371 2412 494 2454 lychnis
521 2412 681 2449 adhibitis,
707 2413 827 2455 aliquid
855 2421 936 2446 trac-

268 2469 348 2494 tare.
394 2463 433 2493 In
457 2462 494 2492 iis
519 2462 631 2493 diebus
657 2463 689 2493 in
713 2463 821 2505 primis
847 2472 936 2496 erant

270 2512 425 2543 Kalendae
449 2512 582 2543 Januar.
628 2511 819 2550 Columella,
835 2514 878 2545 xi.
894 2515 913 2544 2
927 2528 932 2545 :

271 2566 294 2580 Η
311 2563 372 2593 Per
387 2561 443 2592 hos
458 2561 526 2592 dies
544 2560 704 2593 abstinent
718 2563 847 2594 terrenis
862 2574 935 2606 ope-

268 2611 354 2642 ribus
365 2610 573 2652 religiosiores
582 2610 748 2652 agricolae3
764 2611 808 2643 ita
819 2620 935 2650 tamen,

270 2667 305 2691 ut
340 2660 415 2703 ipsis
449 2660 526 2691 Kal.
551 2661 713 2692 Januariis
751 2662 936 2704 auspicandi

269 2721 365 2742 emsa
396 2720 487 2742 omne
519 2721 618 2752 genus
647 2711 750 2752 operis
780 2710 935 2742 instaura-

269 2760 372 2793 rent.'’
431 2760 525 2794 Conf.
553 2759 678 2802 Lipsius
709 2761 749 2793 ad
778 2762 934 2800 Tacitum,

1002 1920 1088 1951 Ann.
1103 1920 1148 1951 iv.
1165 1920 1218 1951 36.
1255 1919 1346 1951 Idem
1361 1930 1436 1961 ergo
1451 1919 1548 1951 fiebat
1563 1918 1595 1949 in
1613 1919 1678 1950 foro

1003 1970 1161 2001 Romano.
1199 1970 1273 2000 Non
1288 1976 1367 2006 erat,
1383 1980 1438 2001 cur
1456 1969 1605 2000 Heinsius
1619 1971 1676 2000 mi-

1001 2022 1094 2051 rabar
1106 2020 1139 2051 in
1150 2021 1282 2051 scitabar
1295 2019 1410 2051 mutari
1424 2019 1521 2051 vellet
1533 2031 1542 2059 ;
1557 2019 1674 2051 etenim

1002 2071 1110 2100 mirari
1126 2075 1173 2100 est
1184 2068 1407 2100 mirabundum
1424 2068 1628 2111 interrogare,
1640 2074 1676 2100 ut

1003 2120 1154 2155 dubitare,
1170 2118 1354 2150 dubitanter
1375 2129 1528 2160 quaerere.
1574 2119 1674 2156 Iners,

1004 2168 1058 2210 qui
1075 2170 1115 2199 ab
1132 2168 1284 2199 inertibus
1300 2169 1495 2210 transigitur.
1541 2169 1588 2199 Ab
1602 2180 1673 2200 aus-

999 2220 1091 2257 picio,
1121 2224 1248 2260 propter
1284 2217 1473 2260 auspicium.
1531 2218 1677 2249 Delibare

1003 2274 1082 2298 artes
1105 2268 1265 2309 eleganter
1289 2267 1414 2303 dicitur,
1431 2268 1485 2309 qui
1509 2278 1571 2299 non
1594 2268 1675 2300 serio

1003 2317 1040 2347 iis
1056 2317 1165 2352 instat,
1183 2317 1239 2348 sed
1262 2316 1376 2348 leviter
1392 2327 1456 2353 eas,
1471 2317 1546 2348 boni
1561 2318 1675 2350 ominis

1004 2377 1110 2403 causa,
1125 2366 1263 2408 attingit.
1301 2366 1362 2397 Pro
1379 2367 1412 2396 ob
1427 2369 1506 2397 idem
1523 2366 1674 2400 Heinsius

1003 2416 1132 2458 conjicit
1142 2417 1255 2453 obicem
1268 2415 1353 2457 quod
1365 2426 1462 2457 quum
1475 2416 1507 2446 in
1519 2416 1674 2449 Bullialdi

1004 2466 1113 2497 codice
1129 2470 1276 2502 exstaret,
1292 2476 1349 2496 nec
1366 2465 1549 2497 Burmanno
1564 2466 1674 2509 displi-

1005 2516 1112 2546 cebat:
1139 2522 1187 2546 est
1200 2514 1285 2546 enim
1298 2515 1420 2552 leviter,
1437 2526 1500 2546 non
1516 2516 1550 2548 id
1565 2527 1673 2559 agens,

1005 2575 1197 2606 quamquam
1214 2564 1260 2595 vis
1275 2564 1343 2607 ejus
1353 2565 1420 2606 jam
1435 2565 1516 2596 inest
1530 2565 1562 2596 in
1577 2567 1673 2598 verbo

1004 2615 1126 2646 delibat.
1155 2613 1306 2645 Heinsius
1319 2621 1472 2656 praeterea
1485 2625 1502 2646 e
1519 2616 1673 2658 corruptis

1003 2663 1100 2694 MSS.
1114 2663 1244 2695 vocibus
1267 2664 1345 2701 obiri,
1360 2665 1444 2696 obfide
1461 2664 1557 2695 etiam
1581 2666 1672 2697 resti-

1004 2717 1091 2744 tuere
1115 2713 1254 2750 volebat,
1278 2715 1338 2744 obit
1366 2720 1395 2744 et
1418 2715 1543 2746 delibat.
1588 2715 1671 2746 Bur-

1004 2772 1139 2794 mannus
1153 2762 1355 2795 vehementer
1377 2762 1515 2800 dubitat,
1533 2774 1573 2796 an
1591 2765 1671 2796 obire
