1830 3220
484 164 830 207 FASTORUM
864 166 923 207 LI
933 167 985 207 B.
1020 166 1076 209 V.

1402 170 1489 212 283

80 277 212 326 Huic
239 295 332 342 ego
350 281 566 343 juratus,
594 282 733 328 vobis
760 282 809 328 in
830 282 982 329 verba
1006 283 1212 339 vocatis,

147 356 412 420 Conjugio,
440 358 562 414 dixi,
590 359 696 406 sola
719 359 883 407 fruere
909 376 1037 407 me0.

80 434 145 481 Et
169 435 290 491 dixi,
318 443 369 482 et
394 452 534 483 servo
557 455 566 493 ;
603 437 693 484 sed
718 437 851 484 enim
878 438 1075 485 diversa
1099 438 1327 486 voluntas

146 511 239 558 Est
262 512 413 560 mihi:
443 529 535 560 nee
561 515 763 577 conjux,
785 521 836 561 et
858 523 999 577 pater
1025 531 1136 562 esse
1164 516 1289 563 volo.

1386 520 1484 564 530

75 588 372 636 Adnuerant
395 607 597 638 omnes:
638 608 812 639 omnes
839 593 902 639 ad
928 601 1067 654 terga
1086 594 1289 656 juvenci

145 667 492 715 Constiterant
514 686 523 716 ε
564 669 724 732 pudor
747 677 825 717 est
851 670 1085 717 ulteriora
1110 671 1266 733 loqui.

75 744 204 790 Tum
231 745 571 808 superinjecta
595 754 769 794 texere
795 747 1052 795 madentia
1082 754 1214 794 terra
1237 765 1246 795 ε

141 821 358 885 Jamque
384 824 563 870 decem
589 841 818 882 menses;
861 833 911 872 et
936 841 1060 888 puer
1085 832 1223 872 ortus
1250 833 1370 872 erat.

75 897 224 947 Hunc
252 898 490 962 Hyrieus,
520 901 639 964 quia
664 901 734 949 sic
762 902 980 965 genitus,
1006 908 1154 948 vocat
1182 901 1399 949 Uriona:

141 975 370 1023 Perdidit
391 977 658 1042 antiquum
681 979 824 1026 litera
850 979 1010 1042 prima
1034 995 1230 1026 sonum.

1385 982 1480 1027 536

74 1053 314 1101 Creverat
338 1054 669 1103 immensum:
710 1057 943 1104 comitem
972 1056 1066 1103 sibi
1096 1056 1243 1104 Delia
1269 1057 1476 1104 sumsit:

142 1131 232 1179 Ille
257 1132 364 1179 deae
392 1141 577 1184 custos.
607 1133 688 1181 ille
721 1135 921 1182 satelles
948 1141 1072 1182 erat.

72 1214 240 1261 Verba
265 1223 468 1262 movent
492 1215 589 1262 iras
616 1233 713 1263 non
740 1218 1110 1281 circumspecta
1133 1218 1340 1265 deorum
1361 1235 1369 1265 :

140 1291 304 1346 Quam
331 1309 596 1355 nequeam,
624 1294 768 1350 dixit,
790 1296 1005 1350 vincere,
1034 1296 1171 1342 nulla
1197 1295 1302 1343 fera
1327 1304 1419 1344 est.

115 1395 190 1426 531.
231 1394 322 1426 Unus
356 1394 566 1426 Farnesianus
599 1398 737 1428 constite-

70 1450 170 1482 runt3
195 1448 261 1475 tum
280 1444 429 1475 Heinsius
448 1445 543 1475 etiam
560 1453 738 1477 annuerunt

71 1493 134 1534 legi
167 1493 261 1530 vult;
300 1492 356 1524 sed
395 1493 739 1536 plusquamperfectum

70 1543 150 1574 bene
177 1553 210 1573 se
235 1542 341 1578 habet,
367 1542 553 1584 indicatque
582 1544 740 1585 paratissi-

72 1602 138 1623 mos
153 1591 248 1623 fuisse
263 1592 339 1623 deos
354 1592 393 1622 ad
411 1591 472 1623 ista
488 1592 632 1623 facienda
647 1605 655 1630 ;
670 1593 742 1624 vide

71 1641 180 1673 Clark.
198 1641 238 1672 ad
255 1642 439 1674 Homerum.
456 1641 495 1672 ll.
512 1645 554 1672 A.
573 1642 626 1672 37.
642 1652 673 1683 p.
692 1643 741 1672 10.

70 1691 220 1723 Heinsius
243 1693 338 1723 etiam
362 1698 464 1734 putat,
480 1703 612 1723 vaccam
639 1703 658 1723 a
681 1693 741 1724 diis

69 1751 139 1772 esse
167 1740 290 1777 initam,
319 1741 454 1782 ideoque
472 1743 613 1781 jureum»
642 1741 741 1772 dedit.

69 1790 170 1822 Immo
186 1797 366 1821 sumserunt
383 1803 389 1820 :
417 1791 482 1829 τήν
499 1792 555 1822 τοῦ
572 1790 739 1833 ἱερουργη-

68 1839 184 1878 Θέντος
208 1841 320 1878 αὐτοῖς
348 1840 429 1880 βοὸς
455 1840 601 1881 βύρσαν·
638 1842 739 1872 Palae-

68 1890 158 1932 phat.
197 1890 373 1921 Mercurius
388 1893 424 1921 de
440 1897 540 1927 tauro,
557 1903 641 1931 quem
660 1891 739 1922 Her-

68 1941 150 1971 cules
177 1939 272 1980 (sorte
306 1939 461 1981 Hyrieus)
494 1942 519 1970 ei
558 1942 739 1977 immolarat,

69 1991 185 2021 corium
207 1991 361 2030 protulit5
390 1990 545 2031 Hyginus,
572 1990 635 2021 fab.
666 1991 738 2022 195,

68 2039 209 2082 Reliqua
233 2039 318 2070 idem
347 2041 438 2071 Poet.
464 2041 594 2071 Astron.
620 2040 654 2070 ii.
683 2041 738 2072 34.

68 2089 198 2120 Pindari
231 2088 441 2131 dithyrambis
471 2090 614 2131 (Strabo,
648 2102 678 2120 x.
708 2103 739 2133 p.

68 2138 165 2177 620.)
182 2137 227 2170 sic
249 2146 373 2170 narrat:
399 2144 419 2156 “
437 2146 468 2170 et
493 2139 577 2181 quod
600 2140 740 2170 fecerant

69 2189 165 2220 urinae
191 2189 224 2220 in
247 2189 364 2220 corium
390 2189 553 2225 infudisse,
573 2195 605 2220 et
629 2188 659 2220 id
682 2190 740 2220 sub

69 2245 152 2270 terra
180 2238 254 2281 poni
280 2238 430 2281 jussisse:
472 2249 509 2270 ex
540 2250 603 2281 quo
631 2245 741 2281 postea

70 2293 179 2319 natum
196 2299 340 2330 puerum,
355 2299 450 2330 quem
474 2289 610 2330 Hyrieus
625 2299 641 2319 e
658 2288 741 2319 facto

68 2337 188 2369 Uriona
204 2337 327 2368 nomine
343 2338 518 2379 appellaret
533 2349 539 2367 :
564 2337 619 2368 sed
634 2343 738 2368 vetus-

66 2393 131 2418 tate
156 2391 189 2417 et
216 2387 445 2418 consuetudine¹
474 2388 591 2418 factum
619 2393 677 2422 est,
705 2394 739 2418 ut

67 2435 164 2467 Orion
182 2437 380 2467 vocaretur.''
427 2437 613 2479 Palaepliato
635 2437 739 2467 dictus

68 2492 115 2517 est
145 2486 288 2528 Οὑρίων,
316 2485 368 2517 διὰ
397 2487 434 2517 τὸ
462 2486 605 2527 οὐρῆσαι
629 2486 738 2528 ὥσπερ

66 2537 142 2573 τοὺς
163 2536 265 2573 θεοὺς·
295 2536 407 2567 ἔπειτα
430 2535 497 2567 κατ’
525 2536 738 2577 εὐφημισμὸν,

66 2585 200 2627 Ὠρίων.
246 2586 298 2616 s'ic
327 2592 359 2616 et
388 2585 453 2620 alii,
485 2591 520 2616 ut
544 2584 672 2615 Servius
700 2585 740 2615 ad

68 2634 197 2665 AEneid.
216 2634 236 2664 i.
253 2635 327 2666 539.
345 2634 400 2676 qui
419 2639 521 2675 putat,
541 2633 656 2664 Dorica
679 2633 739 2664 lin-

67 2694 131 2724 gua
146 2696 184 2715 ου
201 2690 354 2714 mutatum
373 2694 441 2714 csse
466 2685 495 2714 in
513 2696 540 2714 ο.
582 2684 739 2714 Caeterum

70 2733 272 2774 Pherecydes
294 2739 325 2764 et
344 2733 501 2764 Hesiodus
518 2732 636 2763 Oriona
655 2733 740 2774 Nep*

808 1397 875 1428 tuni
892 1397 1033 1428 fecerunt
1049 1408 1087 1428 ex
1104 1398 1252 1439 Euryale,
1267 1398 1386 1430 Minois
1403 1398 1480 1434 filia,

809 1447 918 1483 filium,
936 1452 1031 1488 atque
1049 1446 1128 1478 adeo
1150 1447 1358 1479 honestiorem
1382 1447 1411 1479 ei
1428 1447 1483 1479 de-

809 1496 922 1526 derunt
946 1495 1108 1536 originem.
1155 1496 1280 1527 Nomen
1310 1502 1414 1527 autem
1441 1498 1480 1528 ab

812 1546 888 1576 Oreo
914 1550 1030 1581 monte,
1057 1544 1087 1575 in
1115 1556 1176 1587 quo
1204 1546 1368 1582 educatus,
1391 1556 1482 1577 acce-

810 1594 893 1636 pisse
918 1594 1034 1635 legitur
1061 1594 1146 1636 apud
1168 1595 1365 1632 Strabonem,
1392 1607 1423 1626 x.
1450 1607 1482 1638 p.

812 1645 887 1674 632.

853 1693 928 1724 537.
959 1693 1104 1723 Creverat
1127 1694 1331 1735 immensum]
1351 1695 1481 1737 Apollo-

810 1741 903 1772 dorus
916 1741 1002 1773 dicto
1017 1742 1104 1773 loco:
1131 1744 1254 1774 τοῦτον
1276 1747 1404 1786 γηγενῆ
1429 1744 1479 1776 λέ-

809 1803 923 1833 γουσιν
939 1790 1141 1833 ὑπερμεγέθη
1165 1793 1200 1823 τὸ
1218 1795 1321 1834 σῶμα.
1359 1794 1480 1825 Secun-

810 1842 883 1871 dum
899 1841 1121 1877 Eratosthium,
1132 1842 1311 1883 Palaepliat.
1323 1843 1480 1875 et'l‘heon.

811 1889 849 1920 ad
867 1890 957 1921 Arat.
973 1901 1004 1932 p.
1023 1891 1074 1922 80.
1095 1890 1193 1922 Orion
1210 1891 1271 1922 vim
1294 1891 1407 1923 inferre
1426 1905 1479 1924 vo-

810 1939 869 1969 luit
895 1939 1009 1970 Dianae
1038 1941 1178 1976 venanti,
1209 1941 1263 1971 illa
1295 1952 1366 1972 vero
1401 1942 1481 1974 irata

809 1988 965 2031 scorpium
982 1999 999 2019 e
1016 1994 1099 2020 terra
1112 1990 1261 2030 protulit3
1286 2001 1304 2021 a
1319 2001 1382 2033 quo
1397 1991 1480 2023 ictus

810 2037 909 2068 Orion
935 2037 1038 2080 periit,
1056 2038 1112 2069 sed
1134 2049 1151 2069 a
1172 2040 1252 2070 Jove
1275 2039 1355 2070 inter
1376 2040 1481 2072 sidera

811 2087 927 2118 relatus
942 2096 999 2118 est.
1031 2087 1097 2118 Alii
1114 2099 1185 2119 cum
1197 2088 1395 2121 Callimacho
1410 2101 1479 2121 nar-

810 2137 932 2173 rabant,
963 2138 1121 2168 confixum
1155 2148 1227 2168 eum
1263 2149 1330 2169 esse
1360 2139 1481 2181 sagittis

811 2187 947 2225 Dianae3
972 2187 1130 2229 Hyginus,
1145 2187 1178 2218 ii.
1195 2189 1249 2218 34.
1286 2188 1366 2219 Inde
1382 2189 1477 2220 etiam

812 2237 972 2274 Horatius,
996 2237 1062 2267 ΠΙ.
1080 2237 1145 2268 Od.
1163 2237 1205 2268 iv.
1222 2239 1258 2268 71
1278 2251 1284 2267 :
1311 2242 1330 2255 “
1348 2238 1477 2280 integrae

810 2286 960 2317 Tentator
983 2286 1082 2317 Orion
1105 2286 1232 2323 Dianae,
1247 2286 1398 2329 Virginea
1423 2288 1477 2320 do-

807 2336 902 2366 mitus
917 2335 1067 2377 sagitta.”
1113 2336 1175 2367 Sed
1191 2336 1364 2373 traditioni,
1382 2348 1477 2379 quam

808 2385 941 2416 Ovidius
962 2391 1088 2416 secutus
1108 2391 1167 2422 est,
1185 2386 1319 2417 similem
1336 2389 1399 2418 tere
1422 2387 1477 2418 ha-

807 2435 861 2465 bet
883 2434 1040 2476 Hyginus,
1056 2434 1090 2465 ii.
1104 2435 1156 2465 26.
1196 2435 1402 2475 Gemellipara
1423 2439 1478 2468 dea

807 2484 930 2515 Latona
950 2485 1045 2515 etiam
1066 2485 1201 2516 Metam.
1226 2485 1267 2515 vi.
1289 2485 1363 2516 315.
1386 2496 1478 2516 voca-

810 2541 870 2568 tur,
898 2541 929 2564 et
955 2534 1078 2565 videtur
1108 2535 1165 2565 hoc
1198 2545 1310 2565 nomen
1341 2535 1380 2565 ab
1411 2535 1478 2576 ipso

810 2584 926 2615 Ovidio
947 2585 1155 2626 compositum
1178 2595 1257 2615 esse.
1297 2585 1391 2615 Ferre
1406 2586 1478 2621 deff,

810 2632 978 2664 immittere
998 2633 1122 2675 spicula
1137 2644 1192 2664 sua
1207 2633 1237 2663 in
1254 2633 1344 2664 deam
1363 2646 1370 2671 ;
1397 2634 1478 2664 Bur-

811 2694 944 2713 mannus
960 2683 1376 2725 comparatserrumjugulo
1387 2683 1437 2724 se»
1448 2695 1479 2713 re

811 2731 1033 2773 apu‹15ilium,
1051 2731 1091 2762 ix.
1108 2732 1182 2763 5l9.
