1809 3220
201 188 287 231 438
539 186 631 228 AD
665 185 903 228 LIVIAM
937 185 1299 228 AUGUSTAM

200 306 411 355 Femina
435 305 590 368 digna
617 304 729 362 illis,
759 320 887 369 quos
915 320 1067 352 aurea
1092 303 1322 352 condidit
1346 311 1490 362 aetas,

263 384 588 448 Principibus
614 383 764 439 natis,
794 382 1024 447 principe
1049 382 1205 445 digna
1229 383 1354 431 viro.

193 463 328 520 Quid
356 463 538 510 deceat
565 461 718 509 Drusi
745 469 975 517 matrem,
1007 468 1326 526 matremque
1354 461 1591 519 Neronis,

212 595 222 602 ἱ
259 541 515 606 Adspice:
557 557 661 605 quo
688 556 882 604 surgas,
912 540 1139 604 adspice,
1169 557 1318 589 mane
1344 547 1470 589 toro.
1523 544 1623 589 346

191 621 308 669 Non
334 620 514 669 eadem
540 620 825 684 vulgusque
852 620 1053 676 decent,
1083 627 1135 667 et
1160 620 1354 668 lumina
1379 636 1578 668 rerum:

263 699 358 747 Est
385 698 523 763 quod
550 698 867 762 praecipuum
894 697 1083 746 debeat
1108 698 1206 746 ista
1231 698 1430 746 domus.

190 777 444 842 Imposuit
469 785 518 825 te
545 777 645 824 alto
674 776 913 833 Fortuna,
943 777 1217 842 locumque
1245 777 1376 824 tueri

263 856 293 904 J
302 857 428 904 ussit
453 857 771 912 honoratum,
803 855 971 904 Livia:
1014 856 1183 921 perfer
1207 873 1351 904 onus.
1528 858 1629 903 350

188 936 271 983 Ad
298 943 347 984 te
373 936 565 991 oculos,
589 951 842 999 auresque
868 935 1056 983 trahis:
1088 942 1176 983 tua
1197 934 1332 983 facta
1357 942 1621 993 notamus;

261 1015 373 1063 Nec
399 1031 497 1063 vox
525 1015 681 1062 missa
705 1022 876 1079 potest
901 1014 1146 1079 principis
1173 1030 1257 1062 ore
1284 1013 1404 1078 tegi.

188 1095 308 1143 Alta
334 1111 510 1152 mane3
543 1110 802 1158 supraque
829 1101 945 1141 tuos
973 1110 1190 1157 exsurge
1213 1093 1444 1151 dolores;

257 1173 657 1237 Infragilemque
684 1173 924 1228 animum,
947 1171 1085 1237 quod
1107 1180 1271 1237 potes,
1295 1189 1463 1236 usque
1483 1179 1618 1220 tene.

188 1253 271 1301 An
297 1252 478 1300 melius
505 1268 596 1316 per
620 1259 670 1299 te
696 1252 939 1299 virtutum
967 1252 1204 1316 exempla
1230 1258 1484 1315 petemus,
1522 1254 1621 1299 355

256 1331 423 1387 Quam
450 1331 491 1378 si
518 1331 765 1378 Romanae
791 1329 1034 1394 principis
1062 1330 1171 1377 edis
1198 1331 1362 1394 opus?

189 1411 317 1459 Fata
341 1417 550 1458 manent
575 1425 751 1457 omnes
776 1426 786 1457 ε
829 1425 1004 1457 omnes
1032 1416 1304 1473 exspectat
1330 1425 1510 1457 avarus

257 1490 510 1547 Portitor;
553 1496 604 1536 et
629 1489 791 1536 turbae
819 1488 903 1535 vix
931 1488 1054 1536 satis
1081 1505 1182 1536 una
1209 1488 1347 1536 ratis.

186 1568 467 1617 Tendimus
483 1568 580 1615 huc
598 1584 797 1615 omnes:
824 1575 1011 1615 metam
1024 1583 1357 1632 properamus
1374 1567 1436 1615 ad
1449 1583 1620 1614 unam.

254 1647 442 1694 Omnia
468 1647 561 1693 sub
588 1646 729 1709 leges
760 1663 895 1694 mors
921 1653 1071 1694 vocat
1097 1653 1206 1694 atra
1232 1661 1368 1694 suas.
1520 1647 1622 1693 360

183 1726 319 1774 Ecce
346 1742 527 1773 necem
552 1725 796 1773 intentam
825 1725 969 1782 coelo,
998 1733 1269 1790 terraeque,
1298 1724 1552 1789 fretoque,

255 1805 617 1868 Casurumque
644 1803 833 1869 triplex
859 1804 1201 1853 vaticinantur
1226 1820 1373 1869 opus.

226 1959 302 1990 343.
329 1958 475 1988 Condidit
495 1955 595 1998 oetas.]
628 1956 690 1987 Pro
713 1957 863 1994 condidit,
933 1968 984 1988 ore
1009 1957 1099 1999 tegi]
1128 1957 1198 1988 Nec
1223 1956 1246 1988 si
1273 1956 1351 2000 quid
1375 1954 1512 1999 principi
1536 1955 1623 1987 exci-

182 2009 260 2051 legit
283 2010 419 2049 prodidit
446 2007 582 2038 Ruhnk.
611 2006 651 2038 ad
676 2007 763 2039 Vell.
790 2008 863 2039 Pat.
933 2006 1025 2043 derit,
1050 2007 1105 2038 diu
1135 2007 1234 2038 latere
1265 2012 1382 2050 potest.
1431 2005 1620 2038 Cavendum

181 2059 202 2090 i.
221 2061 253 2090 3.
932 2056 1040 2098 igitur,
1057 2068 1095 2088 ne
1117 2057 1194 2099 quid
1215 2057 1314 2094 dicat,
1333 2057 1382 2088 vel
1403 2056 1516 2092 faciat,
1534 2057 1621 2099 quod

225 2109 301 2140 346.
343 2108 410 2143 Quo
450 2118 570 2149 surgas,
606 2109 738 2148 adspice,
774 2119 862 2138 mane
932 2107 1089 2139 indictum
1119 2108 1246 2144 frustra,
1276 2107 1472 2139 infectumve
1502 2106 1620 2138 deinde

181 2159 273 2200 torm]
302 2158 403 2200 Cujus
426 2157 467 2188 sis
492 2168 589 2197 uxor3
614 2158 704 2200 cujus
725 2169 741 2188 e
758 2157 860 2190 thala·
932 2156 1022 2188 velit.

179 2209 239 2240 mis
257 2220 349 2239 mane
367 2208 513 2250 prodeas.
976 2209 1053 2238 356.
1095 2208 1196 2242 Quam
1232 2210 1256 2239 si
1288 2208 1432 2238 Romame
1470 2209 1622 2248 principis

224 2260 300 2290 347.
342 2258 383 2288 Et
420 2259 537 2288 Iuntina
574 2257 706 2298 rernm]
747 2258 862 2289 Nescit
930 2259 993 2288 edis
1015 2258 1115 2299 opum]
1167 2260 1273 2296 Quam
1296 2258 1321 2288 si
1341 2260 1511 2298 principem
1529 2263 1572 2294 te,
1589 2263 1622 2289 et

178 2310 357 2340 Burmann.
388 2318 429 2338 an
457 2318 518 2338 non
548 2313 675 2350 praestet
699 2309 859 2345 ειιίηιὶιιας
932 2307 1103 2339 Romanam
1119 2307 1248 2350 quidem
1265 2307 1460 2350 praestiteris.

179 2371 283 2402 neque
306 2370 364 2401 ego
388 2357 496 2400 ignoro
513 2359 608 2389 verba
621 2358 690 2389 haec
709 2358 825 2400 srepius
843 2369 861 2390 a
974 2359 1050 2389 358.
1091 2358 1200 2389 Tltrbte
1231 2360 1280 2389 vix
1313 2359 1387 2389 satis
1414 2369 1480 2388 una
1508 2358 1617 2399 ratis]

177 2409 314 2442 librariis
334 2409 485 2440 confusa:
511 2420 588 2439 eave
602 2414 709 2439 tamen
727 2409 860 2451 nequid
930 2410 1060 2440 Petron.
1089 2409 1229 2452 Specim.
1262 2409 1345 2440 Belli
1382 2408 1496 2443 civilis.
1531 2410 1618 2440 117:

177 2462 337 2492 immutes.
383 2459 532 2490 Virorum
565 2458 649 2489 enim
681 2458 859 2502 principum
930 2462 952 2476 ‘⁴
983 2481 991 2489 .
1010 2482 1017 2489 .
1032 2459 1117 2490 ,Vix
1140 2459 1288 2501 squalida
1311 2458 1502 2490 Porthmeus
1524 2459 1618 2490 Suffi-

178 2510 326 2552 exempla
355 2509 445 2551 quasi
470 2507 603 2538 totidem
632 2514 706 2539 sunt
731 2509 860 2546 lumina,
929 2508 994 2539 ciet
1017 2508 1189 2540 simulacra
1213 2509 1312 2540 virum
1339 2508 1506 2540 traducere
1529 2519 1619 2551 cym-

178 2571 262 2603 quae,
279 2570 342 2602 quo
359 2558 506 2601 imposita
521 2557 626 2594 altius,
642 2568 679 2589 eo
696 2558 812 2590 certius
828 2559 859 2589 in
928 2558 966 2588 ba
983 2570 989 2588 ε
1016 2558 1129 2590 Classe
1146 2569 1225 2600 opus
1244 2558 1326 2590 est.'’

178 2617 298 2642 rectam
330 2609 380 2640 vel
416 2619 546 2651 pravam
578 2608 660 2638 viam
697 2610 861 2650 sequentis
973 2609 1048 2640 362.
1075 2609 1413 2650 Casurnmquetriplex
1437 2609 1615 2639 vaticinan-

179 2660 266 2702 vulgi
303 2670 428 2701 gressus
464 2658 633 2689 inducunt.
679 2658 756 2689 Mox
793 2658 859 2701 ipse
931 2665 982 2689 tur
1006 2658 1111 2699 opus]
1140 2658 1246 2689 Editio
1270 2658 1361 2700 prim.
1386 2668 1530 2688 casurum
1556 2660 1614 2688 tri·

179 2711 315 2741 Noster:
343 2711 382 2739 ad
400 2709 541 2739 tem-ulos
563 2708 677 2738 trahis:
705 2708 859 2749 {imfirma
927 2710 996 2747 plez
1019 2710 1213 2739 vaticinatur
1238 2719 1321 2748 opus.
1370 2706 1464 2738 Unde
1489 2707 1616 2749 passive

181 2766 331 2791 notamus.
928 2758 1118 2789 sumendum
1174 2759 1375 2794 vaticinatur,
1423 2756 1617 2799 conjiciebat

225 2811 300 2841 5352.
331 2808 390 2839 Nec
416 2820 464 2839 ιω
489 2809 574 2838 mim
598 2814 693 2847 pic-t
712 2810 859 2849 principi>
932 2808 1096 2849 Micyllus.
1146 2808 1225 2839 Alia:
1242 2819 1362 2844 omnes,
1380 2814 1414 2839 ut
1432 2806 1619 2845 edidimus;
