1830 3220
650 164 717 205 ΙΝ
758 163 974 206 OVIDII
1013 164 1265 206 FASTOS.
1584 167 1667 208 :361

299 280 358 322 Et
387 281 420 322 si
449 282 694 336 ignominiae
724 297 855 323 causa
883 282 1064 338 alicujus
1096 282 1283 324 consulis
1310 298 1465 324 nomen
1494 285 1664 338 publico

238 350 285 392 S.
320 350 372 393 C.
404 366 428 392 e
461 352 580 393 fastis
612 353 732 394 eradi
766 352 938 400 dicitur,
970 367 1142 407 semper
1174 352 1215 393 hi
1248 353 1517 407 intelligendi
1551 362 1664 397 sunt.

240 420 422 462 Factum
453 421 531 463 hoc
559 428 652 463 erat
675 422 715 462 in
742 422 802 463 M.
828 429 872 463 et
898 423 947 463 L.
972 421 1190 471 Antoniis,
1215 424 1291 464 sed
1319 430 1471 478 postea
1492 425 1665 466 restitu-

237 494 353 539 tum;
393 491 507 532 idem
545 492 690 532 facere
726 493 936 547 parabant
967 492 1009 533 in
1044 492 1230 534 Pisone:
1267 493 1360 535 Cic.
1387 493 1544 550 Philip.
1576 495 1664 536 xiii.

236 558 319 608 12;
351 560 454 603 Tac.
476 562 593 603 Ann.
617 561 711 603 III.
734 563 839 604 xvii.
862 563 982 604 xviii.

293 629 392 671 Jam
425 631 479 672 de
514 631 688 680 Ovidio,
719 632 902 687 ejusque
936 647 1069 687 opera
1103 633 1142 673 in
1177 633 1327 674 Fastis
1363 633 1666 676 kalendaribus

235 700 506 755 explicandis
530 708 573 744 et
597 702 858 744 exornandis
883 704 1035 757 posita.

298 770 454 822 Multa,
489 787 586 827 quae
620 773 662 814 in
695 772 758 814 his
792 772 925 822 fastis,
961 773 1051 814 sive
1086 781 1259 815 veteres
1293 780 1414 816 notas
1447 775 1663 817 interdum

234 839 589 895 interpretatione
623 842 859 897 ambiguaS,
895 842 985 883 sive
1020 843 1149 885 ferias
1183 858 1420 899 earumque
1459 845 1662 900 origines,

234 910 325 954 sive
355 912 528 954 notitias
562 912 784 954 historicas
816 913 875 953 ibi
906 914 1146 968 adscriptas
1180 921 1365 969 spectes,
1395 916 1448 956 ob
1480 915 1665 970 antiqui-

236 986 368 1022 tatem
397 983 576 1024 obscura
606 989 729 1024 erant
756 989 801 1023 et
834 982 1127 1037 explicatione
1161 984 1428 1039 indigebant,
1453 985 1543 1039 jam
1578 999 1664 1026 ma-

234 1055 330 1092 ture
353 1052 610 1094 invenerant
636 1059 849 1100 auctores,
875 1053 948 1108 qui
972 1053 1012 1094 in
1041 1054 1091 1095 iis
1113 1055 1385 1109 exponendis
1409 1055 1511 1096 data
1532 1070 1665 1110 opera

235 1123 394 1164 versati
426 1129 563 1165 erant.
625 1124 710 1165 Tot
742 1123 945 1165 feriarum
980 1124 1166 1176 origines
1200 1125 1258 1166 ibi
1291 1125 1529 1175 illustratae‚
1558 1141 1662 1181 qua-

236 1198 364 1234 tenus
390 1193 482 1235 fieri
509 1200 681 1249 poterat
712 1208 768 1235 ex
799 1194 1058 1249 antiquitate
1087 1194 1285 1236 Romana
1316 1196 1530 1250 repetitae,
1558 1196 1664 1238 ritus

233 1264 579 1319 ceremoniaeque
611 1264 876 1320 singulorum
907 1264 1116 1305 festorum
1147 1265 1334 1306 enarrati
1363 1271 1409 1306 et
1438 1266 1662 1321 explicati,

236 1332 432 1376 Deorum
467 1335 740 1390 antiquorum
780 1335 951 1376 nomina
987 1341 1032 1376 et
1069 1335 1210 1376 cultus
1247 1336 1449 1390 expositi,
1485 1336 1664 1391 templo-

232 1417 326 1445 rum
358 1405 627 1446 conditorum
661 1405 838 1447 historia
867 1406 1038 1454 tradita,
1067 1406 1178 1447 notis
1204 1405 1284 1447 illis
1316 1406 1552 1461 antiquitus
1581 1412 1665 1448 tra-

231 1473 326 1515 latis
358 1474 462 1530 quid
495 1475 811 1530 significaretur
844 1475 1094 1524 indicatum,
1123 1475 1223 1516 anni
1255 1477 1444 1517 rationes
1478 1476 1664 1518 diversae

232 1545 461 1599 expositae,
500 1560 680 1595 errores,
720 1546 794 1601 qui
834 1546 966 1602 vulgo
1010 1545 1442 1595 circumferebantur,
1482 1546 1665 1588 discussi

232 1614 503 1669 legebantur,
537 1616 683 1663 verbo,
717 1617 923 1671 quicquid
958 1617 997 1657 in
1028 1616 1077 1657 iis
1107 1616 1391 1658 illustratione
1426 1617 1663 1672 indigebat,

231 1685 540 1727 commentario
578 1694 790 1741 perpetuo
827 1701 998 1727 omnem
1031 1701 1188 1727 annum
1222 1692 1516 1741 persequente
1549 1701 1665 1728 com-

230 1754 608 1809 prehendebatur:
648 1770 787 1810 eoque
820 1756 957 1811 magis
991 1755 1032 1796 hi
1065 1755 1311 1810 scriptores,
1347 1756 1422 1811 qui
1456 1756 1523 1797 vel
1556 1771 1663 1797 com-

232 1825 455 1866 mentariis
477 1831 522 1866 et
544 1825 661 1866 libris
683 1825 974 1881 peculiaribus
996 1825 1063 1866 vel
1088 1825 1352 1867 brevioribus
1373 1825 1666 1868 adnotationi-

231 1894 321 1943 buS,
356 1909 463 1950 quas
499 1895 619 1936 fastis
656 1895 827 1950 publice
862 1895 1000 1936 affixis
1039 1895 1305 1951 adjecerant,
1343 1895 1451 1937 hanc
1487 1911 1663 1951 operam

233 1972 514 2014 navaverant‚
548 1965 601 2006 ad
631 1965 739 2006 hauc
771 1965 1057 2020 quaestionem
1089 1965 1322 2020 pertinent,
1347 1980 1480 2021 quum
1509 1972 1555 2007 et
1584 1966 1666 2022 ipsi

234 2034 443 2090 praecipui
464 2035 606 2076 fontes
628 2034 825 2076 carminis
849 2034 1056 2076 Ovidiani
1077 2035 1192 2076 haud
1216 2035 1347 2076 dubie
1370 2035 1545 2077 fuerint.

291 2104 704 2146 Luculentissimum
733 2104 982 2160 exemplum
1012 2104 1219 2147 brevioris
1248 2105 1453 2159 ejusmodi
1481 2105 1663 2147 adnota-

234 2175 362 2216 tionis
383 2175 425 2216 in
448 2175 542 2230 ipso
561 2175 734 2230 publico
752 2189 965 2217 marmore
985 2175 1215 2231 descriptae
1237 2176 1442 2217 babemus
1460 2176 1504 2218 in
1523 2177 1667 2219 Verrii

234 2245 384 2287 Fastis
405 2245 479 2298 (de
503 2245 657 2300 quibus
687 2245 822 2286 fusius
852 2245 981 2295 infra)
1007 2251 1051 2286 et
1076 2246 1130 2286 ad
1153 2245 1356 2287 eumdem
1380 2261 1554 2300 prorsus
1576 2261 1663 2287 mo-

234 2315 337 2357 dum
358 2316 401 2357 in
422 2316 487 2365 iis,
507 2330 616 2371 quos
634 2315 814 2356 Fulvius
832 2314 1046 2363 Nobilior,
1067 2313 1246 2356 Catonis
1271 2315 1449 2370 aequalis
1472 2321 1516 2357 et
1535 2315 1667 2357 Ennii

233 2386 453 2428 familiaris
475 2386 519 2428 in
543 2387 638 2428 aede
665 2385 872 2428 Herculis
895 2392 940 2427 et
965 2385 1191 2426 Musarum
1213 2400 1237 2426 a
1259 2400 1304 2427 se
1328 2386 1504 2427 condita
1523 2385 1662 2440 (Fast.

232 2456 289 2497 vi.
320 2456 362 2497 in
393 2455 495 2509 fine)
525 2462 742 2512 posuerat,
773 2455 987 2510 simulque
1025 2455 1144 2496 brevi
1179 2455 1458 2496 annotatione
1493 2454 1666 2510 adjecta

234 2526 474 2568 nominibus
504 2527 722 2582 rebusque
752 2526 941 2581 antiquis
967 2526 1237 2581 explicandis
1265 2540 1440 2581 operam
1466 2526 1663 2566 dederat.

234 2596 432 2638 Macrob.
457 2596 494 2638 I.
518 2597 592 2638 xii.
616 2597 686 2639 13.
711 2597 784 2652 qui
813 2596 978 2638 Maium
1008 2603 1053 2638 et
1078 2597 1259 2640 Junium
1290 2596 1349 2637 ibi
1378 2611 1403 2637 a
1432 2595 1663 2650 majoribus

242 2666 431 2708 derivari
462 2667 606 2716 tradit,
634 2673 679 2708 et
707 2666 733 2708 i.
766 2666 838 2708 13.
868 2666 923 2708 de
953 2666 1281 2708 intercalatione
1309 2665 1423 2707 haud
1453 2664 1583 2706 dubie
1613 2665 1667 2707 ad

233 2738 412 2779 eosdem
435 2737 569 2780 fastos
591 2738 782 2793 respicit.
841 2737 1098 2780 Laudantur
1117 2738 1250 2779 iidem
1274 2751 1299 2778 a
1321 2736 1534 2778 Charisio.
1620 2741 1623 2744 ⁴

300 2819 412 2849 voL.
439 2820 483 2849 v.
1227 2806 1256 2848 :3
1282 2817 1310 2847 A
