1830 3220
632 152 984 195 FASTORUM
1018 153 1140 196 LIB.
1165 153 1221 196 V.

1551 157 1636 198 251

209 266 341 315 Hinc
369 284 461 316 sua
486 270 702 333 majores
730 270 962 335 posuisse
988 271 1236 319 vocabula
1262 270 1402 320 Maio

273 345 490 410 Tangor,
519 354 572 396 et
595 349 735 397 aetati
760 350 1082 398 consuluisse
1109 367 1231 398 suae.
1569 355 1630 399 74

207 423 273 472 Et
300 424 536 473 Numitor
561 426 754 476 dixisse
780 415 979 492 potest3
1020 428 1117 485 Da,
1142 427 1380 486 Romule,
1405 445 1633 479 mensem

274 501 425 551 Hunc
453 504 689 563 senibus;
733 521 826 554 nec
852 522 1001 554 avum
1028 506 1331 556 sustinuisse
1357 524 1534 573 nepos.

206 580 252 628 N
259 597 317 629 ec
343 581 453 629 leve
479 582 736 646 praepositi
763 582 948 647 pignus
975 600 1239 632 successor
1264 585 1468 634 honoris

270 659 472 716 Junius,
501 676 530 708 a
548 661 795 723 juvenum
821 662 1024 710 nomine
1050 662 1236 720 dictus,
1264 663 1434 712 habet.

203 737 334 786 Tum
361 738 451 796 sic,
480 739 741 802 neglectos
768 740 958 789 hedera
983 742 1217 789 redimita
1243 742 1472 806 capillos,

273 816 444 864 Prima
469 817 544 864 sui
571 817 727 882 coepit
753 817 1017 883 Calliopea
1043 820 1211 867 chori:
1564 824 1628 868 So

203 894 436 943 Duxerat
464 895 704 943 Oceanus
730 897 989 960 quondam
1015 897 1254 946 Titanida
1280 898 1502 963 Tethyn,

272 972 373 1028 Qui
401 981 584 1022 terram
612 973 835 1037 liquidis,
865 992 967 1040 qua
996 984 1150 1040 patet,
1180 977 1338 1025 ambit
1364 977 1529 1041 aquis.

201 1150 304 1189 capita
328 1154 359 1180 et
382 1159 509 1189 corpora
535 1154 658 1192 ponunt
683 1149 800 1187 Latini,
825 1149 879 1182 ubi

201 1209 258 1230 nos
270 1208 430 1241 personas,
443 1199 585 1230 homines
596 1199 744 1231 dicimus.
774 1199 880 1242 Vulgo

202 1248 318 1290 legitur
333 1259 482 1288 corp‹›ra;
507 1248 563 1280 sed
587 1248 738 1280 Heinsius
757 1257 879 1290 pectora

200 1299 353 1342 praetulit,
369 1299 447 1341 quia
469 1299 509 1331 de
534 1298 670 1336 consilii,
689 1311 750 1331 non
767 1300 879 1332 virium

200 1348 387 1391 praestautIa
423 1349 539 1391 agitur.
600 1349 779 1386 Quaesitum
810 1350 878 1392 jam

200 1399 287 1437 olim,
299 1411 356 1431 cur
367 1400 477 1431 Patres
487 1399 583 1439 dicti3
600 1399 771 1432 Sallustius
781 1400 879 1433 Catil.

201 1451 242 1482 vi.
257 1452 295 1482 6:
323 1455 343 1468 “
359 1450 402 1481 Ili
420 1451 469 1482 vel
490 1456 598 1487 aetate,
617 1450 667 1482 vel
684 1462 769 1482 cura:
791 1451 878 1483 simi-

198 1500 334 1533 litudine
349 1502 464 1533 Patres
479 1499 672 1544 appellati.’'
703 1501 877 1533 Plutarcho

199 1551 231 1582 in
248 1551 399 1589 Romulo,
419 1552 470 1583 13.
487 1551 641 1583 credibile
658 1551 794 1588 videtur,
811 1552 877 1584 Ro-

199 1602 320 1633 mulum
352 1601 412 1633 hoc
447 1602 575 1633 nomine
611 1601 813 1633 admonuisse
846 1609 878 1633 et

198 1656 372 1688 senatores,
403 1657 438 1683 ut
472 1657 605 1694 paterno
638 1651 756 1682 affectu
791 1650 877 1683 cives

199 1701 480 1744 amplecterentur,
509 1707 542 1734 et
578 1702 718 1744 plebem,
749 1712 788 1732 ne
827 1703 877 1733 vel

199 1754 361 1784 horrerent
398 1752 481 1789 illos,
519 1751 569 1783 vel
611 1750 791 1785 inviderent
828 1752 877 1784 iis.

199 1802 287 1840 Quid
303 1802 441 1834 Ovidius
463 1801 607 1839 senserit,
623 1801 685 1833 loci
709 1801 807 1834 series
830 1802 876 1834 iu-

198 1853 296 1885 dicat.
343 1853 502 1885 Romulus
526 1854 578 1884 hoc
599 1854 692 1889 vidit,
708 1853 877 1895 spectavit,

198 1905 281 1936 effici
294 1904 407 1942 voluit,
420 1910 457 1935 ut
471 1904 563 1947 plebs
576 1910 770 1936 revereretur
785 1915 877 1936 sena-

200 1962 293 1987 tores.
321 1955 446 1986 Summa
461 1957 548 1986 urbis
562 1954 595 1985 iu
610 1965 643 1986 se
658 1960 708 1986 est
725 1954 774 1985 vel
790 1966 875 1986 sum-

199 2016 287 2036 mum
310 2004 480 2048 imperium
504 2005 602 2041 urbis,
626 2004 677 2036 vel
702 2005 778 2036 urbs
804 2005 874 2036 uni-

197 2054 301 2093 versa,
315 2056 366 2087 vel
382 2055 426 2092 id,
443 2055 528 2087 unde
544 2055 631 2086 salus
645 2055 732 2086 urbis
744 2055 875 2098 pendet.

197 2105 286 2144 Quid
307 2105 464 2137 Romulus
487 2105 528 2137 ad
543 2111 704 2136 senatores
721 2104 875 2142 retulerit,

196 2169 213 2188 e
231 2167 335 2188 rerum
349 2155 556 2199 scriptoribus
572 2161 682 2198 patet;
698 2155 874 2186 secundum

196 2206 334 2249 Dionys.
357 2206 465 2238 Halic.
486 2206 520 2237 ii.
539 2207 592 2237 12.
609 2205 719 2247 elegit,
743 2206 875 2248 quibus-

197 2267 272 2288 cum
290 2256 524 2300 rempublicam
543 2255 792 2292 administraret,
806 2255 875 2298 μεθ’

197 2306 244 2339 ὧν
266 2305 428 2349 πράττειν
449 2307 490 2338 τὰ
509 2306 603 2338 κοινὰ
626 2305 781 2348 ἔμελλεν·
808 2306 872 2337 Eu-

197 2355 329 2399 tropius,
345 2356 367 2388 i.
386 2358 422 2387 l:
450 2361 472 2374 “
489 2367 624 2399 quorum
648 2355 782 2387 consilio
804 2366 872 2387 om-

196 2406 250 2438 nia
265 2407 410 2448 ageret.''

241 2457 296 2489 74.
335 2456 471 2499 Tcmgor‚
501 2455 645 2493 inducor,
672 2461 707 2487 ut
736 2455 875 2487 credam.

197 2508 298 2539 AEtuti
313 2508 498 2538 consuluisse
513 2518 585 2543 suae,
603 2506 690 2537 aetati
706 2517 771 2537 suae
790 2506 874 2537 huuc

198 2559 346 2592 honorem
363 2557 525 2589 habuisse.
563 2557 634 2588 Νυιι
648 2559 777 2588 sustinet
795 2556 874 2588 alte-

195 2620 277 2646 rum,
303 2608 358 2650 qui
386 2619 447 2639 non
475 2613 581 2650 potest
605 2618 668 2639 non
693 2607 875 2639 satisfacere

192 2659 265 2701 ejus
286 2658 456 2702 precibus;
479 2659 562 2690 Met.
580 2658 645 2690 xiv.
662 2659 747 2689 788:
773 2663 795 2675 “
816 2668 874 2689 nec

197 2708 357 2750 Nymphae
384 2708 473 2751 justa
502 2714 663 2751 petentem
690 2708 874 2740 Sustinuere

198 2758 290 2790 deam
305 2759 356 2798 ;⁷’'
375 2758 447 2791 Liv.
476 2757 567 2790 xxxi.
602 2759 662 2790 13.-
702 2763 721 2776 “
739 2759 875 2791 Senatus

950 1156 1120 1192 querentes
1149 1160 1203 1182 cos
1233 1161 1295 1181 non
1324 1149 1508 1182 sustinuit.''
1561 1151 1627 1182 Nec

949 1201 1022 1236 lere,
1045 1207 1107 1232 etc.
1131 1200 1277 1231 eamdem
1302 1199 1527 1242 etymologiam
1551 1200 1630 1231 satis

949 1250 1116 1281 confirmat
1131 1256 1162 1282 et
1178 1250 1249 1287 hoc,
1261 1249 1346 1292 quod
1359 1250 1476 1282 mensis
1491 1261 1628 1292 sequens

947 1301 1065 1332 junius
1081 1301 1286 1343 ajuvenibus
1302 1312 1415 1332 nomen
1432 1300 1542 1333 habet.
1565 1301 1626 1333 Sed

947 1350 1041 1382 Junii
1061 1361 1188 1393 quoque
1213 1361 1328 1382 nomen
1352 1350 1558 1392 ambiguum5
1582 1351 1625 1382 vi.

947 1400 1016 1432 init.
1065 1401 1199 1443 Pignus,
1226 1400 1384 1444 quidquid
1414 1411 1480 1432 rem
1507 1406 1626 1432 certam

947 1450 1024 1482 saeit
1037 1456 1094 1482 aut
1113 1457 1229 1488 tutam,
1249 1462 1325 1493 ergo
1342 1456 1374 1482 et
1394 1458 1628 1493 argumentum.

946 1500 1062 1532 Junius
1076 1503 1209 1533 succedit
1225 1500 1346 1537 ordine,
1360 1511 1434 1542 ergo
1451 1502 1604 1533 ethonore
1618 1514 1626 1537 ,-

945 1550 991 1582 sic
1003 1550 1150 1583 LenziuS.
1182 1552 1409 1583 Potesttamen
1421 1552 1542 1584 honoris
1553 1562 1625 1584 cum

944 1602 1059 1643 pignus
1073 1600 1236 1644 conjungi,
1253 1601 1338 1644 quod
1356 1600 1470 1632 melius
1485 1608 1575 1644 puto.

992 1652 1158 1682 79—110.
1182 1652 1292 1683 Tertia
1313 1651 1483 1689 sententia,
1500 1664 1538 1683 ex
1561 1664 1625 1695 qua

946 1702 1064 1734 mensis
1086 1712 1105 1733 a
1128 1701 1230 1739 Maia,
1246 1702 1400 1733 Mercurii
1425 1708 1536 1739 matre,
1557 1702 1623 1734 dic-

947 1757 1010 1783 tus.
1048 1752 1235 1784 Macrobius
1250 1751 1337 1783 dicto
1352 1753 1440 1784 loco:
1457 1757 1477 1770 “
1492 1752 1626 1784 Cincius

946 1813 1088 1834 mensem
1123 1801 1321 1833 nominatum
1354 1808 1445 1845 putat
1474 1812 1493 1833 a
1523 1803 1624 1841 Maia,

946 1863 1043 1895 quam
1070 1852 1210 1884 Vulcani
1239 1852 1319 1883 dicit
1348 1864 1497 1891 uxorem;
1533 1863 1626 1896 argu-

946 1909 1118 1945 mentoque
1139 1903 1248 1939 utitur,
1265 1902 1350 1944 quod
1366 1903 1483 1934 flamen
1501 1904 1621 1935 Vulca-

947 1952 1028 1984 nalis
1051 1952 1209 1984 Kalendis
1233 1951 1333 1983 Maiis
1359 1951 1433 1984 huic
1461 1952 1528 1984 dea:
1557 1964 1622 1984 rem

945 2002 1086 2034 divinam
1111 2002 1188 2034 facit
1201 2002 1231 2042 ;'’
1261 2009 1294 2034 et
1319 2013 1411 2034 mox:
1443 2008 1463 2020 “
1482 2003 1622 2035 Conten-

945 2052 1026 2084 dunt
1050 2053 1116 2090 alii,
1139 2053 1273 2090 Maiam,
1298 2052 1453 2084 Mercurii
1475 2060 1623 2092 matrem,

945 2105 1046 2136 mensi
1062 2116 1176 2136 nomen
1191 2104 1353 2141 dedisse‚’'
1369 2110 1434 2135 etc.
1476 2104 1622 2147 Calliope

942 2157 1043 2195 prima
1067 2155 1162 2192 chori,
1184 2154 1260 2197 quia
1283 2160 1417 2197 praeerat
1439 2155 1531 2197 epico
1555 2166 1624 2186 car-

945 2204 1042 2246 mini3
1067 2206 1152 2236 Met.
1170 2216 1199 2236 ν.
1215 2206 1290 2236 662.
1306 2207 1435 2236 mamma
1452 2206 1620 2236 Musarum

946 2262 1096 2303 vocatum
1121 2262 1153 2287 et
1168 2255 1247 2286 ibid.
1262 2255 1338 2287 339.
1354 2265 1468 2287 canere
1484 2255 1597 2298 incipit
1613 2268 1618 2286 :

945 2305 1134 2337 “immissos
1156 2304 1272 2337 hedera
1293 2305 1432 2336 collecta
1453 2305 1621 2348 capillos.''

944 2356 1101 2388 Mulieres
1115 2356 1203 2387 domi
1219 2355 1366 2388 sedentes
1381 2356 1514 2400 capillos
1528 2357 1561 2388 in
1578 2358 1624 2389 fa-

944 2406 1025 2438 eiem
1041 2407 1207 2444 immissos,
1223 2414 1278 2438 aut
1292 2418 1418 2450 sparsos
1438 2419 1493 2450 per
1509 2407 1621 2439 hume—

944 2469 994 2489 ros
1017 2464 1049 2490 et
1071 2458 1249 2490 defluentes
1273 2458 1456 2498 habebant3
1481 2458 1514 2490 ii.
1536 2459 1621 2497 772;

943 2514 1118 2540 cantaturae
1149 2508 1346 2550 colligebant
1375 2519 1429 2539 eos
1458 2509 1555 2545 nodo,
1588 2516 1622 2540 ut

943 2557 1059 2590 dicturi
1077 2564 1183 2600 togam
1203 2559 1450 2601 componebant.
1497 2559 1621 2590 Hedera

944 2609 1109 2640 doctarum
1127 2608 1276 2639 frontium
1294 2608 1402 2640 decus.

989 2660 1044 2691 82.
1065 2660 1128 2694 Qui
1145 2666 1271 2696 terrum,
1288 2659 1373 2700 etc.]
1399 2660 1482 2690 Met.
1497 2658 1520 2689 i.
1540 2658 1619 2689 187:

945 2715 967 2728 “
985 2716 1171 2752 qualtotum
1196 2710 1321 2741 Nereus
1341 2709 1552 2740 circumtonat
1573 2718 1621 2738 or-

945 2761 1054 2792 bem.'’
1100 2761 1163 2792 Sed
1195 2760 1346 2792 Heinsius
1369 2759 1429 2790 hoc
1454 2758 1523 2790 loco
1549 2758 1623 2793 Qua:
