1809 3220
156 144 243 186 348

556 143 608 184 P.
643 141 862 185 OVIDII
897 142 1183 185 NASONIS

159 261 327 310 Tollet
350 261 503 309 humo
528 261 723 309 validos
750 261 919 326 proles
947 260 1140 326 Hyriea
1164 261 1407 310 lacertos:

229 340 485 390 Continua
512 339 736 406 Delphin
764 348 912 389 nocte
938 340 1186 389 videndus
1213 341 1323 389 erit.

1482 343 1582 389 720

163 419 373 468 Scilicet
397 419 478 467 hic
505 419 625 467 olim
650 418 863 468 Volscos
891 418 1189 484 AEquosque
1215 419 1411 485 fugatos

228 498 438 546 Viderat
464 498 515 546 in
540 498 752 563 campis,
780 498 968 562 Algida
994 506 1143 556 terra,
1170 499 1288 547 tuis.

162 576 312 626 Unde
339 577 629 625 suburbano
656 577 840 634 clarus,
868 576 1108 634 Tuberte,
1137 577 1394 643 triumpho

226 657 421 706 Vectus
449 674 502 706 es
529 657 579 704 in
605 657 779 714 niveis,
809 656 1073 715 Postume,
1102 657 1260 705 victor
1285 657 1450 722 equis.

158 736 280 784 JAM
309 753 418 794 sex,
447 744 498 784 et
522 736 737 784 totidem
762 736 903 785 luces
930 737 994 785 de
1020 753 1195 785 mense
1222 744 1524 802 supersunt:

230 815 364 864 Huic
390 833 548 864 unum
575 833 783 865 numero
809 824 862 864 tu
890 824 1059 865 tamen
1087 816 1218 865 adde
1244 816 1396 864 diem.

1481 819 1579 864 726

161 894 249 942 Sol
277 896 383 943 abit
407 912 434 943 e
462 895 711 953 Geminis,
741 902 793 944 et
821 895 1006 943 Cancri
1034 895 1178 959 signa
1203 895 1508 943 rubescunt:

229 973 401 1039 Coepit
426 973 680 1022 Aventina
707 973 878 1021 Pallas
905 974 955 1021 in
983 990 1097 1022 arce
1123 974 1239 1022 coli,

158 1051 188 1099 J
197 1069 228 1099 A
241 1069 278 1099 M
304 1060 406 1111 tua,
428 1052 735 1110 Laomedon,
754 1052 912 1100 oritur
930 1069 1109 1110 nurus;
1141 1061 1352 1117 ortaque
1380 1060 1577 1101 noctem

226 1131 411 1190 Pellit;
454 1140 505 1181 et
533 1149 561 1180 e
588 1132 744 1198 pratis
771 1148 900 1180 cana
925 1131 1106 1196 pruina
1129 1131 1272 1196 fugit.

1483 1134 1582 1179 730

161 1209 402 1268 Reddita,
418 1211 652 1275 quisquis
669 1210 710 1258 is
731 1218 824 1267 est,
841 1209 1119 1258 Summano
1131 1209 1323 1274 templa
1338 1209 1580 1268 feruntur,

226 1288 374 1346 Tum,
405 1306 566 1354 quum
593 1290 858 1347 Romanis,
888 1289 1101 1355 Pyrrhe,
1124 1289 1381 1337 timendus
1407 1305 1535 1338 eras.

159 1366 328 1416 HANG
357 1385 563 1433 quoque
585 1386 742 1434 quum
770 1368 945 1435 patriis
969 1368 1185 1416 Galatea
1210 1367 1462 1434 receperit
1486 1385 1578 1416 un-

228 1446 494 1512 Plenaque
519 1464 710 1497 securae
738 1456 872 1497 terra
897 1447 1085 1512 quietis
1108 1446 1217 1504 erit,

159 1525 331 1590 Surgit
356 1527 508 1574 humo
531 1527 750 1591 juvenis,
778 1526 893 1575 telis
920 1526 1135 1574 adflatus
1163 1525 1324 1582 avitis,

1459 1447 1576 1511 [dis‚

1481 1529 1578 1575 735

227 1603 294 1653 Et
315 1605 517 1669 gemino
543 1621 702 1654 nexas
729 1604 939 1671 porrigit
963 1621 1129 1668 angue
1154 1620 1352 1653 manus.

158 1764 222 1784 mus
233 1766 242 1784 :
257 1766 276 1784 a
291 1761 378 1785 vento
393 1765 497 1785 nomen
514 1763 641 1797 uterque
657 1762 735 1786 tenet
749 1768 757 1785 .·
775 1754 833 1786 hoc

157 1803 326 1845 repetitum
342 1810 391 1836 est
406 1816 444 1836 ex
462 1805 505 1836 iii.
518 1806 592 1837 401.

205 1854 279 1886 721.
294 1854 355 1886 Die
369 1854 551 1897 insequenti
564 1866 646 1887 anno
659 1856 699 1888 U.
709 1856 749 1888 C.
759 1857 834 1887 324.

163 1904 259 1936 l'ulsci
281 1911 311 1936 et
339 1906 432 1946 ,Equi
455 1905 568 1947 fugati,
599 1906 684 1948 quod
713 1906 834 1938 bellum

158 1953 280 1991 Livius,
308 1956 353 1986 iv.
373 1957 516 1987 26—29.
545 1956 722 1999 descripsit.
767 1957 833 1988 Ho-

157 2016 225 2036 rum
252 2006 441 2048 populorum
471 2007 569 2038 validi
606 2007 764 2039 exercitus
802 2008 834 2039 in

158 2057 318 2097 Algidum,
335 2064 474 2088 montem
492 2058 588 2094 Latii,
606 2058 750 2101 adeoque
765 2061 833 2090 sub-

158 2108 324 2144 urbanum,
351 2114 586 2140 convenerant:
615 2109 692 2140 vicit
716 2121 769 2141 eos
795 2112 834 2141 A.

160 2156 336 2188 Postumius
364 2157 515 2190 Tubertus
538 2159 686 2196 dictator,
711 2160 757 2192 vir
785 2172 833 2192 se-

158 2206 311 2238 verissimi
336 2206 470 2250 imperii,
489 2214 586 2251 atque
610 2209 650 2241 de
668 2209 706 2241 iis
724 2210 834 2242 trium·

160 2257 286 2299 phavit.

208 2307 282 2338 725.
294 2308 391 2339 XIII.
402 2309 669 2341 KalendusJulias
677 2312 718 2342 sol
734 2317 834 2341 trans-

160 2360 183 2388 it
210 2359 242 2388 in
269 2357 438 2389 Cancrum.
499 2359 538 2390 In
555 2361 707 2391 Aventino
730 2367 835 2391 monte

163 2407 272 2439 Pallas
293 2408 522 2450 antiquissimis
540 2411 733 2452 temporibus
756 2418 835 2441 tem-

159 2458 247 2501 plum
265 2457 388 2495 habuit,
404 2459 434 2490 in
452 2459 538 2501 quod
554 2460 662 2491 Livius
679 2460 836 2492 Androni-

159 2519 216 2539 cus
231 2508 361 2539 donaria
372 2519 430 2540 sua
445 2509 572 2540 detulit.

206 2558 281 2588 729.
304 2557 384 2589 XII.
402 2559 560 2589 Kalendas
576 2559 740 2589 Summano
762 2567 833 2590 tem-

157 2610 244 2649 plum
261 2611 424 2641 redditum.
448 2610 640 2646 Summanus,
655 2609 733 2641 deus
749 2622 834 2642 sum-

162 2669 230 2689 mus
247 2658 404 2697 Manium,
420 2660 526 2697 Pluto,
543 2661 593 2692 cui
611 2660 743 2692 fulmina
760 2672 834 2693 noc-

160 2716 253 2739 turna
278 2709 508 2747 tribuebantur,
540 2716 575 2742 ut
601 2710 714 2742 diurna
737 2712 834 2750 Jovi;

161 2758 296 2796 Plinius,
319 2760 352 2792 ii.
372 2763 412 2793 52
430 2773 455 2793 s.
477 2763 518 2793 53
537 2774 543 2799 ;
571 2761 769 2804 Augustinus
795 2761 833 2794 de

905 1752 1006 1784 Civit.
1024 1751 1099 1788 Dei,
1115 1751 1159 1783 iv.
1174 1753 1227 1783 23.
1260 1751 1445 1783 Secundum
1461 1752 1580 1784 Varro-

907 1814 977 1834 nem
996 1802 1101 1834 cultus
1117 1802 1210 1844 hujus
1225 1801 1275 1834 dei
1288 1802 1356 1844 jam
1373 1802 1493 1834 aTatio
1508 1813 1582 1846 rege

905 1853 1081 1884 institutus.
1140 1853 1296 1896 Tempore
1336 1854 1455 1894 Pyrrhi
1499 1865 1582 1886 anno

908 1904 947 1935 L'.
960 1904 998 1936 C.
1011 1904 1086 1935 473.
1097 1903 1252 1946 templum
1267 1903 1296 1934 ei
1312 1906 1478 1936 redditum.
1515 1905 1582 1936 Tua

906 1966 1015 1990 nurus,
1048 1954 1184 1990 Aurora.
1217 1953 1346 1986 Tithoni
1380 1954 1580 1988 Laomedon-

904 2004 978 2036 tidae
996 2016 1084 2036 uxor.

949 2056 1134 2087 733—762.
1158 2056 1336 2097 Ophiuchus
1350 2056 1480 2099 oritur-‚J
1493 2058 1581 2090 Olim

905 2105 1008 2138 suerat
1025 2106 1240 2149 ⁴·Esculapius,
1257 2118 1352 2149 quem
1373 2107 1500 2150 Jupiter
1517 2108 1581 2140 ful-

904 2156 989 2187 mine
1017 2155 1185 2193 interfecit,
1212 2156 1287 2199 quia
1311 2156 1522 2200 Hippolytum
1548 2158 1582 2191 in

905 2205 1004 2237 vitam
1043 2213 1269 2246 revocaverat3
1307 2214 1388 2249 post,
1418 2208 1582 2250 Apollinis

905 2266 1012 2293 causa,
1037 2256 1118 2288 inter
1144 2256 1248 2288 sidera
1269 2257 1396 2296 retulit3
1421 2258 1582 2301 Hyginus,

905 2307 994 2338 Poet.
1010 2307 1140 2338 Astron.
1155 2307 1189 2339 ii.
1208 2309 1260 2339 14.
1290 2308 1424 2340 Galatea
1439 2310 1582 2353 nympha

905 2358 1036 2395 marina,
1067 2358 1163 2390 Nerei
1193 2358 1280 2396 filia;
1314 2359 1464 2401 Hyginus
1491 2361 1582 2403 praef.

907 2408 1000 2439 Hanc
1027 2419 1140 2451 nempe
1162 2409 1340 2448 Auroram;
1361 2409 1447 2451 vulg.
1469 2409 1581 2442 Hunc.

905 2458 967 2489 Pro
983 2461 1050 2491 telis
1066 2459 1210 2491 nonnulli
1218 2460 1368 2502 flammis,
1385 2459 1441 2492 sed
1455 2461 1516 2492 tela
1531 2472 1581 2493 so·

904 2508 1009 2541 lemne
1035 2509 1075 2541 de
1103 2510 1314 2550 fulminibus3
1341 2513 1408 2542 telis
1432 2512 1581 2554 adflatus,

904 2566 939 2590 ut
964 2560 1059 2591 Pont.
1083 2560 1150 2592 III.
1174 2560 1217 2593 vi.
1240 2562 1292 2592 17.
1309 2565 1328 2578 ‘¹
1343 2561 1498 2593 fulminis
1518 2561 1577 2593 ad·

903 2610 994 2642 flatos
1009 2611 1168 2643 interdurn
1184 2611 1289 2643 vivere
1305 2612 1378 2644 telis
1386 2611 1536 2643 Vidimus
1549 2612 1580 2651 ;”

906 2659 1019 2703 Virgil.
1045 2661 1178 2693 AEneid.
1209 2661 1244 2693 ii.
1276 2663 1352 2694 649.
1381 2666 1402 2679 “
1420 2661 1578 2694 Fulminis

904 2709 1034 2741 adflavit
1048 2712 1186 2748 ventis,”
1201 2712 1286 2744 unde
1307 2722 1404 2744 causa
1427 2711 1513 2743 illius
1530 2711 1578 2743 lo-

904 2760 1039 2792 cutionis
1055 2768 1197 2804 apparet.
