1809 3220
199 168 286 212 492

595 166 646 207 P.
682 165 795 208 OVI
804 165 898 206 DII
933 163 1214 207 NASONIS

273 286 462 350 Sparsa
486 299 575 348 per
601 281 896 330 Ambracias
924 296 1038 344 quae
1058 282 1266 344 jacuere
1291 279 1425 328 vias:

205 364 442 427 Nataque
469 368 524 408 ut
550 360 791 417 AEacidae,
814 358 998 423 jaculis
1025 358 1249 405 moriaris
1277 357 1501 405 adactis:

273 441 318 488 N
325 457 389 487 on
415 439 535 486 licet
559 438 655 485 hoc
684 437 859 485 Cereri
885 436 1203 483 dissimulare
1228 434 1386 483 nefas.

205 518 378 581 thue
405 532 563 580 nepos
587 514 712 562 dicti
739 521 909 561 nostro
935 512 1085 560 niodo
1111 513 1333 560 camnine
1358 512 1491 576 regis

270 593 639 642 Cantharidum
667 608 848 640 succos
875 592 1028 638 dante
1055 598 1263 655 parente
1290 590 1464 639 bibas:
1518 593 1617 638 310

202 672 305 720 Aut
330 672 412 736 pia
438 678 487 718 te
513 687 645 718 caeso
670 670 870 717 dicatur
895 669 1138 723 adultera,
1168 669 1315 724 sicut,

271 749 386 804 Qua
410 748 596 797 cecidit
623 747 827 796 Leucon
853 745 1069 803 vindice,
1098 746 1234 794 dicta
1257 745 1340 810 pia
1361 753 1466 793 est:

203 827 366 891 Inque
392 843 571 891 pyram
596 833 765 874 tecum
791 823 1050 872 carissima
1075 824 1285 888 pignora
1310 823 1508 880 mittas;

270 905 436 960 Quam
461 905 613 952 finem
639 905 751 951 vitae
782 902 1161 965 Sardanapalus
1187 901 1369 949 habet:

204 983 379 1047 thue
394 982 424 1029 J
430 982 536 1029 ovis
559 980 736 1046 Libyci
765 979 1012 1044 templum
1033 979 1218 1027 violare
1246 987 1498 1043 parantes,
1520 982 1618 1028 315

271 1061 404 1107 Acta
432 1058 568 1106 Noto
595 1059 761 1106 vultus
788 1057 976 1105 condat
1001 1073 1154 1104 arena
1178 1064 1323 1105 tuos:

204 1137 377 1201 thue
404 1144 696 1185 necatorum
724 1135 877 1183 Darei
901 1135 1075 1182 fraude
1100 1135 1328 1190 secundi,

271 1218 355 1266 Sic
382 1225 471 1265 tua
497 1217 764 1265 subsidens
791 1216 999 1263 devoret
1023 1231 1109 1263 ora
1134 1215 1262 1262 cinis
1285 1232 1295 1262 ;

203 1357 338 1390 Achillis
353 1358 427 1394 filio,
443 1359 535 1400 cujus
549 1368 619 1389 ossa
635 1367 690 1399 per
706 1356 783 1386 fines
799 1355 877 1386 Am-

202 1407 317 1438 braciae
345 1418 454 1449 sparsa
479 1418 560 1443 esse,
586 1412 691 1437 narrat
719 1405 876 1446 Hyginus,

203 1457 284 1488 Fab.
301 1456 408 1487 cxxiii.
432 1458 561 1487 Mica.

247 1507 324 1538 306.
351 1506 553 1547 Ambracias]
586 1505 770 1541 Ambracia,
797 1510 875 1536 teste

202 1557 304 1594 Livio,
325 1557 399 1588 urbs
422 1557 454 1587 in
476 1556 571 1598 Epiro
589 1561 648 1591 est,
669 1565 779 1597 aspero
802 1555 876 1585 sub-

197 1608 286 1650 jecta
322 1606 456 1642 tumulo,
491 1615 562 1647 quae
602 1604 724 1636 dudum
763 1602 875 1646 Pyrrhi

201 1656 289 1698 regia
305 1655 375 1686 fuit.

245 1706 321 1737 307.
346 1704 489 1746 Nataque
514 1711 550 1735 ut
575 1703 743 1744 AEacidae.]
777 1702 820 1734 Ut
843 1702 876 1732 in

201 1756 301 1786 veteri
332 1753 466 1796 legimus
489 1752 727 1789 commentario,
752 1751 875 1782 Laoda-

201 1805 277 1841 mia,
299 1804 364 1836 sive
392 1804 552 1838 Periboea,
573 1802 684 1844 Pyrrhi
706 1802 771 1833 filia
795 1801 873 1832 fuit:

202 1865 286 1897 quae,
306 1864 404 1897 quum
428 1853 460 1884 in
486 1852 640 1895 templum
661 1852 784 1883 Cereris
798 1852 876 1882 Am-

202 1903 319 1935 braciae
345 1902 552 1944 confugisset,
580 1901 779 1932 inimicorum
807 1900 877 1931 telis

203 1958 252 1984 est
280 1952 460 1983 interfecta.
517 1950 707 1993 Intelligunt
733 1949 878 1981 nonnulli

203 2001 399 2037 Heracliam,
415 2000 562 2032 Hieronis
578 2000 675 2031 filiam
690 2011 728 2031 ex
741 1999 879 2030 Achillis

203 2061 330 2094 genere,
359 2060 430 2092 quae
455 2049 487 2080 in
516 2049 636 2092 templo
660 2049 785 2081 Cereris
815 2059 878 2080 una

203 2112 275 2133 cum
300 2100 425 2131 duabus
450 2099 576 2130 filiabus
599 2109 618 2129 a
641 2099 760 2141 populo
783 2099 876 2140 Syra-

203 2161 321 2182 cusano
337 2149 407 2181 telis
423 2149 567 2180 confossa
581 2148 709 2180 cecidit.

247 2202 322 2232 308.
348 2200 419 2230 Non
447 2201 527 2235 licet,
552 2198 632 2239 etc.]
660 2197 735 2230 Vid.
756 2197 877 2230 Justin.

203 2250 260 2282 lib.
276 2249 385 2280 xxviii.
408 2249 492 2279 Zau.

248 2300 324 2331 309.
355 2298 453 2340 thue
475 2310 560 2339 nepos
580 2300 667 2334 dicti,
684 2298 766 2339 etc.]
795 2297 877 2329 Mihi

204 2349 344 2393 Pyrrhus
363 2348 522 2390 designari
542 2348 675 2385 videtur,
692 2348 746 2390 qui
767 2348 877 2379 tertius

203 2406 250 2431 est
263 2399 302 2430 ab
316 2409 364 2435 eo,
377 2398 467 2440 eujus
483 2409 531 2429 res
547 2398 579 2428 in
591 2397 685 2430 Italia
698 2403 795 2440 gestae
811 2408 877 2429 me-

203 2454 376 2481 morantur.
428 2447 489 2478 Hic
515 2447 597 2478 enim
630 2447 735 2489 magni
766 2447 877 2489 Pyrrhi

205 2508 302 2540 nepos
322 2497 392 2528 suit.
437 2496 562 2528 Deinde
581 2496 761 2538 Olympias,
778 2502 879 2527 mater

205 2548 286 2590 ejus,
319 2547 368 2578 vel
399 2546 482 2583 avia,
513 2553 547 2577 ut
582 2546 723 2578 nonnulli
758 2547 878 2582 volunt,

203 2596 362 2639 Tigridem
401 2596 541 2639 puellam
579 2596 774 2628 Leucadiam
813 2596 880 2638 ejus

205 2646 426 2683 concubinam,
456 2645 637 2688 φαρμάκοις
673 2645 879 2681 ἀπέκτεινεν,

206 2707 326 2728 veneno
342 2695 482 2732 sustulit,
498 2695 600 2738 inquit
617 2696 803 2731 Athena-us,
820 2695 876 2726 lib.

208 2745 274 2776 xiii.
295 2757 326 2788 p.
353 2746 427 2777 579.
446 2745 576 2776 edition.
594 2745 731 2776 Casaub.
754 2751 787 2775 ut
811 2756 876 2776 sus-

946 1354 1045 1396 picer,
1056 1353 1214 1395 Pyrrhum
1226 1363 1290 1384 una
1299 1364 1372 1385 cum
1380 1353 1510 1396 Tigride
1520 1354 1623 1386 amica

946 1403 1109 1434 sublatum
1133 1413 1213 1434 esse.
1237 1403 1338 1434 SALv.
1395 1403 1623 1435 Cantharidum

946 1464 1058 1484 suc-cos.
1090 1453 1257 1484 Cantharis
1271 1452 1387 1484 vermis
1402 1452 1532 1492 viridis3
1548 1453 1622 1485 vide

950 1502 1100 1539 Plinium,
1125 1503 1180 1534 lib.
1205 1503 1291 1534 xxix.
1318 1513 1389 1545 cap.
1417 1503 1447 1534 4.
1471 1509 1504 1534 et
1527 1503 1622 1535 Dios-

946 1551 1045 1583 corid.
1061 1551 1115 1583 lib.
1131 1551 1173 1584 vi.
1197 1553 1284 1583 VAL.
1308 1551 1426 1583 Axon.

990 1602 1066 1632 311.
1090 1604 1155 1632 Aut
1175 1603 1229 1642 pia
1250 1608 1278 1633 te
1301 1601 1402 1642 caes0.]
1428 1602 1571 1638 Leucon,
1587 1607 1623 1633 ut

947 1651 1179 1682 vetustissimus
1194 1651 1286 1683 docet
1308 1650 1474 1694 interpres,
1490 1662 1530 1684 ex
1543 1652 1621 1683 Per-

945 1700 1019 1732 sicis
1040 1700 1167 1743 regibus
1188 1701 1375 1744 Spartacum
1393 1701 1522 1733 fratrem
1538 1702 1622 1734 occi-

945 1751 1003 1788 dit,
1019 1762 1117 1793 regno
1140 1751 1214 1782 inde
1238 1751 1331 1794 potiri
1355 1762 1498 1794 sperans,
1523 1762 1621 1794 quum

944 1806 977 1832 et
1005 1810 1071 1831 rem
1108 1800 1238 1832 haberet
1272 1811 1345 1832 cum
1383 1800 1482 1843 ipsius
1519 1800 1623 1833 fratris

946 1861 1054 1882 uxore.
1101 1851 1175 1881 Non
1192 1857 1299 1882 tamen
1311 1856 1418 1881 votum
1434 1850 1533 1882 valuit
1548 1862 1623 1883 con·

945 1900 1056 1942 sequi3
1080 1911 1153 1931 nam
1173 1900 1204 1931 in
1220 1899 1338 1942 palude
1354 1899 1522 1932 Sabedana
1537 1900 1622 1932 Leu-

946 1959 1056 1981 conem
1073 1949 1186 1980 mulier
1201 1949 1371 1987 interfecit,
1387 1960 1486 1992 quare
1506 1949 1559 1993 pia
1573 1957 1623 1982 est

941 1998 1098 2041 judicata.
1144 1999 1267 2031 Dicunt
1291 1999 1448 2037 nonnulli,
1473 2000 1622 2032 Oxilocbi

946 2048 1030 2091 regis
1053 2049 1146 2080 Ponti
1170 2060 1299 2081 uxorem
1320 2049 1403 2081 hanc
1430 2049 1540 2088 fuisse,
1559 2061 1622 2083 non

945 2098 1102 2141 Spartaci.

990 2149 1064 2179 315.
1095 2148 1193 2189 thue
1209 2148 1292 2179 Jovis
1309 2149 1447 2191 Libyca]
1481 2148 1621 2191 Camby—

945 2208 1006 2235 ses,
1028 2198 1119 2240 cujus
1145 2198 1357 2229 meminerunt
1382 2197 1564 2230 Herodotus
1591 2204 1623 2230 et

945 2248 1077 2289 Trogus,
1091 2257 1190 2289 quum
1206 2246 1311 2278 studio
1327 2247 1485 2290 evagandi
1496 2248 1621 2290 AEgyp-

947 2302 1014 2329 tum
1040 2302 1172 2339 peteret,
1200 2295 1284 2327 misit
1314 2296 1369 2338 qui
1397 2296 1623 2339 popularentur

946 2347 1100 2389 templum
1128 2345 1410 2388 locupletissimum
1431 2347 1522 2379 Jovis
1541 2346 1622 2378 Am-

946 2396 1066 2428 monis:
1096 2396 1151 2438 qui
1175 2406 1284 2427 omnes
1308 2395 1355 2426 ira
1385 2395 1524 2427 numinis
1553 2406 1622 2428 are-

947 2456 1060 2478 narum
1076 2445 1211 2477 cumulis
1226 2444 1328 2477 obruti
1345 2452 1429 2477 sunt.
1454 2446 1551 2477 Doiu.

993 2497 1068 2528 316.
1085 2497 1165 2527 Acta
1183 2495 1288 2537 Noto]
1316 2494 1447 2537 Signate
1464 2493 1622 2538 adposite-

949 2556 1010 2588 que
1037 2545 1116 2576 Noto
1138 2544 1230 2581 dixit,
1255 2545 1332 2587 quia
1355 2544 1453 2576 flante
1482 2550 1623 2576 tantum-

950 2595 1042 2626 modo
1068 2595 1186 2625 Austro
1212 2594 1246 2625 fit
1275 2594 1331 2626 illa
1357 2604 1521 2626 arenarum
1545 2601 1624 2625 tem-

948 2651 1065 2687 pestas,
1095 2652 1130 2675 ut
1164 2651 1273 2676 auctor
1307 2651 1355 2676 est
1387 2644 1565 2676 Herodotus
1591 2649 1623 2675 et

951 2695 1100 2726 Arrianus
1112 2694 1144 2724 in
1161 2695 1262 2725 tertio.

992 2745 1067 2775 317.
1097 2744 1195 2784 thue
1220 2750 1393 2775 necatorum
1413 2741 1542 2782 Darei-J
1570 2741 1619 2773 De
