1809 3220
162 168 250 213 454

565 165 616 210 Ρ.
652 165 871 210 OVIDII
907 166 1195 210 NASONIS

233 287 344 336 Nec
372 294 543 334 tamen
569 285 620 333 in
647 285 842 333 medias
868 286 1036 350 pelagi
1063 292 1114 334 te
1140 302 1354 350 pergere
1381 285 1530 334 sedes

161 367 498 422 Admoneam,
528 365 762 429 vastique
790 365 942 413 maris
970 372 1167 413 tentare
1196 364 1520 430 profundum.

163 446 305 494 Inter
325 452 601 509 utrumque
623 444 721 492 loci
742 445 924 493 melius
945 444 1280 493 moderabere
1301 444 1495 492 funem.
1534 445 1597 490 85

161 525 361 590 Aspera
386 542 506 572 num
535 525 673 572 saxis
700 524 813 572 loca
839 524 968 572 sint:
1012 540 1129 572 nam
1156 523 1279 571 talia
1304 524 1471 572 lentos

161 604 466 669 Deposcunt
491 604 744 660 calamos3
787 610 838 651 at
864 618 1045 668 purum
1072 602 1199 650 retia
1224 603 1363 650 litus.

161 683 301 732 Num
329 699 473 731 mons
498 682 768 730 horrentes
793 680 1034 730 demittat
1058 680 1242 729 celsior
1267 680 1474 728 umbras

159 760 222 810 In
243 778 409 810 mare:
445 777 562 809 narn
578 760 713 809 varie
734 760 943 824 quidam
960 759 1267 824 fugiuntque
1288 764 1594 824 petuntque.

160 839 300 888 Num
325 840 456 889 vada
481 839 714 888 subnatis
742 840 842 887 imo
869 839 1152 887 viridentur
1179 839 1242 887 ab
1270 837 1459 888 herbis.

1530 839 1597 885 90

160 996 509 1061 Objectetque
536 1012 720 1052 moras,
749 1004 801 1044 et
826 997 966 1044 molli
993 996 1179 1044 serviat
1205 996 1351 1060 algae.

159 1075 450 1141 Descripsit
475 1075 625 1124 sedes
652 1075 787 1123 varie
817 1074 1014 1123 Natura
1039 1074 1306 1139 profundi;

157 1154 270 1204 Nec
297 1162 511 1204 cunctos
539 1171 640 1202 una
664 1153 825 1202 voluit
850 1155 1131 1202 consistere
1159 1154 1346 1219 pisces.

157 1233 294 1282 Nam
321 1235 547 1299 gaudent
572 1234 774 1299 pelago,
804 1234 983 1298 quales
1014 1233 1374 1299 Scombrique,
1402 1234 1594 1284 Boves-

156 1312 377 1380 Hippuri
404 1314 614 1369 celeres,
644 1321 697 1361 et
722 1313 865 1377 nigro
893 1322 1091 1377 tergore
1122 1312 1295 1371 Milvi;

157 1484 288 1526 βάσεως
309 1485 434 1516 dixerat
458 1484 582 1527 reliqua
606 1484 759 1516 animalia
779 1490 840 1515 tei·-

155 1536 267 1567 restria
285 1546 342 1567 suo
358 1535 497 1577 quodam
520 1534 672 1566 instinctu
689 1534 752 1575 agi,
768 1545 839 1576 quae

156 1585 226 1630 ipsa
249 1592 363 1617 natura
385 1592 496 1621 monet,
519 1585 569 1616 vel
591 1584 766 1627 sequend0‚
791 1585 840 1616 vel

155 1637 300 1668 cominus
323 1635 551 1678 depugnando,
568 1635 677 1666 venari
693 1647 700 1674 ς
725 1646 840 1677 quum-

155 1697 217 1729 que
246 1686 350 1728 pisces
370 1686 437 1728 jam
463 1685 587 1717 vafritie
618 1685 758 1727 quadam
785 1692 841 1717 aut

155 1736 228 1774 hac,
246 1742 303 1768 aut
321 1736 396 1768 illac
417 1736 574 1767 excellere
597 1735 753 1773 docuerit,
769 1736 841 1767 ideo

151 1788 220 1831 jam
245 1787 386 1830 subjicit,
406 1794 473 1819 arte
494 1788 647 1818 adversus
671 1798 725 1818 eos
748 1793 840 1819 uten-

155 1838 245 1875 dum,
263 1838 317 1880 qui
339 1848 401 1868 non
420 1844 535 1868 natura
551 1847 620 1873 sua,
639 1842 693 1867 aut
709 1836 842 1873 viribus,

155 1894 211 1920 aut
235 1888 322 1930 fuga,
344 1887 405 1919 sibi
429 1896 555 1930 semper
579 1887 761 1923 consulunt,
784 1886 841 1918 sed

154 1939 284 1982 insuper
309 1938 438 1980 ingenio
464 1944 496 1970 et
519 1937 686 1969 fraudibus
707 1944 840 1970 certant.

155 1989 219 2021 Hic
239 2000 351 2021 sensus
374 1989 470 2020 totius
493 1988 708 2030 digressionis,
726 1995 757 2019 et
781 1988 839 2020 hu-

151 2040 203 2084 jus
218 2038 399 2072 ἐπανόδου.
424 2038 614 2070 loun—In
633 2040 699 2069 illa.
730 2039 840 2077 Cane;

151 2096 200 2122 est
224 2090 308 2121 enim
333 2090 422 2121 dubii
448 2090 574 2132 generis
598 2089 683 2132 apud
708 2090 840 2122 Graecos

152 2140 272 2183 pariter
289 2147 320 2171 et
337 2140 481 2171 Latinos.
507 2139 614 2172 Gnsx.

202 2192 255 2223 86.
281 2190 425 2232 Aspera]
453 2191 555 2222 Deest
573 2191 704 2222 verbum
728 2192 838 2231 aspice,

151 2242 205 2274 vel
221 2241 335 2273 simile.
359 2241 464 2272 IDEM.

199 2293 253 2324 87.
277 2293 318 2322 At
335 2303 447 2332 purum
462 2293 539 2322 retia
554 2291 657 2332 litus]
680 2291 838 2329 Verbum,

153 2345 295 2385 deposcit,
312 2342 364 2373 hic
380 2342 563 2373 subaudies.
603 2342 766 2373 Describit
782 2353 839 2374 au-

152 2400 218 2426 tem
238 2392 347 2435 qualia
367 2403 435 2423 esse
457 2397 603 2435 oporteat
619 2393 700 2429 loca,
718 2392 749 2423 in
768 2393 837 2435 qui-

150 2445 211 2476 bus
233 2442 378 2475 homines
402 2443 574 2486 piscentur.
592 2450 623 2474 et
647 2443 765 2485 quibus
790 2445 835 2475 uti

150 2495 291 2528 debeant
304 2493 532 2526 instrumentis.
557 2494 835 2526 &oa—Puram.

152 2545 227 2577 Sine
249 2544 334 2576 saxis
354 2549 386 2576 et
407 2544 498 2587 algis.
515 2544 610 2575 MSS.
625 2556 776 2585 puerum:
802 2545 834 2577 id

151 2602 199 2628 est
213 2596 391 2637 pulchrum,
409 2595 458 2626 vel
475 2607 616 2626 curvum.
643 2596 744 2627 Ver.

196 2648 249 2678 89.
276 2645 440 2687 Quidam]
469 2646 590 2682 Pisces,
608 2646 744 2677 scilicet.

196 2698 252 2729 90.
280 2696 365 2727 Num
393 2697 498 2738 vada]
535 2697 613 2728 Post
638 2696 722 2727 hunc
747 2696 836 2728 deest

154 2759 260 2780 versus
281 2747 374 2784 talis,'
388 2754 442 2779 aut
465 2747 598 2778 similis:
627 2752 645 2764 ‘⁴
660 2747 699 2778 In
722 2747 832 2784 fundo,

152 2798 317 2839 soleatque
332 2797 398 2829 illic
414 2808 446 2829 se
463 2808 592 2840 pascere
610 2797 745 2840 pist-is.’'
788 2798 834 2828 Ex

1449 1315 1593 1378 [que‚

912 1482 1056 1525 Oppian.
1085 1483 1160 1514 Hal.
1191 1483 1264 1513 102.
1290 1481 1452 1525 supplevit
1477 1481 1599 1513 Vlitius

911 1533 971 1564 hoc
1003 1533 1114 1565 modo:
1149 1538 1169 1551 “
1184 1532 1342 1574 Gurgite:
1377 1532 1489 1563 limosa
1519 1543 1596 1563 num

911 1583 982 1625 quis
998 1589 1149 1625 pascatur
1165 1582 1300 1614 arena.''

956 1635 1008 1665 92.
1036 1635 1204 1675 Descripsit
1230 1635 1311 1665 sedes
1336 1633 1467 1674 varias]
1508 1633 1599 1664 Varie

909 1684 1039 1715 Thuan.
1066 1690 1102 1716 ut
1131 1695 1247 1728 supra:
1280 1688 1303 1701 “
1332 1706 1361 1714 ..
1377 1683 1486 1714 ,Nam
1511 1682 1598 1715 varie

911 1735 1042 1777 quidam
1065 1735 1258 1777 fugiuntque
1281 1734 1500 1777 petuntque.''
1545 1734 1599 1765 An

912 1787 1071 1825 Dissepsz'u
1088 1791 1122 1816 ut
1143 1785 1175 1816 in
1192 1785 1330 1816 Metam.
1347 1784 1402 1815 lib.
1418 1784 1453 1815 i?
1476 1783 1532 1816 sed
1549 1785 1596 1815 ni-

911 1834 955 1865 hil
987 1840 1105 1866 temere
1134 1841 1242 1866 muta:
1284 1835 1356 1866 vide
1383 1834 1496 1866 Gifan.
1523 1834 1597 1866 Iud.

911 1886 1043 1917 Luc-ret.
1069 1886 1191 1917 Herss.

955 1937 1009 1967 94.
1033 1935 1259 1978 Scombrique.]
1295 1934 1400 1972 Idem,
1422 1934 1596 1972 Scombrus,

911 1986 1017 2018 Latin.
1045 1985 1231 2029 Σκόμβρος,
1250 1986 1385 2017 Graece:
1412 1985 1597 2023 Macarello,

911 2036 1035 2068 Italice.
1086 2037 1232 2068 Marinus
1248 2035 1280 2067 in
1297 2036 1436 2068 arenosis
1451 2036 1597 2067 litoribus

909 2094 968 2118 est.
987 2087 1295 2129 C1ov.——B0vesque.
1321 2086 1415 2118 Boves
1427 2086 1596 2129 Oppianus

910 2137 1047 2169 collocat
1072 2139 1104 2169 in
1128 2149 1223 2169 coeno
1247 2137 1353 2169 maris.
1399 2138 1442 2170 G.
1459 2138 1511 2170 De
1530 2139 1597 2170 Bo-

908 2189 979 2224 bus,
997 2189 1157 2225 AElianus,
1176 2189 1232 2220 lib.
1248 2188 1268 2219 i.
1285 2199 1313 2220 c.
1330 2189 1384 2220 ⁴20.
1409 2188 1448 2220 C.

953 2241 1008 2271 95.
1036 2240 1177 2280 Hippuri
1204 2239 1343 2281 celeres]
1383 2239 1549 2280 Hippin-us
1576 2249 1596 2270 a

909 2289 1020 2321 caudae
1038 2290 1164 2332 equinae
1182 2289 1393 2321 similitudine
1409 2299 1526 2320 nomen
1542 2299 1596 2320 ac-

909 2340 1005 2383 cepit,
1021 2341 1121 2383 pinna
1136 2340 1261 2372 seilicet
1283 2351 1301 2371 a
1322 2340 1428 2383 capite
1451 2338 1492 2371 ad
1514 2349 1594 2371 cau·

909 2391 985 2423 dam
1023 2391 1175 2428 deducta,
1207 2402 1279 2433 quae
1316 2391 1429 2423 caudae
1467 2389 1594 2433 equinae

905 2442 1068 2474 simillima
1091 2449 1157 2474 est:
1192 2442 1298 2473 hieme
1321 2441 1450 2478 latitat3
1482 2447 1594 2472 aestate

906 2500 1030 2524 tantum
1054 2493 1200 2536 capitur3
1228 2492 1414 2524 carnivorus
1439 2496 1499 2528 est,
1518 2502 1592 2523 nos-

905 2544 960 2576 tris
976 2543 1124 2575 litoribus
1140 2544 1289 2585 ignotus;
1314 2542 1467 2585 Hispanis
1482 2541 1591 2583 cogni-

905 2600 967 2631 tus,
985 2605 1003 2625 a
1022 2594 1139 2637 quibus
1161 2599 1294 2625 vocatur
1312 2593 1488 2635 Lampuga.
1514 2591 1590 2624 Gis-

905 2645 965 2677 caf.
1004 2644 1255 2677 (ἕψει-Μηνὶ.
1298 2644 1429 2679 Milvus,
1463 2642 1593 2674 Latine.

903 2694 1022 2738 Ἰέραξ,
1039 2697 1167 2728 Graece.
1194 2694 1494 2731 Ronclina‚1talice.
1524 2694 1586 2724 Pe-

905 2747 1031 2789 lagius;
1054 2746 1151 2777 altius
1168 2746 1264 2783 volat,
1282 2756 1379 2788 quam
1396 2743 1542 2781 hirundo,
1559 2750 1592 2775 et

907 2797 946 2828 ad
962 2797 1078 2840 lapidis
1090 2797 1233 2839 jactum:
1261 2795 1293 2827 id
1313 2802 1418 2827 autem
1441 2794 1521 2826 solet
1543 2792 1588 2824 fa-
