1809 3220
110 171 197 215 148

457 177 460 181 ’
507 169 559 210 Ρ.
596 166 813 210 OVIDII
850 164 1136 208 NASONIS

116 289 354 353 Occupat
378 286 642 351 amplexu3
673 285 1030 349 lacrymasque
1047 298 1135 346 per
1150 281 1326 329 oscula
1346 280 1505 328 siccat
1523 299 1535 338 ;

184 365 268 422 Et,
298 364 498 414 Pariter
523 363 638 412 coeli
664 378 864 410 summa
888 368 1141 426 petamus,
1165 359 1251 408 ait.

1441 360 1540 406 510

116 445 195 492 Tu
220 444 341 492 mihi
362 444 544 507 juncta
568 449 695 498 toro,
724 440 847 488 mihi
867 441 1050 504 juncta
1074 438 1324 486 vocabula
1349 452 1537 485 sumes.

183 523 213 571 J
220 539 300 572 am
325 522 415 570 tibi
443 528 652 570 mutatae
680 519 863 568 Libera
889 534 1072 566 nomeu
1100 517 1210 566 erit.

120 602 337 666 Sintque
362 606 463 648 tuae
490 607 661 649 tecum
687 598 869 647 faciam
897 603 1228 646 monumenta
1255 594 1488 651 Coronae,

185 679 446 727 Vulcanus
471 677 658 727 Veneri
686 693 840 741 quam
866 675 1027 731 dedit,
1057 675 1141 722 illa
1167 673 1276 723 tibi.

1442 675 1539 721 514

120 757 273 806 Dicta
318 757 461 815 facit3
515 771 849 821 gemmasque
898 769 1077 802 novem
1118 752 1445 801 transformat
1492 751 1542 798 in

322 835 484 900 ignes.

188 914 360 963 Aurea
384 931 473 980 per
499 914 671 962 stellas
699 929 831 962 nunc
857 912 1012 960 micat
1037 912 1122 959 illa
1148 927 1345 959 novem.

124 993 238 1041 SEX
268 993 354 1040 ubi
381 993 660 1050 sustulerit,
689 992 902 1040 totidem
928 989 1228 1038 demerserit
1253 989 1419 1044 orbeS,

191 1071 515 1136 Purpureum
541 1069 718 1135 rapido
745 1070 832 1134 qui
858 1068 998 1117 vehit
1024 1084 1121 1116 axe
1148 1067 1313 1116 diem:

122 1150 301 1198 Altera
325 1149 583 1214 gramineo
609 1149 866 1214 spectabis
896 1147 1108 1212 Equiria
1132 1163 1332 1212 campo,

193 1227 360 1284 Quem
385 1227 552 1276 Tibris
579 1227 744 1276 curvis
772 1227 822 1276 iu
848 1228 982 1276 latus
1009 1234 1156 1290 urget
1181 1225 1347 1290 aquis.

125 1415 196 1448 sqq.
244 1406 381 1436 Audibut
405 1415 460 1448 per
484 1415 645 1448 syncopen
670 1416 731 1437 non
757 1406 803 1437 in-

126 1455 288 1488 usitatam.
337 1456 474 1495 Occupat
497 1457 649 1496 ampleni,
674 1462 707 1487 ut
729 1455 803 1487 alibi

129 1508 252 1548 impedit
275 1508 429 1546 ampeem.
486 1506 562 1538 Coeli
586 1518 713 1543 summa,
738 1517 804 1537 coe-

127 1558 206 1594 lum,
223 1563 382 1599 quatenus
398 1556 430 1587 in
446 1557 521 1588 alto.

172 1608 248 1639 511.
272 1607 396 1638 Fabula
412 1607 480 1638 haec
497 1607 581 1638 varie
603 1606 732 1638 tradita.
781 1608 805 1638 E

127 1657 251 1699 vulgari
268 1656 447 1693 traditione,
459 1667 555 1700 quam
574 1656 711 1688 Ovidius
721 1657 805 1688 Met.

127 1707 213 1739 dicto
242 1707 312 1738 loco
343 1706 498 1748 sequitur,
530 1717 646 1738 corona
682 1713 807 1738 tantum

129 1756 279 1788 Ariadnae
304 1756 387 1787 inter
404 1756 510 1788 sidera
532 1756 645 1788 relata.
683 1757 804 1788 Secun-

130 1807 206 1838 dum
231 1806 310 1837 alios
330 1805 411 1848 ipsa,
435 1806 550 1837 Libera
569 1805 667 1842 dicta,
691 1806 808 1838 honore

129 1857 239 1889 divino
254 1856 370 1888 affecta
384 1863 432 1887 est
446 1868 452 1894 ;
478 1857 613 1894 Seneca,
629 1856 704 1888 (Ed.
722 1858 785 1888 498
801 1870 809 1896 ;

130 1907 329 1944 Lactantius,
354 1907 432 1939 dict.
461 1907 523 1939 loc.
552 1907 637 1951 apud
665 1908 810 1950 Propert.

131 1958 197 1989 111.
221 1969 273 1988 xv.
300 1958 331 1990 8.
361 1958 501 1998 lyncibus
526 1959 557 1988 in
584 1959 692 1989 coelum
724 1965 808 1989 recta

130 2007 257 2049 legitur.
303 2007 354 2038 Sic
382 2012 414 2038 et
439 2007 525 2050 apud
556 2008 708 2039 Nostrum
738 2008 809 2039 Art.

132 2058 243 2088 Amat.
256 2057 277 2088 i.
294 2057 369 2088 550.
416 2057 486 2088 Hoc
503 2057 564 2088 loc.
579 2063 611 2088 et
627 2057 696 2100 ipsa
712 2065 743 2089 et
756 2069 807 2090 co-

132 2118 209 2140 rona
243 2107 312 2150 ejus
347 2113 582 2146 memorantur3
615 2108 760 2140 similiter
791 2120 809 2139 a

131 2157 238 2189 Probo
252 2156 333 2188 dict.
350 2157 411 2188 loc.
442 2157 493 2188 De
505 2169 614 2188 corona
625 2158 728 2189 varias
744 2165 808 2190 tra-

133 2207 270 2239 ditiones
290 2205 421 2248 collegit
442 2206 602 2249 Hyginus,
626 2207 716 2240 Poet.
739 2208 810 2239 Ast.

132 2257 167 2288 ii.
184 2259 215 2289 5.
241 2257 443 2288 Monumenta
459 2269 585 2295 coronae,
595 2268 723 2295 corona,
737 2269 809 2302 quae

133 2307 199 2339 vim
237 2307 357 2338 habeat
386 2307 594 2339 monumenti.
641 2308 808 2351 Hyginus:

134 2363 157 2376 ‘¹
175 2357 334 2390 Coronam
357 2357 474 2389 dicitur
498 2357 582 2390 inter
604 2365 690 2390 astra
714 2359 812 2391 collo-

135 2418 237 2443 casse,
270 2413 306 2438 ut
338 2412 456 2439 aeterua
494 2408 647 2440 memoria
676 2409 813 2442 nominis

135 2456 346 2490 efficeretur.''
385 2456 544 2489 Coronam
560 2468 599 2490 ex
615 2470 693 2490 auro
711 2466 743 2490 et
758 2459 813 2490 In-

134 2507 216 2539 dicis
243 2508 368 2550 gemmis
394 2506 513 2538 factam
542 2507 699 2539 Vulcanus
725 2508 815 2540 dedit

140 2558 264 2589 Veneri.
322 2556 447 2588 Novem.
484 2556 590 2588 Hodie
616 2557 689 2589 huic
720 2557 814 2589 sideri

136 2618 202 2640 una
217 2613 249 2640 et
265 2606 378 2650 viginti
401 2606 502 2638 stellae
522 2607 716 2640 tribuuntur.
759 2608 814 2639 In-

135 2658 292 2701 telligitur
307 2658 392 2689 enim
407 2657 546 2694 Corona,
572 2669 635 2689 non
657 2659 815 2696 australis,

138 2708 194 2740 sed
206 2707 343 2740 borealis
354 2707 435 2740 iuter
448 2708 634 2750 Engonasin
643 2715 676 2741 et
688 2708 812 2752 Ophiu-

141 2757 235 2790 chum
250 2770 260 2798 ;
284 2758 422 2791 Metam.
439 2758 505 2791 viii.
522 2758 595 2790 182.

1448 1227 1548 1273 520

919 1405 1106 1437 517—522.
1146 1407 1255 1437 Altera
1283 1405 1412 1447 Equiria
1449 1404 1551 1448 pridie

876 1456 927 1487 Id.
943 1457 1009 1487 sive
1026 1455 1151 1488 xiv.die
1170 1456 1291 1488 Martii.
1330 1457 1381 1488 De
1395 1455 1553 1499 prioribus

876 1507 947 1538 vide
965 1506 999 1538 ii.
1017 1508 1095 1538 857.
1136 1507 1220 1538 Rem
1238 1513 1366 1538 tenuem
1380 1506 1553 1539 admodum

875 1558 999 1588 ornavit
1030 1557 1144 1589 verbis.
1198 1558 1282 1593 Axis,
1312 1568 1422 1588 currus
1448 1557 1554 1596 Solis;

876 1610 1002 1648 rapidus
1026 1609 1077 1639 vel
1104 1608 1143 1639 ab
1170 1607 1303 1639 incitato
1326 1618 1434 1644 cursu,
1460 1607 1510 1639 vel
1535 1617 1554 1638 a

877 1657 988 1700 rapida
999 1658 1079 1689 Solis
1091 1658 1219 1689 flamma
1230 1658 1346 1689 dictus.
1374 1658 1556 1699 Purpureus

875 1707 1004 1739 omnino
1027 1708 1169 1740 lucidum
1188 1715 1219 1739 et
1241 1707 1448 1751 splendidum
1468 1708 1554 1739 colo-

876 1768 941 1789 rem
981 1764 1091 1797 notat;
1126 1770 1321 1799 purpureum
1347 1758 1423 1790 solis
1452 1759 1555 1790 lumen

879 1809 954 1839 AEn.
984 1808 1026 1839 vi.
1053 1809 1128 1839 641.
1188 1808 1218 1839 A
1246 1810 1388 1851 gramine
1416 1813 1448 1839 et
1479 1807 1556 1840 alibi

879 1858 1021 1901 Campus
1045 1858 1185 1890 Martius
1209 1858 1410 1901 designatur.
1452 1858 1557 1890 Hora-

879 1909 953 1946 tius,
967 1910 1038 1940 Art.
1050 1909 1140 1940 Poet.
1159 1909 1232 1940 162.
1245 1913 1265 1926 “
1280 1908 1400 1951 gaudet
1414 1909 1558 1951 gramine

877 1958 1027 2001 Campi.’'
1085 1958 1197 1989 Cur-vis
1226 1964 1352 2001 propter
1389 1957 1557 2000 obliquum

877 2009 1044 2040 fluviorum
1076 2019 1217 2040 cursum.
1267 2008 1305 2039 In
1337 2009 1420 2040 latus
1446 2019 1560 2051 urgere

877 2059 958 2090 bene
981 2057 1020 2089 de
1042 2058 1184 2090 alluente
1200 2058 1352 2098 flumine;
1376 2057 1399 2090 i.
1413 2059 1489 2089 242.
1506 2069 1558 2089 ra-

878 2110 925 2139 dit
960 2107 1093 2139 Tibridis
1115 2109 1201 2139 unda
1227 2109 1322 2140 latus.
1371 2107 1423 2140 De
1444 2108 1560 2140 Tiberis

880 2158 998 2190 crebris
1028 2158 1297 2190 exundationibus
1322 2157 1396 2191 vide
1424 2158 1465 2190 ad
1493 2159 1559 2191 Pli-

881 2208 983 2245 nium,
1010 2209 1068 2251 Ep.
1083 2208 1150 2239 viii.
1170 2210 1207 2239 17
1227 2209 1362 2251 Argum.
1410 2208 1493 2250 Lsjici
1517 2209 1557 2241 de

882 2269 965 2301 aqua
981 2269 1054 2290 cum
1072 2258 1102 2289 vi
1118 2265 1343 2302 prorumpente
1357 2271 1366 2298 ;
1392 2258 1465 2290 vide
1483 2259 1561 2292 Cor·

882 2308 961 2340 tium
987 2308 1026 2340 ad
1049 2308 1192 2340 Plinium
1215 2308 1294 2341 dict.
1309 2309 1372 2340 lcc.
1388 2320 1414 2340 s.
1433 2310 1465 2340 3.
1510 2309 1561 2342 Ibi

881 2359 1018 2396 Tiberis,
1036 2359 1091 2402 qui
1105 2359 1232 2391 alveum
1246 2359 1395 2397 excessit,
1413 2364 1435 2377 ‘¹
1447 2360 1562 2403 premit

883 2409 995 2447 valles,
1012 2409 1136 2441 innatat
1149 2409 1307 2452 campis‚'’
1326 2409 1467 2442 hocloco
1480 2417 1561 2442 tenet

883 2471 1034 2500 campum.
1081 2458 1176 2498 Quod
1199 2458 1252 2490 hic
1273 2458 1314 2490 de
1338 2459 1432 2491 Coelio
1455 2465 1563 2492 monte

884 2516 1041 2546 narratur,
1055 2509 1088 2541 id
1104 2510 1217 2541 Festus
1231 2508 1419 2541 confirmat:
1438 2514 1458 2527 ‘⁸
1474 2511 1562 2542 Mar·

884 2559 971 2590 tialis
987 2569 1120 2602 campus
1136 2559 1168 2590 in
1185 2558 1291 2591 Coelio
1314 2565 1420 2591 monte
1435 2559 1564 2597 dicitur,

885 2609 971 2651 quod
997 2609 1030 2640 in
1052 2620 1089 2641 eo
1110 2608 1244 2651 Equiria
1269 2609 1415 2641 solebant
1437 2609 1515 2646 fieri,
1537 2609 1564 2641 si

886 2660 1016 2702 quando
1040 2670 1132 2702 aquae
1155 2659 1279 2692 Tiberis
1301 2670 1450 2704 campum
1473 2660 1563 2692 Mar-

886 2716 966 2741 tium
981 2710 1226 2752 occupassent.’'
