1809 3220
197 178 284 221 494

595 175 647 217 Ρ.
681 171 898 216 OVIDII
932 171 1218 214 NASONIS

201 295 306 343 Aut
329 300 386 342 ut
409 290 739 340 Amastriacis
765 289 1022 353 quondam
1050 288 1262 336 Lenaeus
1287 289 1352 336 ab
1377 287 1476 335 oris

274 372 457 420 Nudus
482 369 715 418 Achillea
739 367 1030 416 destituaris
1054 367 1225 415 humo.

207 451 380 514 thue
400 449 478 496 vel
505 447 824 511 Eurydamas
849 453 925 494 ter
949 445 1139 493 circum
1163 445 1317 492 busta
1333 440 1585 506 Thrasylli

274 527 369 575 Est
395 526 639 574 Larisseis
664 533 838 589 raptus
864 525 927 572 ab
951 524 1097 571 hoste
1123 522 1271 580 rotis;

204 606 300 654 Vel
326 604 414 669 qui
440 620 554 668 quae
580 602 744 651 fuerat
768 610 962 650 tutatus
986 600 1172 648 moenia
1197 615 1333 664 saepe

1522 599 1622 644 335

276 683 502 746 Corpore
527 682 760 729 lustravit
784 697 883 728 non
909 679 1148 727 diuturna
1173 694 1292 735 suo;

205 761 382 825 thue
409 776 590 807 novum
615 775 766 823 passa
790 774 948 822 genus
969 753 1379 820 Hippomeneide
1405 768 1585 818 poenae,

274 838 490 886 Tractus
516 837 565 883 in
592 836 770 884 Actaea
793 836 948 884 fertur
973 835 1171 882 adulter
1194 834 1377 890 hum03

210 917 312 973 Sic,
340 917 427 964 ubi
450 915 554 963 vita
577 922 690 963 tuos
716 915 877 963 invisa
901 913 1163 977 reliquerit
1188 919 1342 967 artus,

272 994 478 1042 Ultores
504 993 702 1057 rapiant
724 1000 872 1056 turpe
893 992 1108 1039 cadaver
1133 989 1269 1054 equi.

1523 986 1624 1033 340

210 1074 420 1120 Viscera
446 1071 517 1118 sic
545 1070 728 1134 aliquis
755 1071 995 1134 scopulus
1019 1076 1108 1116 tua
1131 1068 1270 1131 figat,
1293 1073 1350 1114 ut
1373 1065 1492 1113 olim

280 1150 408 1198 Fixa
433 1149 526 1196 sub
554 1147 782 1195 Euboico
810 1149 965 1196 Graia
987 1147 1127 1196 suere
1153 1147 1282 1194 sinu.

214 1229 389 1294 thue
414 1228 553 1276 ferox
581 1227 731 1292 periit
755 1235 806 1275 et
830 1227 1039 1274 fulmine
1064 1233 1115 1274 et
1140 1241 1344 1289 aequore
1369 1229 1568 1287 raptor3

283 1307 368 1354 Sic
394 1314 445 1354 te
471 1322 722 1353 mersuras
749 1305 953 1369 adjuvet
976 1304 1106 1368 ignis
1133 1319 1308 1367 aquaS.

214 1384 366 1432 Mens
387 1399 591 1447 quoque
618 1383 690 1430 sic
717 1382 880 1430 Furiis
906 1398 1079 1430 vecors
1106 1381 1339 1444 agitetur,
1362 1386 1416 1427 ut
1439 1379 1509 1426 illi
1533 1379 1632 1425 345

284 1462 458 1509 Unum
483 1461 561 1508 cui
590 1467 694 1508 toto
720 1476 929 1524 corpore
951 1460 1130 1507 vulnus
1157 1464 1290 1515 erat3

261 1625 339 1656 331.
357 1624 422 1653 Aut
438 1627 473 1651 ut
490 1620 718 1661 Amastriacis]
738 1620 894 1651 Amastris

219 1675 294 1706 urbs
315 1678 362 1705 est
381 1672 414 1702 in
435 1670 617 1714 peninsula,
640 1670 761 1701 habens
785 1676 894 1712 portus

220 1734 258 1755 ex
298 1728 433 1764 utraque
471 1727 570 1763 parte,
610 1731 707 1762 quam
751 1719 894 1751 condidit

219 1773 376 1805 Amastris
391 1770 542 1814 Oxyartis
558 1770 635 1806 filia,
651 1780 731 1800 uxor
746 1768 893 1810 Dionysii

219 1821 345 1865 tyranni
370 1819 596 1852 Heracliensis.
634 1819 696 1850 Hic
722 1817 896 1860 Dionysius

220 1873 355 1903 Lenaeus
386 1870 491 1901 dictus
520 1874 584 1899 est:
617 1868 672 1910 qui
697 1867 848 1910 expulsus
876 1878 895 1899 a

221 1921 420 1957 Mithridate,
438 1918 562 1960 aufugit
577 1919 608 1950 in
621 1916 804 1959 Ἀχιλλέως
818 1916 893 1959 δρό-

221 1984 296 2015 μον,
312 1971 345 2002 in
360 1970 477 2006 locum,
495 1980 589 2011 quem
608 1968 742 1999 Cursum
760 1967 896 1998 Achillis

221 2021 406 2064 adpellant;
430 2018 484 2050 ubi
504 2029 522 2049 a
546 2017 610 2049 suis
633 2017 787 2052 desertus,
805 2015 896 2059 periit

222 2071 308 2101 omni
323 2069 493 2100 destitutus
506 2078 575 2110 ope.
611 2067 706 2098 Dou.

267 2121 345 2151 333.
381 2119 479 2159 thue
502 2119 547 2148 vel
571 2116 795 2158 Eurydamas]
823 2116 898 2147 Mos

223 2170 278 2201 diu
294 2169 378 2212 apud
388 2168 557 2199 Thessalos
572 2167 643 2203 fuit,
655 2173 690 2198 ut
705 2165 896 2197 interficien-

223 2220 301 2252 tium
312 2229 440 2261 corpora
451 2218 535 2249 circa
546 2217 720 2248 occisorum
732 2216 898 2257 sepulchra

225 2269 433 2304 traherentur,
463 2273 495 2298 ut
521 2265 767 2308 Eurydamantis
791 2276 898 2296 exem-

225 2319 279 2362 plo
295 2323 428 2353 constat,
440 2317 493 2359 qui
510 2316 596 2347 circa
610 2315 770 2357 Thrasylli
785 2317 896 2357 (quem

227 2368 448 2407 interfecerat)
467 2366 623 2397 tumulum
646 2376 665 2396 a
688 2365 785 2401 Simo,
799 2365 898 2395 Thra-

227 2417 300 2460 sylli
330 2417 436 2452 fratre,
469 2422 588 2447 tractus
617 2421 677 2451 est,
709 2421 836 2446 auctore
866 2413 898 2445 in

227 2467 304 2498 xxii.
320 2466 414 2497 Iliad.
433 2465 618 2508 Porphyrio.

272 2518 348 2549 335.
368 2516 421 2546 Vel
437 2517 488 2556 qui
500 2514 679 2556 qmrsuerat
697 2520 816 2544 tulatus
832 2526 899 2545 mu*-

228 2569 282 2598 m'a
311 2578 382 2606 serpe
414 2565 542 2605 Corpore
573 2565 714 2594 lustravit
744 2576 804 2594 uun
831 2565 901 2594 ‹liu-

231 2619 409 2647 turmiduo.
436 2615 562 2646 Hector.
590 2614 682 2644 Doni.

274 2665 350 2697 337.
386 2662 647 2704 Hippomeneide]
690 2661 903 2704 Hippomenes

233 2715 430 2746 Athenarum
458 2713 604 2755 princeps
625 2711 693 2747 fuit,
718 2712 809 2753 cujus
838 2711 903 2742 filia

234 2765 266 2796 in
293 2763 448 2796 adulterio
472 2763 668 2805 deprehensa
694 2766 754 2797 est,
775 2772 793 2792 a
814 2767 901 2803 patre

962 1620 1002 1651 ob
1018 1619 1120 1651 scelus
1141 1619 1255 1661 juncta
1270 1628 1352 1660 equo
1366 1629 1372 1648 z
1398 1616 1452 1660 qui
1469 1617 1635 1648 conclusus

963 1680 1061 1711 quum
1096 1667 1254 1699 alimentis
1291 1672 1422 1703 careret,
1457 1666 1569 1697 dentes
1603 1665 1636 1696 in

962 1719 1103 1761 puellam
1133 1717 1280 1760 conjecit.
1325 1717 1462 1748 Adulter
1482 1727 1556 1748 vero
1583 1726 1637 1758 per

963 1770 1124 1811 regionem
1154 1767 1296 1799 Atticam
1328 1767 1368 1798 ab
1399 1766 1489 1809 equis
1517 1772 1637 1797 tractus

964 1825 1022 1850 est.
1047 1819 1141 1849 Doni.

1008 1869 1083 1899 341.
1111 1867 1232 1898 Viscera
1255 1868 1298 1897 sic
1322 1867 1445 1907 aliquis,
1467 1864 1548 1905 etc.]
1575 1863 1636 1895 Lo·

964 1928 1090 1949 crenses
1116 1916 1278 1958 intelligit,
1310 1915 1364 1958 qui
1394 1920 1465 1957 post
1493 1924 1636 1946 eversam

963 1967 1034 2010 Troj
1041 1978 1102 2004 am,
1115 1967 1146 1998 in
1159 1966 1293 2009 patriam
1305 1965 1481 2002 redeuntes,
1493 1965 1533 1996 ob
1545 1964 1639 1996 unius

965 2017 1077 2060 Ajacis
1100 2026 1227 2051 noxam,
1249 2015 1281 2046 in
1305 2015 1438 2046 Euboeae
1460 2018 1640 2056 promonto-

965 2067 1019 2098 riis
1047 2065 1160 2097 misere
1194 2063 1357 2106 naufragio
1386 2063 1568 2106 perierunt3
1604 2068 1640 2094 ut

967 2116 1057 2157 Virg.
1075 2117 1153 2146 AEn.
1171 2114 1191 2145 i.
1208 2115 1249 2145 39
1269 2125 1340 2156 sqq.
1358 2113 1471 2152 refert3
1495 2112 1580 2155 quod
1606 2118 1639 2143 et

966 2165 1076 2208 Ajacis
1087 2165 1186 2207 ipsius
1195 2163 1339 2195 interitus
1350 2162 1486 2194 disticho
1494 2164 1638 2205 proximo

966 2215 1096 2246 indicat.
1121 2215 1222 2244 SALv.

1011 2265 1086 2295 343.
1111 2264 1210 2304 thue
1228 2263 1315 2305 seror
1337 2261 1459 2303 periit]
1477 2262 1638 2304 Impreca-

967 2319 1016 2345 tur
1038 2313 1242 2345 laniationem
1259 2311 1408 2354 corporis,
1425 2312 1528 2354 qualis
1546 2311 1639 2354 Ajaci

967 2364 1053 2395 Oilei
1070 2363 1203 2405 contigit
1223 2363 1376 2404 naufrago
1391 2374 1397 2392 :
1422 2361 1564 2393 scribunt
1580 2362 1639 2394 hoc

966 2415 1086 2445 sactum
1111 2413 1218 2448 fuisse.
1248 2412 1398 2454 quoniam
1428 2411 1641 2443 Cassandram

969 2464 1001 2495 in
1027 2463 1146 2506 templo
1168 2462 1310 2494 Palladis
1326 2461 1516 2500 violaverat3
1542 2471 1641 2503 quare

969 2513 1134 2555 indignata
1150 2512 1267 2547 Pallas,
1282 2511 1386 2553 ipsum
1409 2510 1493 2541 circa
1513 2510 1642 2553 Capha-

969 2574 1055 2594 reum
1095 2561 1351 2605 promontorium,
1374 2560 1507 2592 fulmine
1544 2560 1642 2592 inter-

970 2612 1057 2648 fecit,
1074 2622 1233 2654 navesque
1248 2610 1424 2654 dissipavit.

1015 2663 1090 2694 345.
1116 2662 1204 2693 Mens
1217 2661 1357 2703 qunque]
1382 2661 1578 2701 imprecatur
1593 2659 1641 2690 fu-

971 2723 1070 2743 rorem
1085 2711 1212 2748 mentis,
1224 2710 1328 2753 qualis
1343 2709 1475 2751 contigit
1490 2709 1641 2750 Marsyae,

972 2762 1025 2804 qui
1053 2761 1138 2792 tibiae
1164 2761 1292 2792 inventa
1316 2758 1531 2791 modulatione
1561 2756 1641 2789 adeo
