1830 3220
560 190 910 233 FASTORUM
946 190 1067 232 LIB.
1104 190 1186 231 IV.
1495 192 1580 235 2:31

158 309 188 357 J
196 316 451 358 unxerunt
476 308 729 357 elementa
755 314 924 373 patres
945 328 955 365 ;
1000 315 1278 372 aptumque
1303 316 1547 372 putarunt

232 387 442 452 Ignibus
468 394 521 435 et
547 402 723 452 sparsa
749 395 961 449 tangere
987 401 1172 450 corpus
1198 385 1364 449 aqua?
1489 389 1589 435 790

162 466 260 523 An,
281 466 421 531 quod
436 465 487 512 in
503 465 581 513 his
597 466 712 513 vitae
729 481 884 513 causa
903 473 1004 521 est3
1035 465 1142 511 haec
1159 463 1384 528 perdidit
1399 465 1546 512 exsul
1561 483 1572 523 ;

235 544 328 593 His
357 560 489 592 nova
510 543 567 591 fit
592 545 812 608 conjux:
854 544 963 591 haec
989 543 1092 590 duo
1120 558 1304 606 magna
1328 544 1543 607 putant?

166 622 269 670 Vix
296 623 538 686 equidem
564 622 746 670 credo:
788 629 908 669 sunt
933 621 1019 685 qui
1047 620 1372 669 Phaethonta
1396 620 1568 669 referri

238 701 483 757 Credant,
513 710 564 748 et
589 701 769 748 nimias
799 700 1129 749 Deucalionis
1156 715 1333 763 aquas.

166 778 293 827 Pars
321 795 546 844 quoque,
576 795 735 843 quum
762 779 899 826 saxis
926 785 1156 843 pastores
1185 793 1310 825 saxa
1334 777 1568 836 scribant,

238 857 522 905 Scintillam
551 857 721 905 subito
748 856 1044 921 prosiluisse
1070 854 1266 904 ferunt:
1497 858 1594 904 796

168 936 341 984 Prima
357 937 566 1001 quidem
584 936 757 1002 periit;
789 935 992 1000 stipulis
1010 942 1231 998 excepta
1245 934 1472 982 secunda
1492 942 1591 982 est:

241 1014 352 1064 Hoc
380 1015 665 1079 argumenti
693 1015 896 1063 flamma
921 1013 1100 1062 Palilis
1127 1014 1296 1061 habet.

170 1095 251 1141 An
278 1094 440 1157 magis
467 1095 600 1141 hunc
627 1110 819 1142 morem
845 1094 1011 1158 pietas
1039 1092 1219 1140 AEneia
1243 1092 1380 1149 fecit,

242 1172 527 1220 Innocuum
554 1173 686 1221 victo
712 1173 793 1221 cui
820 1173 963 1221 dedit
988 1172 1120 1236 ignis
1147 1172 1276 1220 iter?

1501 1174 1600 1219 800

175 1250 289 1299 Hoc
316 1259 487 1300 tamen
514 1259 593 1300 est
616 1269 734 1300 vero
760 1253 986 1317 propiuS,
1016 1267 1175 1315 quum
1202 1249 1409 1297 condita
1436 1249 1602 1297 Roma

239 1329 518 1378 Transferri
540 1332 711 1395 jussos
738 1331 789 1378 in
813 1348 944 1379 nova
972 1338 1108 1378 tecta
1136 1328 1317 1377 Lares:

175 1534 298 1567 foedera
313 1547 397 1578 aqua
412 1542 444 1567 et
457 1536 539 1578 iguis
552 1535 755 1572 adhibentur,
767 1535 852 1567 unde

175 1592 299 1622 contra,
316 1597 395 1628 quos
417 1597 524 1618 arcere
541 1587 688 1618 volumus
709 1597 725 1617 e
750 1592 853 1617 nostro

177 1636 345 1673 consortio,
367 1636 413 1668 eis
437 1648 523 1679 aqua
547 1643 578 1668 et
602 1637 667 1679 igni
691 1636 853 1668 interdici-

177 1695 259 1722 mus,
285 1685 318 1716 id
347 1693 394 1718 est
421 1688 526 1723 rebus,
553 1686 671 1728 quibus
698 1686 855 1717 consortio

177 1735 397 1777 copulamur.'’
444 1736 633 1768 Interdictio
658 1741 764 1767 autem
787 1735 854 1769 illa.

179 1795 276 1826 quam
299 1793 427 1817 auctore
451 1785 606 1827 Dionysio
631 1785 737 1816 Halic.
753 1785 786 1817 ii.
803 1786 856 1816 53.

180 1833 337 1867 Romulus
370 1836 437 1878 jam
481 1835 631 1871 instituit,
670 1835 754 1866 hanc
794 1835 856 1866 vim

178 1883 329 1921 habebat,
343 1892 377 1917 ut
390 1884 472 1916 intra
486 1885 566 1916 fines
578 1884 700 1926 imperii
717 1884 857 1915 Romani

180 1935 299 1966 nemini
321 1936 433 1967 liceret
455 1936 557 1967 exsuli
582 1935 632 1966 vel
656 1946 785 1978 aquam,
809 1935 858 1966 vel

181 1984 287 2028 ignem
302 1987 456 2028 praebere.
504 1987 592 2017 Nova
613 1988 727 2026 conjur
744 1992 774 2017 et
791 1996 858 2016 ma-

181 2035 260 2067 ritus
276 2047 393 2079 aquam
410 2043 441 2068 et
457 2037 562 2079 ignem
581 2037 765 2078 tangebant,
782 2036 860 2078 quia

182 2086 358 2117 secundnm
377 2086 540 2118 Plutarch.
577 2087 700 2124 Quaest.
717 2086 813 2118 Rom.
831 2087 860 2117 1.

184 2135 232 2167 his
252 2136 376 2168 duobus
395 2137 502 2168 omnia
521 2136 609 2178 gigni
632 2136 859 2167 credebantur.

185 2186 280 2217 Adde
296 2187 474 2218 Varronem
490 2186 530 2218 de
545 2186 637 2228 Ling.
655 2186 729 2216 Lat,
746 2186 788 2217 iv.
809 2187 860 2217 10.

230 2237 307 2268 793.
334 2237 442 2269 Verba
460 2239 505 2268 viz
524 2239 661 2278 equidem
676 2239 764 2268 credo
779 2237 861 2268 Len-

185 2286 252 2318 zius
275 2294 307 2318 et
330 2286 462 2329 interpr.
484 2287 622 2329 gallicus
643 2287 683 2318 ad
703 2297 794 2329 seqq.
815 2297 864 2318 re-

186 2336 312 2377 ferunt;
334 2337 484 2379 equidem
507 2337 548 2368 ad
571 2337 794 2369 antecedentia
815 2348 864 2368 re-

187 2386 265 2423 fero,
299 2387 393 2429 eique
427 2388 540 2418 rationi
577 2387 865 2430 interpunctionem

188 2437 439 2469 accommodavi.
486 2438 627 2480 Referri,
643 2437 788 2480 exprimi,
809 2436 866 2468 ad-

189 2487 341 2519 umbrari.

235 2538 312 2569 797.
345 2537 475 2577 Stipulis
498 2548 552 2580 pro
580 2536 710 2576 fomite3
734 2536 867 2568 AEneid.

189 2588 212 2620 i.
248 2589 328 2619 174:
368 2591 389 2604 ‘¹
406 2587 487 2618 silici
525 2587 697 2618 scintillam
735 2585 867 2617 excudit

190 2637 346 2673 Achates,
381 2637 591 2680 Suscepitque
629 2637 737 2678 ignem
774 2636 868 2674 foliis,

193 2695 290 2732 atque
304 2689 394 2720 arida
409 2689 529 2720 circum
545 2689 577 2719 N
579 2688 752 2720 utrimenta
767 2687 868 2725 dedit,

194 2741 362 2783 rapuitque
378 2740 409 2771 in
433 2739 541 2770 fomite
557 2738 754 2770 flammam.’'
801 2739 869 2770 Hoc

194 2792 370 2833 argumenti
385 2791 485 2825 habet,
502 2788 562 2821 hoc
576 2789 710 2826 indicat,
726 2789 786 2820 hoc
807 2787 868 2820 sibi

1475 1330 1592 1391 [est,

922 1535 1005 1566 vult.
1054 1534 1239 1571 Innocuam,
1257 1539 1320 1566 etc.
1335 1545 1429 1576 quern
1451 1533 1535 1575 ignis
1554 1541 1603 1565 tu-

925 1593 989 1616 tum
1009 1596 1042 1617 se
1067 1584 1199 1615 transire
1222 1595 1335 1627 passus
1357 1590 1417 1619 est,
1436 1583 1491 1625 qui
1514 1584 1603 1616 inco-

924 1635 1018 1666 lumis
1056 1646 1110 1677 per
1146 1634 1296 1677 incendia
1329 1634 1467 1676 ‘l‘rojana
1504 1633 1602 1673 abiit3

925 1685 996 1716 vide
1012 1695 1109 1727 supra
1125 1683 1165 1714 ad
1183 1695 1248 1715 ver.
1266 1684 1320 1714 37.

971 1737 1046 1766 801.
1075 1735 1138 1766 Hoc
1163 1742 1263 1765 tumen
1280 1745 1389 1765 verum
1414 1744 1483 1765 esse
1507 1739 1604 1776 puto;

927 1786 1042 1827 quibus
1053 1785 1156 1816 verbis
1167 1784 1315 1820 Ovidius,
1324 1790 1490 1826 postquam
1503 1784 1605 1816 multa

927 1835 1109 1866 dubitanter
1131 1835 1314 1877 protulerat,
1331 1835 1461 1865 tandem
1486 1835 1608 1877 aliquid

928 1885 1045 1917 certius
1060 1886 1217 1927 subjicere
1233 1885 1373 1915 volebat.
1404 1884 1537 1916 Saluisse
1552 1896 1608 1926 pro

927 1937 1041 1967 saliis-se
1070 1935 1221 1966 Heinsius
1247 1934 1434 1966 auctoritate
1462 1941 1494 1966 et
1522 1935 1607 1967 Pris-

928 1986 1112 2023 ciani,lib.i.
1129 1986 1284 2028 pag.906.
1296 1992 1327 2016 et
1339 1985 1503 2016 meliorum
1515 1985 1610 2017 codd.

928 2038 1078 2079 reposuit.
1116 2036 1191 2068 Jam
1208 2035 1347 2066 debebat
1362 2035 1486 2068 dicere:
1514 2037 1609 2074 Quod

930 2087 965 2118 fit
981 2097 1065 2118 nunc
1081 2094 1208 2129 quoq'ue
1227 2086 1405 2124 Palilibus;
1423 2086 1479 2117 sed
1497 2087 1610 2119 melius

929 2138 1029 2169 dixit:
1066 2138 1166 2168 natali
1196 2137 1306 2173 Roma,
1330 2142 1393 2167 tuo.
1441 2137 1494 2168 Ita
1524 2137 1610 2169 enim

930 2187 1096 2219 commode
1127 2187 1239 2218 transit
1269 2186 1309 2218 ad
1339 2189 1488 2230 originem
1516 2189 1612 2225 urbis,

932 2250 1003 2282 quae
1027 2239 1059 2270 in
1085 2239 1239 2270 Palilium
1265 2239 1351 2270 diem
1376 2239 1552 2277 incidebat,
1575 2245 1612 2271 ut

928 2290 996 2333 jam
1023 2289 1060 2321 ad
1092 2300 1158 2322 ver,
1186 2291 1261 2321 721.
1289 2289 1498 2321 admonitum.
1545 2290 1613 2332 Ipse

934 2342 1027 2375 locus,
1043 2347 1105 2371 etc.
1151 2341 1232 2371 Haec
1251 2341 1359 2378 verba,
1376 2339 1402 2370 si
1423 2350 1502 2371 sana
1523 2346 1609 2378 sunt,

932 2390 1083 2433 equidem
1099 2391 1139 2422 ad
1157 2390 1380 2422 antecedentia
1396 2390 1495 2422 refero
1509 2403 1515 2422 ε
1535 2391 1612 2433 quid

933 2452 992 2483 ego
1016 2441 1112 2472 altius
1136 2453 1243 2473 causas
1265 2441 1352 2472 illius
1375 2441 1454 2472 ritus
1473 2452 1610 2478 arcesso,

934 2503 1033 2534 quum
1051 2495 1111 2533 ipse
1127 2492 1219 2528 locus,
1236 2502 1331 2533 quein
1348 2491 1527 2528 incolimus,
1541 2497 1609 2529 aut,

934 2542 960 2573 si
990 2543 1036 2573 ita
1065 2542 1178 2578 mavis,
1202 2540 1236 2572 in
1267 2552 1330 2583 quo
1356 2541 1523 2572 tractando
1543 2541 1613 2583 jam

935 2602 1052 2630 versor,
1067 2602 1121 2624 eas
1136 2591 1214 2623 mihi
1229 2592 1436 2634 suppeditet?
1461 2591 1501 2622 Id
1517 2591 1542 2622 si
1559 2592 1611 2623 cui

935 2641 1094 2685 displicet,
1110 2641 1220 2673 videat
1239 2653 1278 2673 an
1299 2652 1337 2673 ex
1359 2642 1460 2673 altera
1476 2641 1612 2673 lectione

934 2692 1095 2723 meliorem
1112 2702 1239 2723 sensum
1256 2692 1375 2733 fingere
1390 2690 1499 2733 possit.
1523 2691 1611 2722 Olim

935 2743 1019 2774 enirn
1044 2742 1211 2779 edebatur,
1229 2742 1295 2783 Ipse
1320 2743 1417 2772 locum
1442 2743 1506 2771 vati
1528 2752 1615 2772 casus

926 2792 1027 2833 facit,
1037 2791 1121 2833 quod
1135 2792 1262 2823 Marsus
1273 2791 1511 2832 interpretatur,
1521 2790 1612 2832 quasi
