1809 3220
151 180 238 222 164

549 173 603 216 Ρ.
642 169 860 214 OVIDII
894 165 1184 211 NASONIS

159 297 359 350 Restat,
383 301 440 341 ut
464 290 733 345 inveniam,
760 302 919 352 quare
945 294 1064 348 toga
1088 284 1248 332 libera
1271 281 1422 330 detur

227 371 458 421 Lucifero
482 367 672 435 pueris,
700 364 920 414 candide
947 362 1170 418 Bacche,
1197 371 1301 408 tuo.

162 453 297 509 Sive,
326 449 463 515 quod
488 448 600 512 ipse
626 460 754 510 puer
779 458 981 507 semper
1001 439 1307 506 juvenisque
1331 435 1538 491 videris,

229 529 297 578 Et
320 527 490 577 media
514 532 594 575 est
617 532 741 572 aetas
766 523 898 570 inter
922 528 1197 583 utrumque
1223 515 1344 564 tibi:

165 609 284 665 Seu,
312 606 435 671 quia
458 612 512 652 tu
540 610 684 669 pater
709 617 783 657 es,
812 598 1005 665 patreS,
1023 613 1116 646 sua
1137 595 1366 662 pignora,
1393 599 1539 640 natos

235 682 613 733 Commendant
637 695 770 728 curae
797 676 1194 739 numinibusque
1221 673 1322 721 tuis
1345 690 1355 721 :

1489 671 1587 718 776

166 765 300 821 Sive,
328 762 466 827 quod
491 778 546 810 es
573 759 741 816 Liber,
765 756 922 805 vestis
949 770 1156 820 quoque
1181 753 1341 801 libera
1364 767 1455 816 per
1478 757 1530 798 te

237 841 482 897 Sumitur,
510 846 564 888 et
586 838 704 885 vitae
729 835 979 884 liberioris
1005 833 1117 882 iter.

167 921 266 977 An,
295 919 431 984 quia,
459 932 619 982 quum
645 914 798 980 prisci
824 913 1052 961 colerent
1077 910 1352 959 studiosius
1379 923 1545 972 agros,

238 997 306 1046 Et
329 997 492 1062 patrio
517 995 708 1044 faceret
727 1008 842 1041 rure
868 997 1070 1040 senator
1094 1006 1238 1054 opus,

1494 988 1594 1033 780

171 1075 238 1124 Et
257 1083 465 1141 caperet
488 1074 653 1122 fasces
680 1088 710 1120 a
735 1088 887 1119 curvo
913 1070 1092 1118 consul
1119 1075 1300 1124 aratro,

241 1154 352 1203 Nec
378 1153 570 1202 crimen
596 1151 748 1199 duras
776 1156 912 1197 esset
937 1148 1125 1196 habere
1153 1162 1349 1202 manus,

217 1270 292 1302 771.
318 1271 463 1308 Quatuor
478 1279 596 1304 causae,
613 1278 670 1298 cur
687 1274 762 1309 toga
780 1266 851 1296 viri-

174 1321 214 1351 lis
229 1320 285 1351 illo
301 1319 352 1351 die
368 1319 473 1350 detur.
521 1319 603 1356 Quae
620 1323 656 1348 ut
671 1316 777 1348 locum
795 1315 851 1346 ha—

175 1372 299 1407 berent,
329 1376 436 1412 togam
466 1369 555 1399 illam
594 1369 718 1398 liberam
747 1364 854 1409 potius

176 1420 269 1456 dixit,
295 1430 393 1462 quarn
413 1418 555 1456 virilem;
581 1417 702 1447 liberior
725 1420 855 1446 vocatur

174 1469 270 1501 Trist.
295 1469 355 1500 IV.
378 1480 409 1499 x.
430 1469 484 1499 28.
523 1467 643 1498 Datam
673 1475 743 1496 eam
770 1475 854 1507 saepe

178 1530 246 1551 esse
262 1518 472 1553 Liberalibus,
489 1517 584 1548 etiam
611 1527 627 1547 e
644 1515 799 1547 Cicerone
816 1514 856 1545 ad

176 1569 338 1605 Atticum,
356 1569 417 1600 VI.
433 1569 493 1610 Ep.
509 1568 530 1599 i.
546 1578 578 1609 p.
593 1567 669 1598 691.
688 1566 765 1596 Ern.
783 1575 857 1595 con-

178 1625 242 1652 stat
257 1632 262 1649 :
290 1624 311 1636 “
329 1619 452 1656 Quinto
475 1624 582 1659 togam
600 1626 710 1659 puram
728 1614 856 1645 Libera-

180 1670 264 1701 libus
281 1668 461 1711 cogitabam
477 1667 552 1698 dare
567 1678 575 1705 ξ.
592 1664 755 1696 mandavit
772 1663 857 1695 enirn

181 1719 305 1763 pater.''
369 1719 528 1749 Candidas
566 1715 705 1747 solemne
736 1714 859 1745 Bacchi

182 1769 344 1812 epitheton
373 1769 412 1799 ob
434 1767 607 1808 virgineam
633 1764 694 1796 oris
719 1763 858 1808 pulchri—

183 1818 342 1851 tudinem.

227 1869 303 1900 773.
327 1868 466 1899 Metam.
483 1867 526 1898 iv.
545 1866 604 1897 17:
631 1869 651 1882 “
666 1863 724 1896 tibi
748 1864 859 1895 incon·

184 1924 288 1950 sumta
312 1917 475 1960 juventas,
500 1916 548 1946 Tu
571 1925 651 1958 puer
678 1912 860 1945 aeternus:”

184 1968 218 1999 id
233 1966 392 2010 quomodo
408 1965 654 2007 intelligendum
669 1964 721 2000 sit,
734 1974 773 1994 ex
789 1973 862 1994 nos-

185 2024 233 2049 tro
262 2018 332 2049 loco
355 2016 574 2058 cognoscitur:
600 2016 699 2045 media
726 2019 767 2045 est
793 2019 864 2043 atas

185 2069 268 2098 inter
294 2073 469 2106 utrumque.
516 2064 622 2095 Etiam
647 2072 784 2105 tempus,
801 2073 864 2104 quo

187 2122 263 2159 toga
286 2115 386 2147 virilis
410 2115 606 2149 sumebatur,
629 2112 770 2144 medium
798 2117 866 2143 erat

188 2166 270 2198 inter
280 2164 448 2208 pueritiam
461 2170 493 2195 et
504 2163 718 2206 juventutem.
759 2161 867 2193 Patres

188 2228 298 2249 omnes
327 2216 381 2247 Dii
407 2215 608 2252 dicebantur,
636 2214 690 2245 sed
718 2213 867 2245 Bacchus

189 2267 353 2310 inprimis3
390 2266 476 2298 idem
515 2265 608 2297 Liber
639 2265 746 2296 Pater.
802 2264 866 2295 Sed

189 2317 307 2348 Noster
328 2316 369 2347 de
391 2323 525 2358 utroque
549 2315 677 2346 nomine
695 2313 866 2356 separatim

189 2367 343 2408 loquitur.
385 2366 525 2396 Numina
540 2375 624 2407 saepe
641 2364 680 2396 de
697 2375 759 2395 uno
776 2363 867 2402 Deo3

191 2417 329 2447 Bletam.
344 2415 387 2447 iii.
402 2417 478 2446 290.
490 2416 592 2457 Stygii
609 2417 748 2445 numina.
782 2413 867 2444 Con-

188 2465 281 2509 jungi
307 2471 413 2497 autem
439 2475 511 2496 cum
534 2464 709 2495 mutatione
738 2463 794 2494 illa
824 2469 869 2494 to-

193 2526 256 2558 gae,
280 2521 316 2547 ut
343 2526 375 2546 re
400 2513 599 2557 gravissima,
622 2513 767 2556 regiones
791 2511 871 2543 sole-

194 2572 287 2603 bant.

241 2622 317 2653 778.
342 2622 521 2658 Liber-ioris,
538 2632 648 2663 quum,
663 2619 797 2651 custode
821 2630 869 2651 re-

197 2678 297 2710 moto,
315 2683 371 2704 suo
386 2672 514 2704 arbitrio
529 2672 653 2704 vivunt.

243 2723 320 2755 779.
345 2723 397 2755 De
417 2723 475 2754 hoc
496 2724 596 2754 studio
616 2722 790 2765 priscorum
807 2721 873 2752 Ro-

199 2784 363 2805 manorum
389 2773 496 2805 confer
511 2784 534 2804 1.
551 2773 617 2804 204
633 2784 703 2814 sqq.
751 2773 873 2808 Patrio,

922 1276 941 1296 a
961 1264 1133 1307 majoribus
1153 1263 1340 1295 haereditate
1364 1266 1507 1304 accepto,
1523 1259 1596 1291 nul-

922 1315 962 1346 lis
983 1314 1219 1347 accessionibus
1244 1320 1358 1351 aucto;
1383 1311 1547 1348 Horatius,
1569 1310 1597 1341 Ι.

923 1364 988 1396 Od.
1009 1365 1030 1395 i.
1054 1365 1112 1403 ll;
1136 1363 1240 1407 Epod.
1259 1363 1292 1395 ii.
1313 1364 1344 1394 3.
1392 1361 1474 1402 Opus
1486 1361 1600 1404 facere

923 1414 1083 1458 praecipue
1113 1414 1153 1446 de
1183 1413 1331 1456 agricolis
1365 1411 1494 1443 dicitur.
1553 1412 1600 1442 Ab

924 1472 1042 1499 aratro.
1057 1471 1144 1496 stans
1156 1464 1196 1495 ad
1213 1470 1365 1497 aratrum.
1381 1461 1510 1493 innixus
1528 1471 1600 1492 ara-

925 1521 984 1551 tro,
997 1522 1062 1551 aut,
1078 1515 1190 1558 posito,
1206 1513 1318 1545 relicto
1334 1518 1457 1551 aratro;
1480 1512 1502 1543 i.
1515 1512 1602 1550 2073

926 1564 1052 1599 Florus,
1079 1565 1106 1595 1.
1131 1564 1178 1595 xi.
1207 1564 1267 1594 12:
1298 1567 1318 1580 ‘¹
1337 1562 1456 1594 Lucius
1476 1561 1600 1599 Quinc-

927 1615 1000 1651 tius,
1012 1614 1066 1646 ille
1080 1614 1215 1645 dictator
1227 1614 1267 1645 ab
1283 1612 1601 1655 aratro—patricium

927 1664 1029 1696 virum
1059 1664 1202 1696 innixum
1233 1670 1336 1696 aratro
1363 1674 1421 1695 suo
1446 1663 1538 1694 lictor
1569 1662 1602 1693 in

927 1714 995 1757 ipso
1010 1725 1105 1757 opere
1119 1713 1365 1757 deprehendit.'’
1389 1711 1510 1744 Seriore
1523 1718 1604 1743 terrr—

928 1776 1002 1808 pore
1027 1767 1113 1796 darae
1137 1775 1245 1795 manus
1267 1762 1391 1795 crimini
1411 1769 1502 1795 erant
1515 1773 1525 1802 3
1547 1760 1604 1794 sed

927 1817 1052 1847 Seneca
1076 1815 1116 1847 de
1134 1815 1211 1846 Vita
1235 1816 1332 1846 beata
1351 1825 1425 1857 cap.
1445 1814 1479 1844 7.
1495 1811 1604 1844 virtuti

929 1867 1055 1898 callosas
1070 1877 1177 1896 manus
1192 1865 1312 1897 tribuit.
1358 1864 1410 1896 De
1426 1865 1550 1896 rustic&
1563 1862 1604 1894 ad

931 1917 1017 1948 ludos
1030 1916 1061 1947 in
1075 1917 1184 1947 urbem
1197 1915 1400 1947 venientibus
1415 1914 1522 1946 confer
1538 1913 1605 1944 Ho-

930 1967 1060 2003 ratium,
1078 1967 1150 1997 Art.
1168 1966 1258 1997 Poet.
1273 1966 1338 1996 210
1355 1975 1430 2008 sqq.
1476 1964 1608 2001 Studiis,

932 2016 991 2048 arti
1024 2016 1158 2059 poeticae
1189 2022 1221 2046 et
1249 2015 1390 2046 musicae.
1453 2014 1606 2056 Taedg'fera

934 2067 1013 2102 Dea,
1031 2066 1139 2102 Ceres,
1155 2076 1227 2108 quae
1243 2065 1360 2096 taedam
1376 2075 1440 2107 prae
1456 2074 1489 2096 se
1504 2063 1609 2096 serens

933 2122 1057 2159 raptam
1081 2115 1179 2147 filiam
1196 2115 1363 2158 quaesivit3
1386 2115 1430 2146 iv.
1446 2114 1508 2145 417
1523 2124 1583 2156 sqq
1598 2125 1608 2153 ;

934 2167 1070 2198 Metam.
1083 2177 1113 2197 v.
1130 2167 1205 2197 442.
1254 2166 1336 2203 Tiro,
1353 2176 1431 2208 puer
1447 2165 1502 2207 qui
1522 2163 1608 2196 acci-

935 2218 982 2260 pit
1008 2224 1114 2259 togam
1137 2216 1271 2251 virilem.
1294 2215 1380 2247 unde
1407 2220 1441 2246 et
1462 2214 1530 2246 dies
1554 2214 1610 2246 ille

935 2267 1087 2298 solemnis
1097 2268 1159 2297 dies
1173 2267 1308 2297 tirocinii
1319 2265 1425 2296 dictus
1438 2269 1498 2296 est.
1528 2264 1611 2296 Eum

938 2318 1069 2348 celebrat
1087 2317 1294 2358 frequentia;
1318 2324 1436 2356 magna
1459 2319 1611 2356 cognato-

939 2377 1021 2403 rum,
1052 2366 1237 2401 amicorum,
1260 2364 1413 2395 clientum
1439 2362 1613 2394 multitudo

939 2416 1064 2448 honoris
1085 2426 1184 2447 causa
1204 2414 1349 2451 deducit,
1365 2419 1421 2445 aut
1442 2412 1613 2445 comitatur

939 2466 973 2498 in
997 2466 1110 2503 forum,
1126 2472 1159 2497 et
1179 2464 1253 2496 inde
1277 2463 1419 2500 domum,
1445 2463 1500 2505 qui
1523 2463 1612 2495 dice-

940 2517 1056 2548 bantur
1073 2518 1105 2547 in
1122 2515 1218 2558 afficio
1238 2522 1312 2558 togae
1327 2515 1428 2545 virilis
1441 2523 1522 2545 esse.
1564 2513 1615 2544 Ea

941 2566 1119 2609 frequentia
1154 2565 1188 2596 id
1223 2565 1291 2596 sine
1327 2562 1528 2596 incommodo
1555 2573 1614 2594 suo

941 2617 1079 2648 maxime
1105 2622 1244 2659 tempore
1263 2615 1411 2647 ludorum
1430 2613 1535 2645 facere
1556 2623 1613 2655 po·

941 2672 1034 2698 terat.
1081 2667 1190 2698 Verba
1214 2666 1273 2697 Sed
1296 2665 1489 2696 Dis—honos
1513 2662 1615 2694 obiter

941 2721 1078 2754 tantum,
1093 2725 1125 2748 et
1143 2717 1235 2759 quasi
1255 2726 1312 2758 per
1334 2713 1537 2757 parenthesin
1556 2712 1614 2744 ad—

941 2764 1022 2797 dita.
