1830 3220
623 166 976 210 FASTORUM
1010 168 1132 210 LlB.
1168 169 1260 210 ΙΙΙ.
1570 172 1654 214 147

219 283 421 333 Thesea
445 285 710 349 culpabas,
738 285 1078 351 fallacemque
1105 287 1213 352 ipse
1239 288 1484 336 vocabas:

286 361 492 411 Judicio
519 379 703 427 peccas
729 364 927 428 turpius
954 364 1064 429 ipse
1089 372 1193 413 tuo.

220 439 300 489 Ne
326 441 456 490 sciat
481 441 575 490 hoc
603 442 896 506 quisquam,
916 443 1190 508 tacitisque
1216 444 1476 493 doloribus
1504 461 1645 504 urar;

286 518 368 568 Ne
394 520 543 569 toties
569 519 673 569 falli
699 520 857 585 digna
880 521 1038 571 fuisse
1065 529 1229 587 puter.
1546 526 1648 572 490

216 595 485 663 Praecipue
512 599 717 663 cupiam
744 599 898 648 celari
924 599 1142 658 Thesea,
1168 617 1232 650 ne
1256 609 1306 650 te

285 675 590 725 Consortem
616 678 783 742 culpae
809 678 1035 742 gaudeat
1060 695 1174 727 esse
1201 695 1324 726 suae.

215 754 301 812 At,
320 762 460 820 puto,
480 756 754 821 praeposita
779 765 858 805 est
882 756 1040 806 fuscae
1067 757 1191 805 mihi
1213 757 1434 805 candida
1454 757 1644 822 pellex.

284 832 502 882 Eveniat
527 836 713 882 nostris
741 836 976 884 hostibus
1003 837 1086 885 ille
1113 836 1278 884 color!
1546 838 1645 884 494

216 910 353 967 Quid
379 920 550 962 tamen
576 913 671 962 hoc
698 914 884 963 refert?
911 915 1033 963 vitio
1059 914 1153 962 tibi
1179 915 1365 978 gratior
1388 914 1499 979 ipso
1526 921 1622 962 est.

286 989 423 1046 Quid
447 991 608 1040 facis?
646 994 914 1058 amplexus
941 994 1176 1058 inquinat
1198 994 1286 1041 illa
1309 1000 1443 1041 tuos.

218 1068 441 1128 Bacche,
458 1070 612 1119 fidem
641 1079 826 1136 praesta
847 1090 857 1130 ;
888 1088 982 1120 nec
1011 1071 1191 1137 praefer
1211 1072 1470 1120 amoribus
1490 1072 1645 1120 ullam

284 1148 534 1213 Conjugis
561 1150 789 1198 adsuetae
817 1168 1019 1216 semper
1045 1168 1213 1200 amare
1239 1152 1418 1199 virum.

216 1226 483 1291 Ceperunt
507 1235 722 1277 matrem
748 1229 954 1278 formosi
981 1246 1171 1278 cornua
1196 1229 1327 1278 tauri
1350 1248 1359 1287 ;
1545 1231 1643 1277 499

284 1305 374 1355 Me
402 1314 518 1356 tua:
553 1315 604 1355 at
630 1308 710 1356 hic
740 1309 876 1357 laudi
904 1317 1011 1367 est;
1044 1308 1128 1356 ille
1150 1308 1423 1373 pudendus
1451 1304 1608 1356 amo'r.

216 1384 297 1433 Ne
324 1393 522 1443 noceat,
552 1387 691 1451 quod
729 1403 871 1436 amo:
913 1403 1083 1451 neque
1117 1387 1252 1436 enim
1280 1386 1390 1443 tibi,
1422 1385 1645 1441 Bacche,

422 1465 658 1522 nocebat,

283 1542 434 1599 Quod
461 1544 692 1593 flammas
720 1545 866 1593 nobis
892 1545 1058 1594 fassus
1086 1562 1140 1594 es
1168 1545 1279 1610 ipse
1306 1551 1437 1592 tuas.

215 1620 344 1680 Nec,
373 1622 512 1686 quod
539 1640 633 1671 nos
660 1623 780 1679 uris,
806 1624 989 1671 mirum
1009 1623 1164 1672 facis:
1207 1630 1348 1671 ortus
1378 1623 1429 1670 in
1450 1622 1567 1685 igne

284 1699 502 1757 Diceris,
530 1709 582 1749 et
608 1702 771 1766 patria
796 1710 974 1766 raptus
1000 1703 1064 1750 ab
1092 1702 1209 1765 igne
1236 1717 1406 1748 manu.

214 1778 308 1827 Illa
328 1795 423 1843 ego
443 1796 573 1836 sum,
593 1780 674 1827 cui
694 1788 749 1827 tu
777 1779 955 1828 solitus
978 1780 1274 1845 promittere
1301 1779 1503 1826 coelum.
1546 1780 1644 1826 505

282 1857 382 1907 Hei
408 1859 548 1916 mihi,
572 1875 662 1924 pro
688 1859 817 1907 coelo
840 1860 1013 1923 qualia
1038 1859 1173 1907 dona
1199 1858 1330 1907 fero!

215 1937 460 1987 Dixerat:
503 1939 715 1987 audibat
734 1939 1041 2003 jamdudum
1067 1939 1222 1986 verba
1247 1935 1509 2001 querentis

283 2015 451 2075 Liber,
481 2025 537 2065 ut
562 2034 591 2065 a
614 2026 757 2081 tergo
784 2017 912 2066 forte
941 2024 1149 2066 secutus
1176 2022 1300 2064 erat.

972 2126 1145 2169 Pasiphae,
1183 2130 1283 2156 mater
1321 2121 1475 2154 Ariadnae
1515 2119 1646 2157 amavit,

212 2129 287 2160 Non
301 2127 394 2160 video
415 2139 535 2171 quare:
561 2128 659 2164 dolet,
676 2128 761 2170 quod
783 2128 832 2159 bis
855 2127 897 2159 si-

968 2177 1052 2208 unde
1073 2176 1294 2207 Minotaurum
1316 2171 1460 2215 peperit3
1486 2170 1647 2212 Hyginus,

212 2178 331 2210 militer
346 2178 484 2221 decepta
496 2179 563 2221 jam
580 2179 693 2209 iterum
708 2180 811 2209 eadem
828 2189 893 2209 ver-

212 2229 248 2259 ba
273 2228 360 2271 loqui
385 2234 530 2270 cogatur.
581 2228 628 2259 Ne
659 2231 746 2264 sriut,
772 2228 895 2259 utinam

214 2278 274 2310 hoc
291 2288 384 2309 nemo
400 2279 564 2309 resciscat.

258 2330 335 2360 493.
360 2329 412 2360 De
422 2328 527 2372 fuscis
549 2329 638 2360 Indis
653 2328 734 2368 vide>
755 2328 794 2360 ad
821 2329 893 2359 Me-

215 2386 292 2410 tam.
304 2379 349 2410 iv.
366 2380 420 2410 21.
454 2379 589 2410 colorari
608 2386 761 2411 vocantur
778 2380 896 2421 Georg.

214 2429 256 2461 iv.
277 2430 353 2461 293.
393 2429 523 2461 Fuscum
549 2435 657 2461 autem
683 2440 766 2461 nunc
792 2440 825 2460 se
842 2439 894 2459 vo-

214 2486 279 2516 cat,
306 2479 356 2510 vel
377 2478 504 2522 pellicis
530 2479 667 2510 colorem
691 2479 752 2510 sibi
777 2478 895 2510 ironice

213 2530 369 2566 tribuens,
400 2529 450 2560 vel
481 2528 573 2559 illum
594 2529 728 2571 fuscum
759 2529 896 2560 colorem

211 2577 409 2620 intelligens,
435 2589 531 2620 quem
558 2579 676 2610 Noster
702 2580 748 2611 ΙΙ.
773 2578 897 2609 Amorr.

212 2629 256 2661 iv.
273 2629 328 2660 40.
345 2627 446 2659 etiam
463 2629 497 2659 in
512 2629 670 2661 Romanis
691 2628 807 2672 puellis
826 2629 896 2660 lau-

213 2679 280 2712 dat.
328 2678 480 2720 Inquiuat
503 2681 670 2719 amplexus,
692 2686 799 2723 turpes
823 2685 898 2710 sunt

213 2730 282 2772 ejus
298 2729 476 2771 amplexus.

260 2779 338 2811 499.
350 2780 474 2812 Cornua
488 2782 584 2818 ταυτί,
596 2786 706 2812 taurus
718 2780 784 2818 ille,
800 2790 894 2822 quem

967 2227 1034 2258 fab.
1053 2227 1106 2257 40.
1153 2226 1205 2256 De
1220 2224 1363 2265 pudendo
1379 2221 1435 2253 illo
1451 2231 1557 2253 amore
1573 2219 1648 2251 vide

966 2277 1102 2309 Metam.
1119 2275 1186 2306 viii.
1206 2275 1278 2305 132.
1323 2274 1376 2304 De
1401 2272 1542 2303 cornibus
1562 2270 1648 2301 Bac-

967 2326 1020 2358 chi
1050 2326 1173 2357 dictum
1196 2324 1236 2356 ad
1261 2324 1397 2354 Metam.
1422 2321 1465 2353 iv.
1489 2321 1540 2352 19.
1586 2320 1649 2352 Sed

967 2376 1019 2408 hic
1049 2376 1162 2418 incipit
1193 2381 1294 2417 poetae
1333 2371 1497 2414 ingenium
1528 2370 1649 2402 luxuri-

968 2438 1043 2466 are3
1081 2426 1199 2468 cuique
1230 2423 1316 2456 enim
1345 2433 1488 2466 personae
1523 2421 1648 2464 propria

967 2477 1087 2520 ubique
1104 2475 1280 2508 admiscere
1300 2473 1406 2516 gestit.
1452 2472 1544 2503 Idem
1562 2471 1649 2502 valet

967 2527 1008 2558 de
1030 2538 1100 2569 sqq.
1123 2533 1208 2557 ortus
1236 2527 1268 2555 in
1291 2526 1374 2566 igne,
1391 2528 1453 2554 etc.
1500 2520 1649 2564 Respicit

968 2585 1075 2609 autem
1107 2577 1170 2608 fab.
1195 2587 1261 2618 qua
1283 2574 1409 2606 Semele
1437 2572 1523 2609 arsit,
1549 2581 1648 2614 quum

966 2628 1095 2672 Jupiter
1116 2627 1250 2659 fulmine
1275 2630 1416 2657 armatus
1431 2623 1576 2658 intraret,
1592 2621 1647 2652 ille

968 2685 1074 2710 autem
1096 2678 1320 2721 imperfectum
1337 2673 1460 2706 Bacchi
1478 2683 1590 2715 corpus
1606 2681 1645 2702 ex

966 2734 1056 2761 utero
1072 2729 1198 2772 rapnit3
1222 2729 1358 2759 Metam.
1374 2724 1422 2755 iii.
1441 2725 1516 2755 309.
1530 2733 1602 2764 sqq.

1012 2780 1074 2812 507
1096 2790 1167 2821 sqq.
1190 2777 1301 2809 Simile
1320 2776 1507 2818 figmentum
1532 2772 1566 2804 ii.
1581 2772 1644 2804 759
