1830 3220
243 210 300 251 64
638 208 689 249 Ρ.
724 207 942 251 OVIDII
975 206 1261 251 NASONIS

242 326 378 382 Quid
404 325 537 373 volui
563 324 774 373 demens
803 324 974 388 Elegis
1000 325 1259 389 imponere
1285 330 1482 372 tantum

1561 327 1654 372 125

308 403 589 450 Ponderis?
627 403 767 449 heroi
791 418 869 450 res
895 409 1003 450 erat
1027 404 1124 450 ista
1148 402 1312 467 pedis.

243 482 431 529 Sancte
459 480 612 528 Pater
638 480 830 545 patriae,
857 481 950 528 tibi
976 482 1139 546 plebs,
1168 481 1262 528 tibi
1290 480 1447 528 Curia
1470 496 1654 528 nomen

307 558 420 607 Hoc
446 558 615 616 dedit;
649 559 744 606 hoc
771 559 1005 607 dedimus
1032 576 1122 607 nos
1148 559 1240 607 tibi
1266 575 1450 606 nomen
1476 574 1654 622 eques.

240 636 345 685 Res
371 644 541 684 tamen
567 644 682 684 ante
710 637 884 686 dedit:
924 654 1034 685 sero
1061 653 1268 701 quoque
1291 652 1410 684 vera
1433 635 1593 683 tulisti

308 713 556 762 Nomina:
592 714 898 778 jampridem
924 723 978 763 tu
1005 723 1149 780 pater
1174 715 1308 762 orbis
1335 730 1462 762 eras.

1561 715 1655 760 130

240 791 352 840 Hoc
379 799 434 839 tu
460 807 549 856 per
575 799 750 848 terras,
779 793 917 856 quod
945 793 994 840 in
1022 793 1206 840 aethere
1232 791 1435 856 Jupiter
1460 791 1579 848 alto,

308 869 509 917 Nomen
534 869 721 917 habes:
762 869 1024 918 hominum
1049 877 1104 918 tu
1131 877 1288 935 pater,
1317 870 1401 918 ille
1428 869 1612 917 Deum.

240 946 474 1003 Romule,
502 947 782 996 concedas:
821 946 943 995 facit
967 948 1049 995 hic
1076 954 1166 995 tua
1191 963 1376 1010 magna
1400 947 1589 995 tuendo

306 1023 524 1073 Moenia:
565 1032 620 1072 tu
645 1025 859 1073 dederas
884 1025 1213 1073 transilienda
1240 1024 1420 1073 Remo.

285 1193 358 1224 l27.
389 1193 490 1225 Nonis
515 1193 606 1225 Febr.
631 1192 697 1225 sive
724 1192 774 1225 die
798 1194 909 1236 quinto

236 1242 329 1275 Febr.
339 1242 399 1274 An.
411 1244 452 1275 U.
465 1243 505 1274 C.
517 1244 593 1275 752.
604 1243 752 1275 Valerius
768 1244 910 1276 Messala

237 1303 352 1324 nomen
370 1293 476 1324 Putris
493 1293 608 1324 Putriae
623 1293 664 1324 ad
679 1293 861 1335 Augustum
876 1293 908 1324 in

237 1342 328 1374 cui-ia
346 1343 462 1374 detulit
477 1342 525 1373 his
541 1342 644 1374 verbis
659 1355 665 1373 z
693 1347 712 1360 ‘⁸
726 1343 862 1374 Senatus
878 1349 908 1375 te

239 1392 439 1424 consentiens
463 1403 546 1423 cum.
571 1393 650 1435 Pop.
676 1393 774 1424 Rom.
799 1403 909 1424 consa-

236 1442 319 1474 lutat
333 1443 449 1474 Patriae
466 1443 629 1474 Patrem.’'
675 1444 807 1474 Sueton.
824 1442 909 1484 Aug.

235 1493 290 1523 58.
339 1493 390 1523 De
407 1498 545 1534 tempore
561 1503 624 1534 quo
641 1492 672 1523 id
690 1493 820 1528 factum,
836 1492 909 1523 vide

236 1542 381 1573 Masson.
405 1542 447 1573 V.
472 1543 516 1573 H.
542 1553 572 1584 p.
597 1543 672 1573 246.
720 1542 783 1573 Nos
813 1554 909 1583 eques,

235 1591 305 1623 scil.
334 1591 478 1633 Equites,
502 1591 577 1633 quia
608 1591 745 1622 Ovidius
772 1602 790 1623 e
817 1598 910 1633 gente

236 1642 387 1683 equestri.
413 1641 559 1673 Gratiam
574 1641 712 1683 Augusti
728 1641 907 1679 meriturus,

238 1702 271 1722 se
287 1702 413 1733 quoque
433 1697 594 1722 memorat.
643 1691 703 1722 Res
719 1698 790 1722 ante
804 1693 908 1730 dedit:

238 1741 347 1783 itaque
364 1747 396 1772 et
412 1741 524 1772 Horat.
540 1741 567 1772 Ι.
584 1740 647 1772 Od.
662 1741 696 1772 ii.
709 1742 767 1780 503
791 1740 844 1772 xii.
857 1743 910 1773 57.

238 1802 310 1822 eum
339 1796 411 1822 ante
441 1790 486 1821 sic
508 1789 648 1821 vocavit.
694 1790 846 1821 Similiter
869 1791 910 1823 de

236 1841 384 1883 Trajano,
413 1839 500 1871 Plin.
530 1850 646 1882 paneg.
675 1841 728 1870 21.
757 1839 910 1882 disputat,

237 1890 291 1922 ubi
307 1891 386 1921 falso
405 1889 544 1925 additur,
561 1893 582 1906 “
595 1889 652 1920 soli
673 1888 814 1921 omnium
836 1900 909 1922 con-

236 1940 308 1981 tigit
325 1939 395 1975 tibi,
414 1946 449 1970 ut
471 1945 560 1981 pater
578 1939 688 1981 patriae
712 1949 796 1970 esses
820 1946 908 1979 ante,

238 1999 334 2030 quam
360 1988 485 2020 fieres-’³
534 1989 595 2019 Res
617 1994 724 2019 autem
748 1988 808 2019 nisi
835 1996 909 2021 ante

237 2038 327 2069 dedit
346 2037 551 2068 honorificum
573 2048 700 2074 nomen,
717 2048 803 2070 mera
820 2039 852 2070 in
873 2050 909 2070 eo

237 2093 284 2119 est
313 2087 466 2118 adulatio.
513 2086 651 2126 Jupiter,
682 2093 810 2118 auctore
841 2089 908 2119 Ho-

238 2137 329 2172 ratio,
346 2147 437 2168 curru
453 2136 618 2178 quatiebat
634 2136 819 2179 Olympum,
836 2138 908 2169 Cae-

236 2197 288 2218 sar
302 2186 402 2217 latum
417 2187 523 2217 orbem
539 2186 678 2227 regebat.
715 2186 776 2217 Sed
793 2187 909 2220 Noster

238 2237 271 2267 id
287 2235 537 2267 accommodavit
553 2236 670 2268 nomini
687 2236 796 2267 Pater.

287 2287 358 2317 133.
376 2286 555 2322 Coucedere,
573 2286 696 2321 cedere,
712 2286 846 2328 priorem
862 2287 908 2318 lo-

238 2347 313 2367 cum
336 2335 526 2376 relinquere.
574 2335 688 2366 Moenia
710 2335 743 2366 in
763 2334 905 2377 dilogia;

238 2396 311 2417 nam
339 2390 372 2416 et
400 2385 522 2420 urbem,
548 2390 580 2415 et
604 2395 709 2416 muros
736 2385 906 2427 significat.

238 2437 375 2467 Dederus
389 2435 589 2465 transilienda
605 2434 778 2475 eleganter,
794 2434 838 2465 ita
853 2445 907 2466 ex·

236 2490 402 2520 struxerat,
437 2489 471 2514 ut
504 2483 558 2514 ille
597 2483 751 2514 transilire
787 2490 904 2526 posset.

237 2537 347 2571 Sensit,
373 2534 489 2565 damno
510 2544 567 2564 suo
591 2539 740 2575 expertus
766 2539 814 2564 est
839 2534 907 2576 ejus

236 2584 462 2617 fortitudinem.
479 2583 562 2614 Vide
575 2593 631 2613 nos
643 2583 683 2614 ad
697 2582 780 2613 Ptin.
790 2594 906 2625 paneg.

236 2635 300 2667 xvi.
313 2636 344 2666 5.
367 2632 542 2664 Romulum
558 2632 657 2663 sensit
674 2630 791 2668 Tatius,
806 2643 904 2674 quum

235 2686 317 2716 inter
336 2682 520 2714 Palatinum
536 2688 568 2712 et
590 2681 806 2724 Capitolinum
829 2682 904 2713 Col-

234 2735 298 2765 lem
315 2731 437 2767 Sabini,
454 2741 587 2773 quorum
602 2731 783 2772 metropolis
799 2730 905 2767 Cures,

235 2781 348 2826 proelio
371 2779 587 2812 funderentur.
636 2780 824 2811 Caeninenses
842 2780 904 2811 levi

1559 1027 1651 1072 134

977 1193 1150 1225 certamine
1169 1192 1290 1229 docuit,
1307 1203 1422 1224 vanam
1443 1192 1511 1224 sine
1537 1192 1654 1224 viribus

976 1254 1044 1275 esse
1057 1244 1149 1275 iram.
1200 1243 1371 1284 Utrumque
1387 1243 1477 1279 latus,
1491 1248 1573 1274 terra
1587 1252 1653 1273 me-

976 1293 1140 1324 ridionalis
1170 1299 1201 1324 et
1231 1291 1508 1334 septemtrionalis.
1555 1291 1652 1334 Apud

978 1343 1090 1374 Horat.
1105 1343 1133 1373 I.
1149 1342 1212 1374 Od.
1227 1342 1306 1374 xxii.
1323 1343 1374 1374 19.
1393 1344 1474 1373 latus
1490 1343 1598 1373 mundi
1612 1342 1652 1373 de

978 1392 1074 1435 plaga
1098 1392 1229 1424 boreali.
1278 1392 1488 1429 Claudianus,
1504 1404 1560 1423 xx.
1577 1393 1653 1423 242.

978 1445 1115 1474 australe
1132 1445 1224 1474 latus.
1262 1443 1397 1475 Lenzius
1413 1449 1535 1485 partem
1550 1443 1651 1474 orien—

979 1494 1074 1525 talem
1088 1501 1119 1525 et
1131 1493 1361 1525 occidentalem
1372 1493 1534 1535 intelligit.
1553 1493 1652 1535 Equi-

979 1543 1051 1574 dem
1077 1550 1197 1586 putem,
1222 1549 1324 1575 ortum
1352 1550 1384 1575 et
1405 1553 1553 1574 occasum
1578 1542 1653 1575 solis

979 1603 1041 1624 non
1070 1594 1151 1624 bene
1184 1593 1251 1635 ejus
1282 1594 1379 1624 lutera
1411 1591 1486 1624 dici.
1542 1592 1652 1629 Breve,

979 1642 1141 1684 exiguum,
1154 1648 1190 1673 ut
1202 1644 1299 1673 breuis
1313 1653 1426 1678 seusus,
1439 1643 1524 1673 breve
1533 1643 1655 1682 pondus

979 1692 1064 1735 apud
1079 1692 1192 1723 Horat.
1234 1693 1450 1733 Quodcumque
1464 1692 1651 1724 est—hahet.

980 1742 1030 1773 Cf.
1046 1742 1068 1773 i.
1086 1743 1127 1773 85
1143 1752 1216 1784 sqq.
1266 1742 1353 1772 Duce
1368 1753 1407 1773 se.
1435 1742 1551 1772 Ducem
1568 1752 1652 1773 nunc

978 1790 1063 1823 varie
1078 1791 1335 1834 interpretantur.
1359 1791 1445 1822 Dan.
1460 1791 1573 1823 Heius.
1586 1791 1652 1822 Im·

978 1847 1166 1883 peratorem,
1182 1841 1342 1873 Caesarem
1364 1840 1524 1883 intelligit.
1571 1841 1653 1872 Bur-

979 1901 1065 1922 man.
1082 1891 1168 1933 capit
1183 1901 1220 1922 eo
1234 1902 1342 1928 sensu,
1358 1901 1420 1933 quo
1435 1901 1544 1922 omnes
1559 1890 1651 1922 Prin-

978 1941 1065 1983 cipes
1094 1940 1205 1972 duces.
1253 1941 1361 1972 Potest
1384 1951 1453 1972 esse
1478 1947 1510 1972 et
1535 1940 1572 1977 is,
1595 1941 1650 1983 qui

977 1991 1124 2033 exemplo
1139 2001 1196 2021 suo
1213 1991 1316 2032 praeit.
1363 1990 1528 2032 Augustus
1543 1996 1649 2023 autem

977 2040 1105 2071 Italiam
1117 2040 1254 2071 moribus
1266 2039 1399 2076 ornavit,
1407 2039 1532 2082 legibus
1543 2050 1650 2072 emen—

976 2089 1083 2121 davit:
1125 2096 1221 2121 antea
1253 2089 1360 2120 nullus
1390 2089 1514 2131 legibus
1546 2089 1649 2122 locus.

977 2140 1087 2171 Horat.
1102 2140 1149 2170 ΙΙ.
1165 2139 1267 2182 Epist.
1282 2139 1304 2170 i.
1318 2140 1351 2170 2.
1381 2139 1483 2171 Tacit.
1499 2139 1563 2171 An.
1579 2139 1602 2171 i.
1614 2141 1648 2172 9.

978 2189 1048 2220 Hoc
1064 2189 1189 2220 nomine
1205 2189 1239 2220 in
1254 2188 1362 2230 primis
1377 2188 1570 2221 laudabatur
1583 2190 1651 2232 ejus

976 2238 1139 2269 saeculum.
1189 2238 1228 2269 In
1246 2240 1313 2269 luco
1328 2238 1407 2281 asyli
1423 2238 1519 2270 etiam
1535 2239 1651 2281 nefarii

976 2287 1120 2319 homines
1148 2288 1391 2330 recipiebantur.
1437 2289 1553 2320 Verbis
1581 2291 1650 2321 sub-

976 2344 1070 2368 movet
1086 2338 1171 2378 uefas
1182 2337 1318 2368 Lenzius
1332 2342 1425 2379 putat
1441 2336 1555 2380 respici
1571 2338 1650 2371 forte

976 2386 1079 2428 legem
1105 2386 1287 2429 quamdam,
1312 2397 1375 2428 qua
1397 2387 1562 2427 Augustus
1584 2387 1649 2420 vim

976 2436 1134 2477 asylorum
1153 2435 1336 2466 coercuerit.
1382 2436 1445 2467 Sed
1463 2435 1523 2467 hoc
1544 2437 1650 2479 potius

974 2485 1050 2516 fecit
1075 2485 1222 2516 Tiberius
1236 2497 1244 2524 ;
1278 2486 1407 2517 Sueton.
1433 2487 1486 2517 37.
1530 2487 1647 2529 Neque

975 2535 1130 2566 antitheta
1160 2535 1191 2565 h.
1218 2535 1240 2566 1.
1269 2534 1363 2566 nimis
1393 2536 1534 2578 urgenda
1562 2543 1648 2568 sunt.

976 2585 1102 2615 Domini
1119 2595 1233 2616 nomen
1247 2593 1342 2627 poeta
1355 2585 1434 2617 forte
1448 2585 1538 2617 dedit
1548 2597 1645 2629 oppo-

974 2634 1096 2673 sitioni3
1129 2634 1162 2665 id
1191 2634 1275 2665 enim
1305 2634 1384 2666 adeo
1413 2635 1549 2666 invisum
1578 2643 1646 2668 erat

973 2683 1085 2725 priscis
1099 2684 1265 2720 Romanis,
1275 2690 1311 2715 ut
1325 2695 1365 2715 ne
1380 2691 1502 2726 patrem
1516 2684 1644 2727 quidem

973 2733 1102 2764 familiae
1127 2744 1287 2765 servorum
1314 2733 1476 2765 dominum
1501 2734 1646 2776 appella-

973 2789 1042 2814 rent
1052 2794 1063 2822 ;
1085 2793 1188 2825 neque
1204 2793 1237 2814 se
1254 2783 1412 2815 Romulus
1433 2789 1468 2815 ut
1482 2783 1643 2815 dominum
