1809 3220
204 161 290 202 418

540 162 631 204 ΑΙ)
665 162 904 205 LIVIAM
939 163 1303 207 AUGUSTAM

210 277 276 326 Et
301 280 573 343 quisquam
604 280 744 343 leges
772 281 927 329 audet
953 281 1043 329 tibi
1069 282 1239 330 dicere
1265 283 1457 332 flendi?

277 357 345 405 Et
371 358 647 422 quisquam
677 360 909 408 lacrimas
935 369 1187 425 temperat
1212 378 1297 410 ore
1325 363 1474 410 tuas?

208 435 307 484 Hei
345 436 496 484 mihi!
536 453 691 502 quam
724 438 872 487 facile
911 446 1006 495 est,
1042 441 1274 502 quamvis
1307 440 1389 489 hic
1427 441 1642 505 contigit

412 531 607 572 omnes,

274 591 500 641 Alterius
527 595 668 642 luctu
696 594 843 643 fortia
866 596 1024 643 verba
1049 595 1218 659 loqui!
1581 600 1642 645 10

211 670 421 719 Scilicet
446 672 633 736 exiguo
661 690 905 738 percussa
930 692 984 722 es
1012 674 1239 723 fulminis
1267 674 1400 734 ictu3

278 748 475 798 Fortior
501 758 556 799 ut
582 752 747 817 possis
774 753 1007 801 cladibus
1034 770 1147 802 esse
1174 753 1292 803 tuis.

211 826 418 876 Occidit
443 831 737 896 exemplum
759 832 962 895 juvenis
989 833 1277 881 venerabile
1304 849 1517 888 morum,

276 906 537 956 Maximus
565 910 648 958 ille
676 911 845 967 armis,
876 911 1128 959 maximus
1155 912 1240 959 ille
1266 920 1400 976 toga.

210 983 303 1033 Ille
329 987 480 1035 modo
507 988 695 1052 eripuit
720 989 1000 1038 latebrosas
1028 990 1260 1037 hostibus
1287 990 1465 1055 Alpes,
1579 994 1638 1039 15

280 1062 346 1111 Et
370 1066 572 1113 titulum
599 1067 719 1115 belli
747 1068 870 1125 dux,
899 1069 1029 1116 duce
1057 1067 1227 1123 fratre,
1255 1068 1390 1115 tulit.

250 1260 279 1296 7,
298 1261 330 1291 8.
364 1260 405 1292 Ει
427 1265 583 1303 quisquam
613 1266 692 1306 leges
717 1267 810 1296 audet
834 1267 888 1296 tibi

203 1311 443 1353 dicereflendi]
495 1313 576 1350 Quis
592 1315 624 1345 in
647 1321 734 1346 tanto
758 1321 888 1358 tamque

200 1359 288 1400 justo
312 1360 430 1398 dolore,
445 1363 550 1403 flendi
576 1364 705 1395 modum
734 1371 789 1396 aut
813 1367 890 1408 leges

205 1409 322 1441 audeat
337 1411 395 1442 tibi
412 1412 608 1455 praecipere?
653 1415 889 1448 Eodem-animi

206 1459 325 1492 affectu
357 1461 469 1494 Horat.
499 1464 539 1495 ad
573 1464 687 1505 Virgil.
717 1465 757 1496 de
788 1472 888 1498 morte

206 1509 376 1547 Quinctilii
389 1511 480 1549 Vari,
495 1513 552 1545 lib.
567 1513 586 1544 i.
605 1514 670 1545 Od.
684 1516 747 1545 24:
774 1520 794 1533 “
807 1516 888 1553 Quis

204 1558 362 1591 desiderio
391 1561 433 1592 sit
459 1562 562 1604 pudor
588 1571 643 1595 aut
669 1565 783 1596 modus
807 1566 886 1597 Tam

205 1609 272 1640 cari
296 1610 664 1652 capitisl'’-—Notanda
684 1614 715 1645 in
741 1616 887 1657 sequenti

203 1658 322 1691 locutio
356 1661 425 1693 haec
457 1664 600 1695 lacrimas
628 1676 678 1696 ore
708 1672 886 1706 temperare,

207 1710 293 1751 quod
310 1710 406 1748 idem,
424 1723 460 1743 ae
477 1714 582 1745 verbis
596 1716 816 1748 consolatoriis
832 1716 887 1748 do-

204 1758 302 1791 lorem
321 1761 456 1805 alicujus
472 1763 672 1796 imminuere.
709 1766 794 1798 Hinc
810 1777 887 1798 sane

203 1808 336 1847 Statius,
362 1812 440 1843 Silv.
468 1813 548 1844 libro
576 1826 607 1845 v.
635 1815 743 1847 Carm.
769 1828 798 1847 v.
825 1818 884 1848 60:

201 1863 223 1877 ¹³
249 1883 256 1891 .
270 1883 277 1890 .
291 1883 298 1890 .
313 1861 377 1898 Qui
401 1862 508 1895 dicere
530 1863 635 1907 legem
659 1865 814 1903 Fletibus,
832 1873 888 1898 aut

203 1910 280 1942 fines
298 1912 396 1944 audet
410 1924 538 1946 censere
554 1915 718 1947 dolendi.'’

247 1961 279 1997 9,
308 1963 360 1993 10.
391 1963 453 1994 Hei
477 1965 573 1996 mihi!
599 1978 689 2007 quum
704 1966 809 2009 facile
832 1974 888 2003 est,

205 2012 343 2043 Alterius
382 2015 469 2045 luctu
494 2015 599 2055 fortia
640 2018 728 2047 verba
760 2018 839 2058 loqui
853 2017 882 2059 !]

205 2060 289 2092 Hinc
312 2072 385 2094 vere
404 2069 434 2094 et
452 2064 635 2097 humaniter
652 2066 812 2098 Charinus
831 2067 886 2099 ille

203 2110 288 2153 apud
303 2111 435 2144 Terent.
450 2114 537 2145 And.
552 2115 586 2146 ii.
603 2116 655 2147 Sc.
669 2115 690 2146 i.
702 2116 745 2147 ix.
759 2129 765 2147 ε
792 2122 812 2134 ‘¹
825 2117 886 2149 Fa-

204 2159 265 2192 cile
281 2171 401 2200 omnes,
418 2174 516 2206 quum
534 2164 691 2202 valemus,
709 2174 796 2198 recta
811 2178 886 2199 con-

203 2210 274 2242 silia
303 2213 430 2254 aegrotis
452 2213 585 2253 damus3
616 2216 677 2253 Tu,
704 2216 729 2247 si
754 2216 805 2249 hic
832 2217 885 2254 sis,

203 2259 295 2292 aliter
311 2262 430 2294 sentias
444 2264 478 2293 !”

250 2312 302 2342 11.
329 2313 450 2345 Scilicet
474 2317 594 2357 exiguo,
617 2317 696 2358 etc.]
724 2316 776 2348 Sic
798 2316 884 2348 enim

204 2366 310 2392 tecum
334 2361 398 2399 isti,
419 2363 458 2395 de
480 2365 596 2406 quibus
618 2365 731 2397 modo:
759 2377 822 2397 non
845 2377 884 2398 ea

201 2416 260 2448 est,
275 2421 372 2454 quam
394 2414 557 2456 experiris,
569 2416 708 2457 jactura,
725 2427 796 2459 quae
813 2417 880 2448 ani-

203 2471 289 2492 mum
306 2462 503 2504 gravioribus
517 2472 679 2497 servatum
691 2467 882 2499 calamitati-

203 2513 263 2543 bus
278 2523 378 2556 usque
396 2513 475 2545 adeo
490 2514 606 2547 debeat
622 2517 772 2559 affligere.

250 2564 301 2595 13.
329 2563 450 2595 Occidit
471 2568 783 2607 exemplumjuvenis,
803 2568 882 2609 etc.]

204 2613 278 2644 Non
296 2613 499 2646 consentiunt
514 2614 594 2647 inter
610 2627 643 2647 se
660 2617 827 2660 scriptores
844 2617 883 2649 de

202 2663 311 2694 mortis
337 2674 451 2706 genere
477 2675 540 2707 quo
564 2665 690 2698 Drusus
717 2668 881 2700 occubuit.

204 2712 313 2745 Livius
336 2713 421 2745 enim
446 2715 584 2758 Epitom.
604 2716 659 2749 lib.
684 2718 771 2749 cxl.:
798 2723 818 2735 ¹·
834 2719 881 2749 Ex

201 2762 354 2801 fractura,
372 2774 454 2806 equo
476 2775 570 2808 super
585 2776 656 2797 crus
676 2766 744 2808 ejus
760 2767 880 2809 collap-

959 1276 1002 1302 SO,
1018 1266 1180 1308 trigesimo
1193 1265 1245 1296 die
1261 1276 1358 1308 quam
1375 1265 1548 1302 acciderat,
1560 1276 1642 1297 mor-

959 1322 1033 1346 tuus
1059 1316 1141 1347 est.''
1188 1316 1329 1347 Confuse
1354 1315 1440 1346 Vell.
1460 1315 1588 1347 Patere.
1607 1315 1641 1347 ii.

959 1366 1018 1396 97:
1038 1370 1058 1383 ¹‘
1069 1365 1166 1397 Illum
1182 1389 1189 1396 .
1204 1389 1210 1396 .
1225 1366 1381 1408 ..fatorum
1394 1367 1553 1407 iniquitas,
1565 1376 1641 1397 con-

959 1417 1074 1452 sulem,
1106 1421 1253 1458 agentem
1285 1426 1403 1447 annum
1433 1415 1641 1453 tricesimum,

959 1466 1096 1509 rapuit.’'
1144 1467 1299 1509 Apertius
1323 1477 1405 1503 vere,
1429 1472 1462 1497 et
1486 1466 1558 1508 quis
1581 1466 1642 1498 scit

959 1526 998 1547 an
1024 1527 1085 1547 non
1112 1516 1228 1552 verius,
1246 1516 1332 1548 Suet.
1350 1517 1381 1547 iu
1399 1516 1515 1548 Claud.
1531 1516 1552 1547 i.
1569 1527 1642 1548 nar·

958 1573 1024 1597 rat:
1051 1573 1072 1584 ‘⁴
1093 1567 1273 1598 Nonnullos
1297 1567 1421 1598 tradere
1450 1578 1543 1599 ausos
1571 1578 1640 1599 sus-

957 1624 1087 1659 pectum
1113 1628 1185 1648 eum
1209 1617 1369 1659 Augusto,
1393 1624 1641 1660 revocatumque

957 1677 994 1697 ex
1027 1666 1215 1709 provincia:
1254 1674 1286 1698 et
1315 1667 1392 1709 quia
1424 1672 1641 1704 cunctaretur,

957 1728 1069 1748 veneno
1098 1716 1341 1758 interceptum.’'
1398 1717 1459 1749 Cui
1489 1728 1564 1749 vero
1601 1728 1640 1749 ex

956 1766 1034 1803 illis,
1065 1778 1137 1810 quae
1173 1768 1314 1803 sentiret,
1354 1767 1470 1809 profari
1507 1767 1641 1805 licebat,

956 1823 1122 1859 grassante
1152 1818 1254 1860 magis
1280 1828 1318 1848 ac
1346 1817 1449 1859 magis
1479 1819 1640 1859 regnanti-

956 1868 1016 1899 bus
1033 1868 1218 1900 assentandi
1235 1867 1394 1900 libidine?

1004 1920 1054 1950 14.
1083 1919 1237 1950 Mairz'mus
1249 1918 1513 1960 illea1·mis.etc.]
1540 1918 1639 1951 “Cu-

951 1969 1006 2011 jus
1021 1969 1198 2011 ingenium,
1212 1967 1336 2011 (inquit
1348 1968 1507 2004 Velleius,
1519 1968 1554 2000 ii.
1565 1968 1638 2010 97.)

956 2026 1061 2050 utrum
1083 2019 1209 2050 bellicis
1233 2018 1335 2062 magis
1359 2018 1517 2061 operibus,
1534 2029 1575 2050 an
1595 2018 1641 2050 ci-

957 2069 1074 2100 vilibus
1104 2068 1266 2100 suffecerit
1296 2069 1430 2104 artibus,
1458 2068 1490 2099 in
1520 2068 1641 2101 incerto

956 2119 1042 2150 est.”
1089 2118 1325 2161 Proximeque:
1358 2119 1525 2150 “Morum
1553 2125 1640 2151 certe

956 2169 1097 2201 dulcedo
1113 2180 1151 2201 ae
1167 2168 1322 2205 suavitas,
1340 2175 1372 2201 et
1388 2169 1541 2200 adversus
1559 2169 1640 2200 ami-

957 2230 1010 2251 cos
1033 2230 1126 2262 aequa
1150 2230 1186 2251 ac
1208 2229 1264 2262 par
1280 2219 1329 2250 sui
1347 2218 1516 2251 aestimatio
1531 2219 1638 2251 iuimi-

956 2270 1064 2301 tabilis
1081 2269 1178 2301 fuisse
1194 2269 1349 2301 dicitur.'’

1003 2321 1053 2352 16.
1079 2321 1120 2351 Et
1142 2322 1271 2351 titulum
1291 2321 1362 2352 belli
1384 2323 1458 2358 dux,
1475 2321 1639 2364 ducefra-

956 2377 1012 2406 tre,
1045 2369 1149 2411 tulit]
1190 2370 1297 2402 Verbo
1332 2370 1463 2414 quidem
1491 2370 1641 2403 Tiberius

954 2421 1060 2457 frater,
1085 2425 1119 2451 ut
1143 2419 1203 2462 qui
1223 2425 1300 2452 natu
1324 2421 1437 2464 major,
1461 2422 1524 2452 dux
1547 2431 1638 2453 exer-

953 2470 1060 2510 citus3
1083 2470 1138 2502 sed
1155 2481 1229 2502 vere
1249 2470 1314 2502 dux
1338 2470 1405 2508 ille,
1422 2470 1478 2514 qui
1499 2471 1639 2503 ducebat

953 2520 993 2551 ad
1019 2519 1198 2556 victoriam,
1220 2519 1332 2563 sicque
1360 2522 1502 2559 titulum,
1522 2520 1556 2552 id
1577 2527 1636 2558 est,

953 2570 1081 2602 laudem
1099 2581 1224 2602 omnem
1241 2572 1312 2601 belli
1324 2570 1420 2614 hujus
1435 2571 1520 2602 tulit.
1559 2570 1637 2603 vid.

954 2620 1031 2652 Dio.
1055 2620 1144 2652 Cass.
1165 2620 1219 2652 liv.
1240 2627 1272 2652 et
1288 2621 1375 2653 Veli.
1397 2621 1525 2653 Patere.
1545 2621 1636 2665 cujus

954 2670 1021 2701 haec
1051 2676 1125 2701 sunt
1154 2671 1273 2702 verba:
1309 2670 1505 2714 “Adjutore
1533 2670 1636 2713 operis

952 2718 1028 2751 dato
1066 2719 1160 2751 fratre
1198 2719 1297 2762 ipsius
1338 2720 1493 2762 (Tiberii)
1524 2720 1632 2752 Druso

953 2769 1124 2801 Claudio.”
