1830 3220
564 172 765 215 FASTO
773 172 915 215 RUM
950 173 1071 216 LIB.
1106 174 1162 215 V.

1483 178 1570 220 273

146 287 194 335 N
199 304 264 335 on
290 288 402 345 sibi,
431 289 707 352 respondit,
737 289 888 337 silvas
914 291 1148 348 cessisse,
1177 292 1269 340 sed
1295 292 1482 351 hortos,

209 365 446 430 Arvaque
473 366 692 430 pugnaci
719 383 820 413 non
847 367 1082 415 adeunda
1105 368 1241 417 ferae.

144 442 330 491 Omnia
354 444 582 491 finierat:
625 452 803 492 tenues
831 447 1044 493 secessit
1069 447 1119 493 in
1146 464 1321 496 auras:

1465 450 1564 496 375

211 521 406 569 Mansit
431 522 583 580 odor;
627 538 806 586 posses
833 524 960 571 scire
987 524 1144 573 fuisse
1170 527 1335 574 deam.

143 599 346 648 Floreat
371 608 425 648 ut
448 607 556 648 toto
582 617 787 648 carmen
818 601 1039 650 Nasonis
1066 603 1116 650 in
1142 620 1263 659 aevo,

213 677 424 742 Sparge,
452 695 646 743 precor,
675 680 820 727 donis
847 689 1055 744 pectora
1082 692 1252 730 nostra
1277 683 1395 730 tuis.

144 755 338 804 NOCTE
366 757 532 805 minus
560 766 741 821 quarta
767 767 964 823 promet
990 777 1083 807 sua
1110 761 1277 808 sidera
1304 760 1497 808 Chiron

213 835 443 892 Semivir,
472 842 523 883 et
547 836 662 884 flavi
690 853 900 902 corpore
924 838 1115 886 mixtus
1142 839 1278 902 equi.

141 1007 327 1050 elephantos
366 1009 568 1040 funambulos
595 1009 732 1041 edidit.’'
781 1010 819 1040 In

143 1059 227 1089 circo
249 1065 357 1090 autem
374 1059 557 1090 venationes
579 1070 647 1090 esse
666 1059 768 1090 editas
788 1066 821 1091 et

141 1108 269 1139 aliunde
287 1114 429 1147 constat;
453 1108 621 1140 Suetonius
638 1109 741 1150 Calig.
762 1110 818 1140 18:

139 1162 160 1175 ‘¹
174 1158 284 1190 Edidit
298 1165 330 1190 et
346 1159 525 1195 Circenses,
540 1159 709 1202 interjecto
726 1159 820 1190 modo

141 1208 364 1240 Africanarum
381 1210 548 1240 venatione
565 1209 596 1248 ;'’
619 1209 737 1240 Claud.
755 1211 793 1240 21
811 1223 816 1240 :

141 1261 163 1274 “
178 1258 321 1299 permisit
343 1258 541 1290 Circensium
565 1258 668 1301 gratia
693 1259 819 1291 Africa-

141 1318 200 1339 nas
215 1308 413 1350 importari.'’
450 1309 528 1339 Rete
543 1319 599 1351 pro
615 1311 684 1341 reti.
733 1310 819 1341 Ferae

141 1357 173 1388 in
198 1368 293 1389 arena
316 1358 361 1389 ita
385 1358 599 1398 agitabantur,
625 1364 660 1389 ut
684 1359 715 1389 in
740 1359 820 1390 retia

140 1407 358 1446 incurrereut3
384 1407 521 1444 Plinius,
541 1408 702 1450 Panegyr.
718 1408 818 1440 lxxxi.

143 1458 174 1488 3.
190 1456 271 1488 seras
286 1461 404 1488 emissus
420 1459 565 1499 colligere
581 1457 672 1489 dixit.
720 1458 820 1489 Silvas

141 1509 266 1543 cessisse,
295 1514 329 1539 ut
365 1508 448 1539 Met.
482 1509 526 1539 iv.
559 1509 637 1539 532.
665 1507 819 1550 Neptuno

137 1559 276 1597 proxima
313 1559 384 1589 cerlo
421 1559 507 1589 cessit
538 1564 679 1598 potesta&
727 1558 820 1590 Flora

141 1614 244 1639 tenues
260 1612 374 1639 secessit
396 1611 429 1639 in
445 1619 550 1645 auras,
568 1614 604 1639 ut
620 1607 754 1639 AEneid.
772 1609 817 1640 ix.

141 1657 216 1688 657.
232 1657 347 1700 Apollo
359 1660 391 1689 in
406 1664 526 1689 tenuem
537 1670 571 1689 ex
585 1659 681 1689 oculis
693 1661 820 1690 evanuit

141 1718 270 1745 auram;
295 1713 340 1744 et,
364 1714 400 1739 ut
419 1707 551 1739 dearum
574 1718 672 1739 comae
695 1713 750 1738 aut
772 1712 818 1738 to-

140 1763 208 1788 tum
224 1768 337 1800 corpus
348 1758 491 1789 divinum
503 1757 674 1800 quemdam
690 1757 819 1788 odorem

139 1806 259 1849 spirare
283 1807 438 1844 solebant,
464 1807 508 1838 sic
533 1807 637 1843 Flora,
664 1807 755 1849 cujus
774 1807 819 1838 lo-

140 1858 268 1899 quentis
283 1868 322 1888 ex
341 1869 393 1889 ore
409 1868 487 1888 rosae
504 1858 646 1894 exibant,
663 1868 727 1888 ver.
748 1858 819 1889 194.

140 1907 253 1938 merito
268 1907 380 1938 florum
403 1909 520 1938 odorem
540 1907 709 1949 reliquisse
728 1907 819 1949 fingi—

141 1962 203 1988 tur.
250 1957 386 1994 Floreat,
402 1963 467 1988 etc.
485 1963 595 1999 aptum
612 1963 731 1993 votum,
743 1958 820 1999 quia

139 2007 260 2044 omnia,
279 2007 395 2049 quibus
416 2008 472 2038 flos
494 2006 590 2038 tribui
614 2008 703 2044 solet,
726 2007 819 2049 hujus

140 2057 209 2089 deae
248 2058 377 2089 arbitrio
415 2058 561 2100 subjecta
595 2064 680 2089 sunt.
728 2059 818 2089 Dona

138 2109 239 2139 Florae
269 2115 342 2140 sunt
379 2111 497 2140 deliciis
532 2115 605 2148 apta
634 2119 701 2140 ver.
732 2109 817 2148 3343

137 2158 274 2190 Lenzius
290 2158 467 2201 juvenilem
491 2158 601 2190 florem
621 2165 653 2190 et
678 2158 818 2201 vigorem

138 2207 304 2250 intelligit.

184 2258 371 2289 379—414.
411 2258 444 2289 V.
476 2258 651 2295 Nonarum,
684 2260 745 2289 sive
770 2261 819 2290 die

140 2309 240 2344 tertio,
259 2307 435 2338 Centaurus
449 2309 563 2339 oritur.
614 2308 692 2350 Ejus
708 2308 819 2339 sideris

137 2357 226 2399 origo
246 2364 400 2393 narratur,
422 2363 458 2389 ut
482 2357 545 2394 hic,
570 2357 615 2388 ita
633 2363 666 2388 et
685 2358 725 2389 ab
747 2358 816 2400 Hy-

138 2408 224 2449 gino,
255 2407 376 2438 Poetic.
410 2407 543 2438 Astron.
575 2407 607 2438 ii.
641 2409 697 2438 38.
744 2408 818 2439 Fuit

139 2457 259 2488 Chiron
281 2456 461 2489 Centaurus
486 2462 627 2499 tempore
649 2457 817 2498 Argonau-

139 2513 253 2544 tarum,
271 2507 452 2548 multosque
477 2507 592 2538 artium
612 2517 740 2537 suarum
761 2507 816 2538 ha-

140 2557 209 2588 buit
232 2556 416 2599 discipulos,
445 2555 478 2586 in
508 2557 625 2599 quibus
650 2556 816 2596 Achilles3

140 2607 290 2639 Clemens
326 2607 425 2638 Alex.
456 2607 570 2638 Strom.
605 2607 628 2637 i.
669 2619 700 2649 p.
740 2608 817 2639 360.

140 2657 238 2688 Nocte
265 2659 366 2688 minus
392 2663 517 2698 quarta,
549 2663 642 2688 nocte
675 2657 769 2688 tertia
799 2668 818 2689 a

141 2707 312 2738 Kalendis,
341 2707 480 2745 Semivir,
496 2712 528 2738 et
543 2707 678 2738 Metam.
691 2707 726 2738 ii.
739 2708 816 2740 633.

141 2757 262 2800 semifer
274 2770 286 2795 ,·
316 2757 393 2789 alibi
409 2758 503 2789 etiarn
517 2760 659 2800 geminus
675 2764 706 2789 et
722 2759 816 2800 bifor—

188 2807 290 2839 VOL.
309 2808 353 2839 V.

1467 840 1567 885 380

890 1013 944 1041 mis
959 1016 1089 1041 vocatur
1106 1010 1146 1041 ob
1163 1016 1308 1041 naturam
1325 1010 1568 1041 Centaurorum.

889 1060 941 1090 De
963 1071 999 1091 eo
1022 1065 1070 1091 est
1092 1060 1180 1091 locus
1202 1059 1355 1091 classicus
1380 1066 1412 1091 et
1435 1059 1476 1090 ad
1497 1059 1566 1091 haec

891 1116 995 1140 nostra
1011 1109 1222 1151 intelligenda
1243 1109 1428 1152 aptissimus
1447 1109 1567 1152 Orphei

889 1159 921 1189 in
944 1159 1064 1201 Argon.
1083 1160 1146 1191 375
1165 1171 1236 1202 sqq.
1267 1160 1317 1191 Ibi
1334 1159 1450 1190 Peleus
1466 1159 1567 1201 Argo-

890 1209 995 1240 nautis
1018 1209 1156 1240 ostendit
1181 1210 1291 1241 Pelion
1316 1210 1510 1246 umbrosum,
1536 1209 1569 1240 in

889 1259 981 1301 cujus
1015 1259 1093 1301 jugo
1131 1259 1235 1291 medio
1280 1266 1408 1290 antrum
1452 1259 1571 1290 habeat

890 1308 1224 1350 Chir0n‚justissimus
1244 1310 1487 1346 Centaurorum,
1513 1309 1567 1352 qui

889 1365 921 1389 et
950 1359 1067 1390 morbis
1097 1359 1248 1390 sanandis
1277 1369 1404 1401 operam
1440 1359 1507 1396 det,
1538 1365 1572 1391 et

889 1418 961 1439 mox
997 1408 1151 1440 citharam
1183 1409 1299 1440 Phoebi
1326 1409 1469 1451 pulsans,
1495 1420 1568 1441 mox

889 1457 1078 1500 phorminga
1098 1459 1264 1495 Mercurii,
1282 1457 1395 1490 vicinis
1407 1458 1479 1501 jura
1494 1459 1567 1490 red·

888 1507 954 1544 dat,
972 1508 1198 1551 Achillemque
1216 1519 1348 1551 puerum
1365 1508 1569 1540 educandum

890 1558 1064 1599 acceperit.
1112 1558 1171 1589 His
1201 1558 1308 1589 dictis
1345 1558 1568 1600 ingrediuntur

889 1613 1026 1639 antrum.
1050 1608 1100 1639 Ibi
1117 1618 1214 1650 prope
1225 1607 1365 1639 Chirona
1377 1613 1441 1639 stat
1455 1608 1568 1640 Achil-

891 1657 936 1688 les
952 1658 1163 1699 manibusque
1179 1658 1281 1699 lyram
1300 1658 1413 1699 tangit.
1439 1658 1491 1689 De
1508 1658 1569 1690 hac

889 1707 1027 1738 Achillis
1050 1708 1240 1739 educatione
1259 1707 1331 1739 vide
1350 1707 1446 1739 etiam
1467 1708 1568 1750 Apol-

890 1757 1020 1793 lonium,
1034 1757 1078 1788 iv.
1096 1758 1182 1797 8123
1207 1757 1382 1788 Pindarum
1399 1757 1444 1788 N.
1456 1757 1501 1789 iii.
1515 1758 1568 1790 75.

888 1818 973 1849 sqq3
997 1813 1029 1838 et
1058 1807 1097 1838 de
1127 1814 1218 1838 antro
1248 1806 1395 1838 Chironis
1420 1806 1452 1838 in
1482 1808 1570 1838 Pelio

890 1863 1007 1893 monte,
1020 1856 1268 1893 Callimachum,
1281 1857 1392 1898 hymn.
1406 1857 1481 1889 Del.
1495 1857 1568 1889 104.

892 1908 1092 1949 Phillyrides.
1139 1907 1245 1938 Etiam
1269 1907 1308 1938 ab
1339 1907 1481 1948 Orpheo,
1504 1918 1569 1938 ver.

889 1958 964 1988 480.
993 1956 1190 1999 φιλλυρὶδης
1219 1962 1350 1988 vocatur
1389 1967 1408 1987 a
1438 1957 1570 2000 Philyra

889 2015 1001 2045 matre,
1018 2018 1157 2050 quacum
1172 2008 1339 2044 Saturnus,
1357 2013 1462 2038 sumta
1478 2007 1568 2049 equi-

889 2069 930 2088 na
953 2057 1065 2095 forma,
1095 2068 1282 2098 congressus
1308 2057 1442 2096 habuit3
1467 2057 1569 2100 Apol-

887 2108 992 2139 lonius
1030 2108 1191 2145 Rhodius,
1230 2107 1264 2138 ii.
1306 2108 1411 2146 1236;
1451 2107 1568 2149 Virgil.

888 2158 1008 2200 Georg.
1021 2158 1066 2189 iii.
1079 2159 1133 2189 92.
1159 2158 1321 2194 Missums,
1334 2164 1397 2188 etc.
1411 2156 1568 2196 Achillis3

888 2209 1046 2240 Homerus
1067 2209 1109 2239 Il.
1128 2212 1156 2239 I.
1184 2208 1259 2238 186.
1282 2218 1353 2249 sqq.
1401 2207 1562 2244 Detinuz't,

888 2265 1062 2300 occupatas
1099 2257 1213 2294 tenuit,
1245 2256 1390 2299 adeoque
1415 2256 1568 2289 exercuit.

887 2308 993 2338 Etiam
1022 2308 1143 2339 Statius
1172 2306 1348 2338 Achilleid.
1375 2306 1396 2338 i.
1430 2307 1502 2338 116.
1527 2306 1567 2338 de

888 2358 1049 2389 Chirone:
1092 2362 1299 2388 “monstrare
1337 2356 1406 2399 lyra
1445 2362 1567 2388 veteres

887 2407 997 2438 heroas
1028 2406 1195 2438 alunmo.'’
1257 2406 1370 2437 Plures
1406 2405 1518 2436 heroes
1548 2416 1567 2437 a

887 2457 1026 2489 Ch1r0ne
1041 2456 1180 2488 instituti
1191 2462 1420 2487 memorantur.
1452 2455 1566 2486 Achil-

886 2507 932 2539 les
955 2519 1018 2538 non
1037 2507 1192 2538 musicam
1210 2511 1348 2542 tantum,
1371 2505 1427 2536 sed
1444 2510 1475 2536 et
1499 2516 1564 2536 mo-

889 2569 939 2589 res
971 2558 1121 2599 integros,
1153 2563 1254 2587 artem
1284 2554 1436 2592 venandi,
1467 2554 1565 2596 inpri-

886 2608 1009 2650 misque
1024 2613 1124 2638 artem
1137 2606 1295 2637 medicam
1312 2606 1352 2636 ab
1365 2615 1401 2636 eo
1418 2604 1566 2646 accepit;

885 2658 993 2690 confer
1019 2656 1246 2692 Claudianum,
1267 2655 1321 2687 vii.
1343 2656 1385 2685 60
1406 2664 1477 2695 sqq.
1523 2653 1565 2684 Et

886 2708 1032 2739 exstabat
1057 2706 1134 2737 olim
1165 2705 1311 2738 Chironis
1340 2703 1496 2734 institutio
1522 2703 1562 2733 ad

887 2757 1049 2789 Achillem
1076 2756 1220 2788 versibus
1245 2753 1453 2796 consignata3
1478 2753 1562 2784 Pau-

1018 2807 1049 2837 N
1063 2818 1083 2837 n
