1830 3220
774 186 913 230 IBIS.

1472 190 1558 231 509

139 305 270 354 Utve
296 305 418 369 lyrae
439 310 580 352 vates
606 303 764 351 fertur
789 303 1001 368 periisse
1028 318 1231 357 severae-,

207 383 380 431 Causa
405 382 471 430 sit
497 381 637 430 exitii
663 381 877 429 dextera
901 381 1024 428 laesa
1048 380 1122 427 tui
1145 397 1154 428 :

140 460 316 524 thue
342 458 747 524 Agamemnonio
763 459 946 507 vulnus
966 457 1108 505 dedit
1133 458 1312 521 anguis
1337 458 1555 516 -Orestae,

204 538 281 586 Tu
304 554 511 602 quoque
537 537 602 585 de
628 553 796 585 morsu
822 536 956 584 virus
981 535 1204 584 habente
1230 536 1400 584 cadas.
1458 540 1558 584 530

139 615 219 663 Sit
242 616 334 664 tibi
362 615 583 679 conjugii
609 631 711 662 nox
738 614 900 679 prima
923 613 1198 661 novissima
1223 614 1368 672 vitae3

207 692 419 758 Eupolis
446 694 540 740 hoc
568 692 735 756 periit,
763 699 814 739 et
840 708 969 739 nova
995 698 1170 755 nupta,
1199 692 1364 740 modo.

139 770 315 834 thue
332 771 689 818 cothurnatum
707 769 958 818 cecidisse
975 768 1315 833 Lycophrona
1340 778 1560 827 narrant,

206 847 415 896 Haereat
439 849 490 895 in
517 847 656 895 fibris
682 848 788 895 fixa
813 847 1002 911 sagitta
1029 847 1148 895 tuis.

138 926 241 975 Aut
267 927 402 975 lacer
426 927 474 974 in
504 926 630 974 silva
654 925 889 973 manibus
911 940 1153 989 spargare
1179 932 1398 983 tuorum,
1462 930 1559 976 535

207 1004 428 1070 Sparsus
455 1012 511 1052 ut
535 1011 614 1053 est
638 1003 831 1052 Thebis
858 1019 1023 1067 angue
1049 1010 1250 1051 creatus
1277 1021 1385 1052 avo.

137 1082 341 1147 Perque
367 1082 500 1131 feros
527 1089 728 1130 montes
754 1090 899 1131 tauro
927 1083 1158 1147 rapiente
1185 1083 1415 1137 traharis,

207 1160 280 1209 Ut
305 1168 467 1209 tracta
493 1168 572 1209 est
596 1163 786 1226 conjux
814 1162 1084 1226 imperiosa
1112 1160 1255 1225 Lyci.

138 1239 394 1303 Quodque
420 1256 523 1288 suae
550 1247 807 1305 passa-est
833 1240 1004 1305 pellex
1030 1239 1185 1287 invita
1210 1239 1382 1296 sorori,

207 1317 428 1366 Excidat
453 1326 569 1367 ante
595 1319 754 1383 pedes
781 1319 952 1383 lingua
979 1326 1176 1367 resecta
1200 1325 1332 1365 tuos.

1465 1322 1565 1368 540

139 1396 385 1445 Conditor
410 1403 468 1445 ut
491 1398 666 1454 tardae,
688 1397 887 1446 Blaesus
913 1396 1234 1460 cognomine,
1264 1395 1508 1461 Myrrhae,

207 1474 361 1523 Orbis
387 1475 436 1522 in
463 1475 740 1524 innumeris
768 1475 1024 1523 inveniare
1050 1475 1191 1522 locis.

140 1552 306 1617 Inque
332 1553 433 1601 tuis
460 1553 650 1618 opifex,
677 1553 778 1602 vati
806 1553 944 1617 quod
968 1551 1092 1601 fecit
1116 1551 1326 1608 Achaeo,

211 1631 381 1680 Noxia
405 1632 681 1681 luminibus
709 1632 906 1697 spicula
932 1631 1120 1679 condat
1145 1629 1273 1693 apis.

181 1785 259 1816 527.
295 1784 395 1826 thue
420 1786 494 1826 lyrae
519 1783 632 1825 vates]
658 1783 818 1820 Alcaeum,

138 1839 264 1877 poetam
288 1834 424 1875 lyricum
443 1834 597 1875 intelligo,
615 1834 670 1876 qui
692 1834 818 1865 morda-

138 1884 274 1916 cissimis
290 1884 435 1915 versibus
458 1884 621 1915 Pittacum
647 1883 820 1926 praecipue,

139 1933 322 1976 Myrsilum,
344 1932 607 1976 Megalagyrum,
635 1932 820 1964 Cleanacti-

140 1983 210 2021 das,
240 1983 384 2026 aliosque
415 1983 619 2026 tyrannidem
656 1984 689 2014 in
719 1982 823 2026 patria

139 2039 335 2071 exercentes,
351 2034 530 2066 insectatus
552 2039 613 2071 est,
632 2038 713 2065 teste
732 2033 819 2064 Stra-

138 2085 235 2120 bone,
253 2084 309 2116 lib.
321 2084 388 2116 xiii.
405 2095 478 2126 pag.
493 2084 571 2126 424.
587 2083 666 2116 edit.
681 2083 821 2115 Casaub.

140 2134 255 2165 Horat.
278 2133 337 2167 lib.
362 2134 425 2166 IV.
452 2134 518 2165 Od.
534 2133 579 2166 ix.
601 2145 666 2165 ver.
683 2134 714 2165 7.
760 2134 822 2165 Per

141 2186 241 2217 laesam
264 2187 414 2222 dextram,
435 2184 544 2221 fidem.
570 2195 668 2227 quam
695 2184 822 2216 Pittaco

140 2234 355 2267 verisimiliter
368 2235 500 2267 Alcaeus
514 2236 739 2273 obstrinxerat,
750 2235 819 2266 vio-

141 2284 240 2317 latam
262 2284 428 2328 intelligo;
453 2296 528 2318 nam
552 2285 585 2317 in
605 2285 668 2317 fide
683 2284 820 2317 adstrin-

142 2335 260 2378 genda‚
296 2335 447 2368 dexteras
480 2336 617 2379 jungere
664 2336 820 2368 solebant.

142 2386 292 2417 SALVAG.
344 2386 445 2428 thue
470 2387 545 2428 lyrae
568 2392 660 2418 vates.
685 2385 737 2416 De
752 2386 819 2416 Ste-

144 2435 267 2467 sichoro
293 2435 372 2467 forte
396 2435 550 2478 loquitur,
567 2435 607 2467 de
632 2446 695 2478 quo
721 2435 822 2466 Hora-

145 2485 218 2523 tius,
235 2485 279 2517 lib
295 2485 338 2517 iv.
356 2486 421 2518 Od.
440 2485 485 2518 ix.
502 2497 566 2518 ver.
583 2487 614 2517 8.
644 2485 823 2517 Stesichori-

143 2546 200 2576 que
227 2546 336 2577 graves
363 2547 513 2567 camoenae.
552 2535 715 2567 Credibile
738 2535 823 2566 enim

143 2590 192 2616 est
207 2590 334 2628 poetam
347 2585 492 2628 junxisse
504 2593 569 2617 tres
580 2584 824 2628 iambographos

145 2635 338 2678 eosdemque
358 2635 553 2667 maledicos:
580 2634 822 2671 Archilochum,

145 2684 383 2728 Hipponactem
399 2691 432 2717 et
449 2685 677 2717 Stesichorum.
703 2686 825 2717 SANCT.

190 2735 266 2767 529.
295 2734 396 2776 thue
411 2736 651 2778 Agamemnonio
675 2734 822 2775 vulnus.]

148 2786 291 2823 Orestes,
312 2791 347 2817 ut
366 2785 434 2828 jam
457 2785 604 2817 omnibus
627 2790 761 2822 constat,
777 2785 826 2816 in-

889 1782 1023 1814 terfecta
1047 1786 1160 1818 matre,
1177 1780 1280 1812 furore
1297 1787 1459 1824 correptus
1482 1783 1541 1816 fuit
1557 1798 1566 1824 3

888 1834 962 1866 inde
979 1834 1142 1869 liberatus,
1167 1843 1266 1874 quum
1289 1843 1344 1875 per
1359 1833 1482 1875 sylvam
1498 1835 1569 1873 iret,

889 1894 908 1915 a
923 1889 1071 1925 serpente
1083 1882 1206 1913 occisus
1221 1887 1280 1913 est.
1307 1883 1341 1913 Z.

933 1934 1011 1965 531.
1036 1932 1083 1963 Sit
1101 1932 1185 1973 tibi]
1212 1931 1356 1974 Eupolis,
1373 1932 1488 1965 veteris
1513 1946 1568 1967 co-

891 1983 1018 2015 moediae
1041 1982 1176 2025 scriptor
1200 1981 1286 2025 apud
1305 1982 1449 2020 Graecos
1471 1984 1571 2017 ducta

890 2044 987 2065 uxore
1009 2032 1172 2075 Glyceria,
1194 2031 1298 2073 prima
1317 2038 1411 2064 nocte
1428 2040 1571 2068 mortuus

890 2084 1039 2116 inventus
1054 2089 1101 2115 est
1113 2094 1178 2115 una
1193 2093 1266 2114 cum
1282 2083 1402 2126 puella.

935 2134 1012 2165 534.
1043 2133 1277 2175 Lycophrona]
1308 2133 1372 2165 Hic
1402 2145 1501 2176 quum
1527 2137 1569 2169 de

891 2182 1093 2226 antiquorum
1114 2188 1280 2225 poetarum
1304 2182 1486 2226 principatu
1503 2197 1572 2218 cer-

890 2239 984 2271 taret,
997 2232 1116 2275 sagitta
1132 2234 1171 2264 ab
1188 2232 1369 2264 adversario
1389 2233 1473 2266 ictus
1484 2237 1571 2268 occi-

890 2283 948 2321 dit,
965 2289 1001 2315 ut
1016 2282 1069 2315 hic
1083 2282 1127 2314 ait
1143 2282 1240 2314 Ovid.

934 2334 1013 2365 535.
1037 2333 1104 2364 Aut
1130 2332 1245 2373 lacem]
1276 2332 1452 2371 Pentheus,
1477 2345 1497 2366 a
1521 2334 1570 2368 su-

890 2389 980 2415 rente
995 2388 1095 2414 matre
1111 2382 1299 2425 discerptus,
1316 2394 1430 2416 nomen
1447 2395 1466 2416 a
1480 2385 1571 2418 luctu

891 2438 940 2465 est
954 2433 1095 2464 sortitus.
1120 2433 1217 2464 Dom.

937 2484 1013 2515 536.
1040 2483 1105 2514 Avo
1120 2482 1249 2525 angue-J
1268 2482 1428 2514 Cadmum
1445 2484 1522 2516 dicit
1537 2486 1570 2517 in

893 2543 1031 2575 anguem
1047 2543 1183 2565 versum.
1206 2534 1290 2564 ΖΑΗ.

937 2583 1016 2615 537.
1051 2583 1173 2624 Perque
1189 2582 1312 2625 feros]
1344 2582 1452 2624 Dyrce
1479 2584 1570 2626 Lyci,

892 2633 1076 2665 Thebarum
1086 2632 1170 2675 regis
1180 2643 1258 2664 uxor
1271 2645 1277 2663 :
1295 2632 1367 2665 vide
1377 2633 1498 2676 Hygin.
1506 2635 1573 2666 fab.

895 2685 914 2715 7
927 2690 960 2716 et
975 2685 1006 2715 8.
1022 2684 1068 2715 D.

938 2734 1014 2766 543.
1039 2732 1137 2774 Inque
1149 2734 1210 2764 tuis
1224 2732 1352 2775 opifex-J
1370 2732 1483 2764 Achaei
1499 2734 1572 2776 plu-

896 2795 945 2816 res
960 2783 1106 2816 suerunt:
1127 2792 1262 2825 quorum
1278 2781 1330 2815 hic
1346 2793 1440 2820 unus,
1456 2783 1496 2815 de
1509 2795 1573 2826 quo
