1809 3220
191 178 279 221 316

590 178 643 219 P.
677 176 895 219 OVIDII
930 177 1217 220 NASONIS

199 295 378 344 Donec
405 296 467 343 ab
495 294 654 343 Iliaca
679 294 911 359 placidus
938 296 1236 358 purgamina
1260 295 1422 342 Vesta

268 373 520 421 Detulerit
544 373 686 421 flavis
714 374 764 420 in
791 388 927 421 mare
952 373 1119 422 Tibris
1146 374 1322 437 aquis3

200 451 316 499 Non
347 452 467 499 mihi
493 452 735 500 detonsos
761 452 926 500 crines
951 452 1223 516 depectere
1247 452 1402 506 buxo,

269 528 387 576 Non
413 546 608 593 ungues
634 530 765 579 ferro
790 530 1113 578 subsecuisse
1138 530 1280 587 licet;

1521 530 1620 574 230

202 606 320 654 Non
346 607 576 671 tetigisse
600 607 791 666 virum3
834 608 1064 672 quamvis
1089 607 1119 655 J
1125 608 1230 655 ovis
1257 607 1340 656 ille
1366 606 1622 662 sacerdos,

271 684 514 740 Quamvis
541 694 791 751 perpetua
816 686 883 734 sit
908 686 1028 733 mihi
1054 686 1168 750 lege
1194 685 1360 734 datus.

201 761 280 810 Tu
306 779 514 827 quoque
540 781 603 813 ne
629 780 870 829 propera:
912 764 1091 812 melius
1116 771 1205 812 tua
1228 763 1332 810 filia
1355 763 1533 818 nubet,

273 840 432 904 Ignea
457 858 615 905 quum
642 858 769 906 pura
795 842 954 890 Vesta
977 841 1162 890 nitebit
1185 841 1354 889 humo.

204 917 423 966 TERTIA
444 928 560 984 post
581 919 754 968 Nonas
776 936 1032 968 removere
1050 919 1290 984 Lycaona
1312 918 1506 966 Phoebe
1527 920 1627 965 235

276 995 469 1053 Fertur,
498 1004 549 1044 et
574 1013 603 1044 a
627 1005 768 1059 tergo
795 1014 893 1044 non
921 998 1078 1045 habet
1107 997 1240 1044 Ursa
1265 1004 1474 1044 metum.

208 1073 351 1122 Tunc
378 1091 472 1139 ego
497 1092 577 1123 me
605 1076 811 1123 memini
838 1076 984 1123 ludos
1012 1077 1061 1123 in
1087 1076 1315 1138 gramine
1342 1073 1527 1138 Campi

275 1152 590 1216 Adspicere;
633 1162 684 1201 et
708 1154 880 1212 didici,
909 1155 1101 1202 lubrice
1126 1154 1283 1210 Tibri,
1311 1162 1442 1202 tuos

209 1229 363 1278 Festa
387 1231 496 1279 dies
523 1232 638 1289 illis,
667 1233 755 1296 qui
782 1233 883 1281 lina
908 1233 1166 1281 madentia
1190 1233 1402 1289 ducunt,

277 1308 481 1373 Quique
507 1318 688 1372 tegunt
713 1311 878 1375 parvis
905 1327 1005 1359 aera
1029 1326 1238 1359 recurva
1263 1310 1407 1358 cibis.

1529 1311 1629 1356 240

208 1385 374 1433 MExs
403 1403 610 1451 quoque
636 1405 823 1437 numen
850 1390 1025 1438 habet:
1068 1389 1232 1438 Menti
1255 1388 1468 1437 delubra
1491 1387 1629 1435 vide-

278 1463 410 1512 Vota
435 1473 572 1513 metu
598 1466 734 1522 belli,
763 1466 954 1530 perfide
981 1468 1157 1524 Poene,
1180 1467 1271 1514 tui.

255 1621 332 1651 227.
362 1621 608 1662 Donec—aquis,
634 1622 667 1654 id
696 1629 755 1659 est,
788 1634 888 1666 usque

213 1669 253 1701 ad
273 1681 366 1702 sacra
392 1671 547 1709 Vestalia,
572 1672 611 1703 de
634 1673 750 1715 quibus
774 1674 847 1705 inde
871 1685 889 1706 a

213 1730 276 1751 ver.
287 1722 364 1752 249.
390 1722 606 1764 Pur-gamina5
621 1723 732 1754 Festus
746 1736 752 1753 ι
772 1729 791 1741 “
804 1724 890 1755 Ster-

212 1780 269 1801 cus
283 1780 322 1801 ex
343 1770 411 1802 aede
429 1772 536 1802 Vestae
555 1772 630 1803 xvii.
652 1772 816 1805 Kalendas
830 1774 888 1805 Ju-

215 1818 275 1850 lias
299 1819 439 1851 defertur
464 1820 496 1851 in
522 1821 722 1864 angiportum
747 1822 889 1854 medium

212 1867 276 1899 sere
299 1868 372 1899 clivi
396 1869 587 1912 Capitolini:
615 1870 669 1912 qui
692 1871 781 1903 locus
801 1872 889 1904 clau-

214 1916 299 1949 ditur
315 1926 405 1960 porta
420 1921 624 1951 stercoraria.
671 1921 783 1952 Tantae
799 1933 891 1953 sane-

214 1967 315 1998 titatis
344 1969 478 2011 majores
508 1970 604 2000 nostri
631 1981 700 2001 esse
724 1971 890 2013 judicave-

213 2017 320 2048 runt.’‘
366 2018 418 2049 Ab
449 2029 486 2050 eo
516 2020 632 2051 Noster
656 2020 813 2057 dissentit,
837 2021 891 2063 qui

213 2065 302 2097 Tibri
319 2066 506 2098 devehenda
522 2068 711 2110 purgamina
726 2070 834 2101 tradit.

261 2116 337 2147 329.
370 2117 477 2147 Etiam
517 2117 579 2148 alio
617 2125 757 2160 tempore
788 2119 893 2151 Dialis

217 2176 294 2196 uxor
321 2167 449 2206 imperas
467 2168 551 2198 debet
574 2168 682 2198 habere
700 2180 818 2207 comus,·
844 2169 889 2201 iii.

217 2215 294 2246 398.
342 2216 451 2247 Baius
480 2224 535 2247 aut
573 2219 685 2248 buxum
722 2229 807 2260 saepe
835 2230 892 2261 pro

215 2264 342 2307 pectine
376 2266 491 2298 buxeo.
541 2267 627 2299 Olim
658 2268 709 2299 hic
738 2268 892 2300 edebatur

215 2316 335 2345 detonso
355 2317 441 2352 baio,
463 2322 495 2347 et
516 2316 549 2347 id
571 2317 788 2359 explicabant,
804 2319 891 2350 rasili

215 2364 311 2395 buxo.
336 2364 486 2397 Heinsius
497 2366 655 2398 suadebat
670 2369 794 2399 dentosa
804 2370 891 2405 buxo,

216 2412 252 2444 id
278 2419 337 2450 est,
362 2415 487 2456 pectine
511 2415 626 2452 buxeo,
653 2416 709 2458 qui
734 2417 891 2453 Martiali.

217 2462 284 2495 xiv.
299 2465 353 2496 25.
370 2465 465 2495 buxus
478 2466 633 2506 multifido
651 2467 742 2498 dente
761 2467 891 2500 dicitur.

220 2513 378 2553 Perpetua
391 2515 468 2556 lege.
492 2514 559 2545 Lex
572 2515 704 2557 antiqua
718 2516 803 2558 apud
815 2517 893 2549 Gel-

217 2562 298 2595 lium
313 2563 398 2595 dicto
413 2564 500 2595 loco:
524 2568 544 2582 “
559 2565 801 2598 Matrimonium
820 2568 892 2599 Fla-

218 2614 324 2651 minis,
340 2613 401 2645 nisi
416 2621 526 2651 morte,
543 2614 647 2646 dirimi
666 2626 729 2647 non
748 2623 796 2648 est
807 2617 893 2659 jus.'’

219 2665 263 2697 Et
277 2663 346 2706 ipsa
366 2664 544 2696 Flaminica
566 2665 689 2696 univira
711 2677 780 2698 esse
798 2667 892 2698 debe-

219 2713 275 2744 bat
289 2725 296 2744 :
320 2713 546 2751 Tertullianus,
559 2714 640 2745 Exh.
651 2715 692 2747 ad
708 2715 822 2747 Castit.
837 2718 888 2748 13.

223 2763 310 2795 Vesta
328 2766 429 2806 ignea,
455 2764 609 2807 templum
632 2765 751 2802 Vestae,
771 2765 802 2796 in
826 2777 889 2807 quo

1495 1467 1631 1529 [mus

959 1624 1040 1666 ignis
1068 1624 1162 1655 alitur
1188 1629 1369 1666 perpetuus.
1417 1624 1507 1654 Pura
1533 1624 1633 1660 humo,

959 1674 1028 1705 oede
1047 1674 1103 1705 illa
1118 1680 1267 1716 purgata.

1002 1725 1078 1755 235.
1105 1724 1182 1755 VII.
1199 1723 1274 1755 Idus
1294 1723 1364 1766 (die
1384 1723 1537 1766 septimo)
1554 1724 1632 1754 Are-

960 1775 1102 1816 tuphylax
1134 1776 1245 1806 occidit
1273 1786 1372 1806 mane.
1422 1774 1549 1816 Lycaon
1579 1785 1634 1816 pro

960 1825 1163 1866 Lyn-aonides,
1197 1824 1353 1866 Lycaonis
1382 1834 1490 1866 nepos,
1519 1824 1635 1860 Arcas,

960 1874 1015 1917 qui
1044 1886 1142 1917 quum
1173 1874 1205 1906 in
1231 1885 1269 1906 eo
1298 1880 1394 1912 esset,
1426 1880 1461 1906 ut
1491 1874 1636 1910 Callisto,

960 1930 1092 1955 matrem
1104 1924 1137 1955 in
1148 1934 1254 1956 ursam
1264 1930 1430 1961 mutatam,
1442 1923 1505 1956 telo
1512 1924 1636 1966 figeret,

959 1974 1089 2016 Jupiter
1109 1974 1218 2005 ambos
1238 1975 1321 2005 coelo
1340 1973 1500 2016 imposuit,
1515 1973 1635 2005 sidera·-

961 2034 1022 2065 que
1049 2023 1155 2055 vicina
1177 2023 1256 2055 fecit
1284 2024 1341 2060 ita,
1365 2029 1402 2055 ut
1426 2024 1509 2055 Ursa
1533 2028 1634 2054 mater

961 2073 1164 2115 praecederet,
1178 2073 1280 2105 Arcas
1294 2073 1378 2104 filius
1389 2073 1638 2116 Arctophylacis

961 2123 1088 2154 nomine
1111 2135 1131 2154 a
1158 2130 1242 2165 tergo
1265 2129 1472 2165 sequeretur;
1495 2123 1579 2155 Met.
1601 2122 1635 2155 ii.

959 2174 1035 2204 507.
1091 2173 1124 2203 Is
1152 2173 1221 2205 dies
1250 2173 1349 2204 festus
1378 2173 1572 2216 piscatorum
1601 2173 1633 2205 in

960 2232 1072 2264 campo
1101 2222 1232 2254 Martio.
1280 2223 1389 2255 Didici
1427 2230 1504 2260 mos,
1535 2233 1634 2266 quum

960 2283 1146 2314 quaererem,
1175 2273 1231 2315 qui
1259 2280 1375 2310 essent,
1400 2273 1534 2316 cognovi
1563 2279 1636 2305 tuos

959 2332 1039 2354 esse.
1086 2323 1250 2361 Lubricns,
1266 2330 1302 2355 ut
1320 2323 1362 2355 iv.
1378 2324 1457 2356 337.
1502 2324 1555 2356 De
1572 2323 1633 2356 hac

950 2371 1038 2413 festa
1048 2371 1100 2403 die
1116 2372 1229 2404 Festus
1242 2386 1250 2403 :
1278 2378 1299 2391 ‘⁸
1311 2372 1479 2405 Piscatorii
1495 2373 1564 2405 ludi
1579 2384 1635 2405 vo-

962 2427 1086 2458 cantur,
1115 2422 1171 2464 qui
1200 2422 1372 2465 quotannis
1400 2433 1509 2455 mense
1535 2423 1635 2456 Junio

962 2478 1047 2502 trans
1069 2471 1207 2503 Tiberim
1233 2473 1300 2504 fieri
1323 2473 1427 2505 solent
1457 2483 1476 2505 a
1501 2479 1634 2516 praetore

964 2521 1083 2552 urbano
1119 2532 1176 2563 pro
1211 2521 1421 2564 piscatoribus
1455 2523 1632 2555 Tiberinis:

963 2581 1095 2612 quorum
1125 2578 1266 2613 quaestus
1293 2583 1354 2604 non
1391 2572 1425 2604 in
1461 2573 1634 2605 macellum

963 2620 1119 2661 pervenit,
1136 2621 1191 2652 sed
1217 2621 1282 2654 fere
1301 2622 1334 2653 in
1349 2633 1456 2654 arcam
1471 2623 1608 2655 Volcani
1620 2635 1630 2662 ;

963 2670 1098 2711 quodid
1122 2682 1222 2713 genus
1244 2673 1469 2715 pisciculorum
1491 2673 1631 2705 vivorum

958 2719 1051 2751 datur
1065 2720 1094 2751 ei
1110 2721 1168 2752 deo
1183 2733 1240 2764 pro
1255 2722 1368 2754 animis
1383 2723 1562 2754 humanis.'’

1002 2770 1187 2802 241—248.
1208 2772 1306 2803 Menti
1316 2774 1390 2804 oedes
1404 2772 1499 2814 roem]
1519 2773 1557 2804 In
1571 2784 1631 2804 nu-
