1809 3220
218 183 307 225 140

619 181 671 222 Ρ.
704 179 923 222 OVIDII
957 178 1244 221 NASONIS

224 299 382 348 Plura
399 299 548 362 jubet
572 296 678 344 fieri
705 295 855 344 simili
876 295 1054 343 caelata
1077 295 1258 358 figura,

291 376 442 424 Error
468 382 523 423 ut
547 382 666 422 ante
692 375 867 422 oculos
893 373 1179 421 insidiantis
1205 380 1304 420 eat.

223 453 524 509 Mamurius,
553 469 748 500 morum
773 452 995 500 fabraene
1022 450 1248 500 exactior
1274 451 1411 506 artiS,

293 530 513 579 Difficile
539 538 633 586 est,
663 531 804 587 illud,
833 530 1018 587 dicere,
1047 529 1231 577 clausit
1252 543 1397 592 opus.

1545 527 1643 573 384

226 610 323 658 Cui
351 609 521 657 Numa
546 609 830 665 munificus,
861 608 1003 656 Facti
1031 614 1147 672 pete
1176 605 1398 670 praemia,
1426 604 1584 652 dixit:

294 687 349 735 Si
375 703 488 735 mea
514 694 632 734 nota
656 686 799 743 fides,
827 685 967 733 irrita
991 685 1131 732 nulla
1155 690 1318 748 petes,

223 764 254 812 J
260 781 340 813 am
365 764 575 813 dederat
604 764 770 822 Saliis,
800 779 829 811 a
854 763 984 811 saltu
1011 762 1214 810 nomina
1238 762 1450 816 ducunt,

290 842 565 905 Armaque,
594 849 647 889 et
671 841 734 890 ad
760 847 926 888 certos
952 840 1106 888 verba
1131 838 1363 887 canenda
1386 837 1581 885 modos.

225 919 355 967 Tum
382 920 454 968 sic
482 919 764 967 Mamurius
788 936 797 967 :
840 918 1040 966 Merces
1067 917 1188 965 mihi
1215 916 1372 980 gloria
1396 916 1558 970 detur,

296 997 617 1060 Nominaque
644 1004 873 1045 extremo
899 995 1122 1043 carmine
1148 1001 1322 1041 nostra
1346 998 1545 1041 sonent.

227 1074 354 1122 Inde
382 1075 672 1122 sacerdotes
699 1075 836 1139 operi
864 1073 1111 1139 promissa
1136 1079 1335 1120 vetusto

1548 1072 1641 1118 391

296 1152 513 1200 Praemia
538 1153 848 1217 persolvunt,
878 1151 1291 1213 Mamuriumque
1316 1155 1514 1196 vocant.

230 1229 437 1278 Nubere
465 1231 505 1277 si
533 1246 634 1294 qua
657 1231 812 1286 voles,
841 1229 1070 1293 quamvis
1096 1227 1429 1292 properabitis
1456 1226 1623 1283 ambo,

297 1307 485 1355 Differ:
527 1308 717 1355 habent
741 1324 905 1371 parvae
931 1306 1199 1354 commoda
1224 1321 1407 1369 magna
1431 1320 1601 1352 morae.

274 1423 350 1453 381,
390 1422 503 1457 Plura,
535 1421 693 1464 permulta
730 1421 903 1463 Dionysius

230 1470 286 1502 ait.
335 1471 450 1502 Caelata
483 1481 566 1502 nunc
596 1470 641 1501 nil
671 1470 730 1502 nisi
765 1470 902 1513 sculpta.

230 1520 420 1561 Pignoribus
456 1520 579 1562 imperii
620 1522 762 1551 insidiari
797 1520 904 1562 populi

230 1569 355 1600 finitimi
372 1569 529 1601 solebant.
560 1570 601 1600 Ut
617 1581 703 1600 eri-or
720 1577 794 1600 ante
805 1571 906 1600 oculos

230 1626 293 1650 eat.
341 1619 392 1650 Sic
414 1619 578 1650 exornavit
593 1619 685 1655 illud,
702 1619 814 1661 utjam
830 1619 905 1650 insi-

231 1667 323 1698 dians
339 1667 454 1699 dubius
470 1667 601 1699 haereat.
643 1668 740 1698 Error
754 1668 850 1699 etiam
865 1667 905 1699 de

231 1717 456 1749 incertitudine
470 1717 598 1749 dicitur.
622 1718 813 1749 Mamurium
830 1718 906 1749 Plu-

232 1767 362 1798 tarchus
390 1768 429 1798 ab
456 1774 523 1798 aree
550 1773 675 1799 tantum
704 1768 825 1804 laudat,
846 1769 906 1799 ’ἕνα

229 1820 298 1850 τῶν
322 1818 434 1860 ἄκρων
461 1817 685 1861 δημιουργῶν,
710 1818 764 1849 sed
790 1830 907 1849 morum

232 1867 329 1899 etiam
353 1867 437 1898 fama
459 1868 598 1899 floruerit
618 1878 748 1899 necesse
771 1875 829 1900 est.
874 1868 908 1900 Is

233 1918 357 1954 clausit,
379 1917 524 1952 absolvit,
549 1930 632 1958 opus,
655 1918 696 1949 ad
723 1917 808 1959 quod
837 1924 908 1960 post

234 1966 314 1997 alios
329 1966 474 1998 accessit.
520 1967 656 1998 Lenzius
679 1969 791 1998 clausit
810 1968 907 1999 inter-

236 2021 390 2056 pretatur,
407 2015 447 2045 ab
468 2015 553 2046 omni
569 2023 657 2056 parte
678 2015 847 2047 rotundum
862 2016 909 2047 fe-

235 2063 290 2099 cit,
305 2064 380 2095 orbe
401 2070 487 2095 certo
503 2064 643 2095 inclusit.
689 2064 752 2095 Sed
767 2066 911 2096 claudere

237 2113 332 2145 etiam
367 2113 526 2145 notionem
563 2114 746 2145 absolvendi
777 2114 908 2152 habere,

236 2162 330 2194 docet
354 2163 518 2195 Drakenb.
541 2163 582 2194 ad
603 2163 727 2200 Silium,
751 2163 817 2195 xiii.
833 2165 909 2195 686.

239 2212 386 2250 Emetus,
415 2212 584 2255 perfectuS,
615 2224 699 2244 nune
734 2213 910 2245 seeundum

237 2272 347 2293 casum
364 2262 551 2305 adjunctum
568 2263 674 2294 habet.

283 2312 359 2343 387.
376 2313 402 2342 A
415 2313 509 2348 saltu,
523 2322 541 2343 a
552 2312 709 2354 tripudiis,
721 2313 911 2355 quibuscum

239 2360 357 2392 ancilia
380 2362 561 2403 gestabant,
586 2373 642 2404 per
665 2364 788 2394 urbem.
835 2364 911 2395 Plu-

241 2409 382 2447 tarchus,
397 2409 467 2442 ἀπὸ
483 2413 543 2449 τῆς
560 2410 730 2452 ὀρχήσεως
747 2411 909 2451 ἀλτικῆς;

241 2458 428 2501 Dionysius,
453 2459 523 2491 ἀπὸ
542 2463 604 2499 τῆς
629 2461 795 2492 συντόνου
819 2461 909 2501 κινή-

241 2518 334 2546 σεως.
378 2508 431 2540 Ad
448 2509 533 2539 tibiae
550 2511 647 2539 modos
667 2509 780 2540 citatos
801 2511 912 2541 armati

242 2551 413 2588 saltabant,
439 2551 532 2583 modo
557 2563 665 2583 omnes
689 2552 794 2588 simul,
821 2553 915 2585 modo

241 2611 298 2642 pet
325 2600 423 2637 vices,
450 2608 545 2643 atque
576 2604 715 2633 carmina
744 2604 914 2635 canebant.

241 2649 394 2681 Instructi
408 2656 499 2682 erant
513 2650 610 2681 aeneis
628 2657 661 2681 et
674 2650 791 2682 balteis
811 2658 843 2683 et
858 2664 915 2694 ga-

242 2698 300 2730 leis
324 2705 357 2730 et
382 2701 573 2741 tegumentis
598 2700 630 2731 in
655 2706 794 2742 pectore,
819 2707 916 2743 atque

244 2749 446 2791 pugionibus,
464 2749 580 2792 quibus
601 2749 775 2782 identidem
799 2751 916 2783 ancilia

972 1420 1148 1463 pulsarent.
1194 1420 1314 1450 Praeter
1335 1418 1527 1450 Mamurium
1549 1418 1649 1450 serius

973 1476 1004 1501 et
1019 1469 1151 1500 aliorum
1169 1469 1294 1499 nomina
1313 1468 1445 1500 carmini
1465 1467 1579 1499 Saliari
1598 1468 1647 1500 in-

973 1525 1063 1550 certa
1088 1529 1167 1556 esse,
1196 1518 1289 1550 docet
1313 1518 1467 1560 Neapolis
1495 1517 1535 1549 ad
1563 1517 1647 1550 hunc

973 1568 1089 1600 locum.
1154 1569 1291 1605 Sonent5
1334 1569 1470 1598 Metam.
1502 1578 1533 1599 x.
1560 1568 1646 1599 205:

974 1619 1051 1650 “Te
1082 1618 1161 1660 lyra,
1192 1624 1223 1649 te
1251 1617 1393 1649 carmina
1422 1622 1527 1648 nostra
1556 1627 1649 1648 sona·

974 1668 1087 1698 bunt.”

1020 1717 1095 1747 393.
1116 1716 1237 1747 Eodem
1253 1722 1392 1759 tempore
1413 1722 1445 1747 et
1466 1715 1526 1747 iter
1544 1716 1648 1748 facere

975 1766 1156 1807 religiosum
1188 1773 1268 1797 erat.
1328 1766 1413 1798 Vide
1445 1765 1585 1809 Lipsium
1615 1767 1648 1798 in

975 1816 1087 1858 Antiq.
1105 1817 1192 1847 Lect.
1209 1829 1240 1847 v.
1262 1817 1312 1847 16.
1350 1816 1447 1848 Condi
1463 1816 1579 1848 ancilia
1596 1816 1647 1848 di-

975 1866 1139 1902 cebantur,
1170 1866 1222 1897 ubi
1262 1866 1381 1908 templo
1423 1865 1648 1898 reddebantur.

977 1915 1108 1946 Flamen
1133 1916 1237 1946 Dialis
1260 1915 1345 1947 solus
1369 1916 1441 1947 albo
1464 1915 1572 1958 galero
1595 1922 1651 1948 aut

974 1967 1059 2004 apice
1086 1963 1255 2005 insignitus
1283 1970 1361 2002 erat,
1387 1975 1491 2007 neque
1518 1964 1584 1996 sine
1611 1975 1648 1997 eo

975 2013 1094 2045 licebat
1123 2013 1153 2045 ei
1183 2014 1241 2044 sub
1271 2013 1324 2044 dio
1350 2014 1479 2045 versari.
1529 2014 1650 2055 Conjux

975 2063 1044 2105 ejus
1055 2063 1232 2094 Flaminica
1246 2069 1401 2094 venenato
1416 2069 1526 2106 operta
1541 2069 1575 2095 et
1585 2064 1651 2096 rica

977 2112 1124 2144 redimita
1138 2112 1297 2155 prodibat.
1342 2114 1419 2144 Erat
1440 2119 1547 2145 autem
1561 2125 1649 2146 vene-

978 2169 1085 2193 natum
1101 2162 1235 2204 pallium
1251 2163 1397 2193 flammeo
1412 2164 1526 2201 colore,
1538 2169 1570 2195 et
1585 2166 1652 2196 rica

980 2211 1140 2252 peculiare
1182 2211 1297 2254 capitis
1333 2211 1508 2253 cingulum.
1566 2213 1651 2247 Vide

981 2260 1122 2291 Gellium
1139 2261 1235 2292 Noct.
1253 2261 1322 2292 Att.
1339 2272 1371 2292 x.
1384 2262 1433 2292 15.
1450 2260 1557 2303 ibique
1573 2262 1652 2296 Intt.

981 2309 1066 2340 Hinc
1093 2316 1125 2341 et
1154 2321 1238 2341 nunc
1267 2312 1370 2341 cincta
1399 2317 1538 2348 vocatur,
1566 2313 1652 2354 quod

981 2358 1132 2390 Heinsius
1147 2365 1253 2390 tuetur
1267 2359 1370 2390 verbis
1383 2359 1484 2390 Festi:
1503 2364 1524 2377 “
1538 2361 1654 2394 Cincta

980 2408 1158 2440 Flaminica
1184 2414 1270 2440 veste
1294 2409 1435 2440 velata.”
1482 2410 1567 2441 Nam
1597 2411 1651 2443 alii

979 2465 1097 2495 sancta,
1113 2460 1222 2498 capitis
1246 2460 1393 2490 distincta
1415 2464 1470 2490 aut
1492 2461 1654 2497 discincta,

981 2513 1043 2538 etc.
1071 2507 1201 2539 habent.
1246 2509 1321 2540 Jam
1346 2508 1524 2540 Flaminica
1547 2510 1654 2541 multis

981 2556 1105 2598 legibus
1129 2558 1308 2594 tenebatur,
1326 2558 1366 2589 de
1390 2558 1506 2600 quibus
1530 2559 1655 2592 Gellius

981 2605 1067 2637 dicto
1083 2607 1152 2638 loco
1167 2613 1200 2638 et
1215 2607 1413 2638 Schwarzius
1435 2607 1475 2638 ad
1494 2608 1650 2646 Plinium,

981 2664 1096 2696 paneg.
1112 2655 1233 2687 lxxxiii.
1246 2659 1278 2688 5.
1304 2656 1344 2687 In
1359 2656 1398 2687 iis
1413 2662 1491 2694 erat,
1502 2668 1543 2689 ne
1559 2659 1654 2690 certis

982 2706 1176 2747 temporibus
1191 2712 1288 2748 caput
1303 2713 1450 2743 comeret,
1465 2717 1589 2749 ungues
1603 2719 1652 2740 re-

981 2760 1115 2792 secaret,
1130 2761 1192 2787 etc.
1237 2755 1354 2788 Confer
1367 2756 1410 2788 iv.
1427 2757 1502 2789 226.
