1809 3220
169 207 258 251 102
555 205 607 246 P.
643 203 862 246 OVIDII
897 203 1185 246 NASONIS

173 327 398 390 Ceperat
421 323 503 371 hic
534 322 675 377 alias,
699 321 824 370 alias
850 327 1103 370 everterat
1128 320 1308 377 urbes;

241 403 308 451 Et
335 402 527 450 Gabios
553 400 688 465 turpi
714 399 905 448 fecerat
926 406 1032 447 arte
1060 415 1196 447 suos.
1498 398 1598 444 690

173 481 413 545 Namque
434 479 586 527 trium
606 478 861 534 minimus,
880 477 1048 542 proles
1071 475 1342 525 manifesta
1359 474 1597 540 Superbi,

240 559 300 606 In
327 557 521 606 medios
548 558 723 605 hostes
749 563 898 604 nocte
926 555 1106 604 silente
1132 554 1286 604 venit.

172 637 442 686 Nudarant
468 635 692 700 gladios:
735 634 969 691 occidite,
998 633 1145 691 dixit,
1175 634 1438 681 inermem.

241 715 354 764 Hoc
380 715 591 780 cupiant
615 713 813 769 fratres,
841 711 1258 776 Tarquiniusque
1285 718 1447 776 pater,

174 794 273 850 Qui
300 810 414 842 mea
438 791 631 841 crudeli
658 790 899 839 laceravit
923 791 1132 839 verbere
1159 797 1332 853 terga3

243 872 428 921 Dicere
455 880 511 919 ut
535 871 631 918 hoc
658 877 847 934 posset,
876 869 1088 916 verbera
1111 883 1295 932 passus
1322 874 1446 916 erat.

175 950 320 999 Luna
334 950 452 998 fuit:
470 954 705 1014 spectant
713 948 971 1011 juvenem,
984 946 1285 1010 gladiosque
1297 945 1596 1001 recondunt,

241 1028 528 1092 Tergaque,
556 1026 780 1075 deducta
804 1031 961 1081 veste,
985 1031 1161 1072 notata
1184 1024 1387 1072 vident:

176 1106 638 1170 Flentquoque,et,
656 1111 711 1151 ut
732 1119 906 1151 secum
924 1111 1126 1152 tueatur
1141 1103 1290 1160 bella,
1305 1107 1594 1168 precantur.

244 1184 476 1233 Callidus
503 1182 689 1247 ignaris
715 1181 894 1230 annuit
918 1181 1002 1230 ille
1027 1181 1163 1230 viris.
1499 1183 1600 1228 700

173 1263 394 1327 Jamque
421 1270 619 1326 potens,
649 1260 804 1308 misso
832 1261 1113 1323 genitorem
1140 1260 1367 1325 appellat
1391 1258 1573 1314 amico,

1499 790 1598 836 695

244 1341 502 1389 Prodendi
531 1339 743 1396 Gabios,
772 1340 911 1402 quod
935 1340 1031 1387 sibi
1057 1346 1305 1388 monstret
1330 1338 1461 1387 iter?

173 1515 210 1537 eo
228 1503 360 1544 redegit,
378 1510 412 1534 ut
428 1503 522 1534 urbes
537 1514 611 1534 suas
626 1509 738 1546 sponte
754 1504 852 1536 dede-

173 1560 255 1586 rent.
305 1553 454 1595 Denique
484 1552 516 1583 in
547 1563 637 1594 agros
664 1554 851 1586 volscorum

175 1604 292 1635 multas
313 1603 516 1635 excursiones
542 1603 626 1634 fecit.
676 1603 753 1634 Haec
774 1604 851 1634 Ovi-

173 1654 247 1686 dius
270 1654 315 1685 sic
340 1653 577 1695 complectitur,
609 1654 737 1693 Ceperat
764 1655 852 1690 alias,

174 1706 252 1735 alias
267 1710 417 1735 everterat
433 1705 532 1739 urbes,
543 1703 574 1733 in
589 1703 705 1744 quibus
718 1711 852 1735 evertere

174 1765 284 1797 urgere
310 1753 418 1788 nolim,
443 1753 616 1795 praesertim
643 1764 754 1795 quum.
782 1753 814 1784 h.
833 1766 850 1785 v

174 1811 208 1836 ut
223 1805 371 1836 Graecum
389 1802 786 1844 xaraarpitpmea«,etiam
804 1803 849 1835 la-

173 1854 251 1886 tiore
267 1864 361 1885 sensu
375 1853 510 1884 dicatur.
535 1854 629 1884 MSS.
648 1854 754 1895 Naug.
794 1854 850 1885 Er-

175 1904 255 1935 ford.
280 1909 312 1935 et
332 1914 415 1934 unus
440 1902 548 1934 Yatic.
572 1910 739 1939 tri-erretur,
765 1904 851 1945 quod

174 1954 328 1986 Heinsius
357 1953 407 1984 vel
434 1952 541 1988 furari,
569 1952 651 1984 furto
681 1964 849 1996 occupare,

175 2005 227 2036 vel
242 2014 368 2035 aversas
388 2003 447 2034 sibi
466 2003 598 2033 reddere
620 2004 850 2046 interpretaba-

177 2059 240 2085 tur.
289 2052 396 2094 Regii,
412 2058 572 2082 etei-terat.
597 2052 685 2083 Lmr.

221 2104 298 2135 690.
331 2103 437 2137 Gabii,
467 2102 541 2133 urbs
568 2101 672 2133 Latini
703 2103 850 2139 nominis,

175 2154 374 2186 Albanorum
393 2151 529 2188 colonia,
555 2152 595 2182 ab
621 2153 699 2183 urbe
723 2159 850 2184 centuni
879 2159 884 2163 ’

176 2203 282 2236 stadia
307 2202 439 2237 distans,
461 2201 501 2233 de
527 2201 617 2243 cujus
642 2202 851 2244 amplitudine

178 2255 313 2295 Dionys.
331 2253 373 2283 iv.
390 2253 445 2283 53.
484 2253 574 2287 Eam,
588 2252 803 2294 nequidquam
822 2253 851 2284 vi

177 2304 317 2338 adortus,
335 2313 432 2344 quum
449 2301 614 2333 obsidendi
633 2313 760 2344 quoque
781 2314 852 2345 spes

178 2354 306 2386 ademta
327 2357 410 2383 esset
430 2357 450 2369 “
465 2360 622 2394 postremo
641 2352 771 2383 minime
787 2359 852 2385 arte

179 2404 337 2438 Romana,
363 2401 474 2433 fraude
504 2412 540 2432 ac
571 2401 655 2436 dolo,
686 2412 853 2444 aggressus

176 2451 258 2484 est.'’
306 2451 375 2482 Liv.
401 2451 424 2481 i.
451 2452 505 2482 53.
554 2451 715 2487 Minimus,
739 2452 854 2483 Sextus

177 2502 273 2543 Tarq.
287 2500 423 2542 Dionys.
433 2500 607 2531 maximum
619 2507 722 2532 vocat.
751 2502 854 2533 Proles

177 2551 353 2592 manifesta,
378 2550 518 2581 moribus
543 2550 640 2592 patris
669 2550 851 2582 similitudi-

177 2612 252 2634 nem
266 2600 416 2632 referens.

224 2651 301 2683 693.
326 2649 409 2681 Cum
438 2649 487 2680 his
516 2650 558 2680 cf.
584 2649 682 2681 verba
709 2650 851 2692 ejusdem

176 2701 304 2744 juvenis
329 2699 415 2742 apud
444 2699 582 2736 Livium,
609 2699 664 2731 ubi
693 2699 785 2742 plura
813 2700 854 2732 ad

179 2750 324 2783 Gabinos
337 2748 511 2781 movendos
530 2755 562 2780 et
577 2749 783 2792 decipiendos
798 2761 852 2792 ap-

181 2808 234 2841 ta;
251 2800 307 2833 sed
323 2799 402 2832 nihil
413 2799 453 2832 de
468 2801 650 2836 verberibus,
661 2810 733 2842 quae
747 2806 853 2832 tamen

921 1510 953 1534 et
977 1513 994 1534 a
1020 1502 1155 1545 Dionys.
1178 1509 1275 1544 atque
1299 1502 1402 1539 Floro,
1423 1500 1447 1533 i.
1464 1501 1495 1533 7.
1514 1511 1600 1533 com-

921 1559 1148 1584 memorantur.
1197 1551 1377 1584 Dissidium
1400 1562 1420 1583 a
1445 1557 1534 1594 patre
1558 1551 1601 1583 de

921 1603 1006 1634 bello
1029 1602 1168 1634 finiendo
1186 1601 1405 1638 simulaverat,
1423 1608 1521 1644 atque
1538 1601 1600 1633 vir-

922 1653 970 1694 gis
987 1663 1020 1683 se
1036 1652 1118 1683 caedi
1136 1653 1166 1683 in
1184 1653 1249 1684 soro
1264 1662 1376 1695 passus
1389 1657 1469 1683 erat.
1515 1650 1600 1683 Con-

916 1702 1082 1745 junctivus
1101 1705 1241 1743 cupiant,
1259 1713 1353 1744 quem
1371 1702 1484 1734 Petav.
1501 1702 1601 1734 Fran-

921 1753 982 1784 cos.
1003 1759 1035 1784 et
1062 1758 1124 1784 tres
1152 1752 1205 1784 alii
1232 1752 1397 1788 exhibent,
1421 1752 1537 1785 melius
1566 1763 1600 1784 se

921 1802 1028 1839 habet,
1051 1813 1148 1845 quam
1166 1803 1256 1844 vulg.
1277 1805 1422 1843 cupiunt.
1467 1801 1543 1834 Sino
1566 1802 1600 1834 in

920 1853 1015 1883 simili
1033 1853 1156 1888 fraude,
1171 1853 1247 1884 AEn.
1263 1852 1297 1883 ii.
1315 1853 1376 1883 104
1391 1865 1398 1882 2
1425 1856 1446 1870 “
1462 1851 1600 1884 Jamdu-

920 1901 996 1933 dum
1013 1902 1129 1934 sumite
1147 1913 1280 1945 poenas:
1308 1902 1377 1933 Hoc
1395 1902 1527 1934 Ithacus
1543 1912 1599 1933 ve·

921 1952 969 1986 lit.
981 1959 1012 1984 et
1028 1963 1144 1994 magno
1158 1958 1338 1984 mercentur
1353 1952 1518 1984 Atridae.”
1548 1952 1601 1985 Cf.

921 2009 953 2034 et
968 2003 1050 2034 infra
1067 2003 1110 2034 iv.
1127 2004 1204 2034 890.

965 2054 1040 2085 698.
1080 2054 1131 2085 De
1162 2064 1238 2085 voce
1271 2055 1422 2085 deducere
1446 2052 1520 2086 vide
1557 2053 1599 2086 ad

922 2104 1059 2134 Metam.
1089 2103 1134 2134 iii.
1159 2104 1236 2133 480.
1286 2103 1385 2140 Nom,
1416 2103 1597 2140 cicatrices,

923 2163 994 2194 qua:
1012 2153 1042 2183 in
1055 2159 1129 2184 cute
1144 2152 1306 2195 discerpta
1320 2158 1463 2184 manent.
1488 2153 1601 2185 Horat.

923 2203 949 2233 I.
965 2203 1030 2234 Od.
1048 2203 1113 2234 xiii.
1135 2204 1194 2241 123
1221 2203 1381 2240 Tibullus,
1397 2203 1460 2236 IV.
1478 2202 1523 2235 iii.
1543 2204 1599 2236 10.

922 2258 942 2270 “
961 2252 1098 2285 hamatis
1112 2264 1203 2285 crura
1218 2259 1329 2285 notare
1345 2253 1470 2286 rubis.’'.
1491 2254 1598 2287 Fletus

923 2302 976 2334 ille
993 2314 1103 2345 parum
1124 2304 1217 2335 decet
1232 2309 1370 2335 armatos
1385 2303 1502 2341 hostes,
1517 2303 1600 2338 inter

922 2364 1002 2395 quos
1039 2354 1160 2385 Sextus
1194 2353 1365 2395 eloquitur.
1424 2354 1468 2385 Ut
1499 2365 1600 2387 secum

923 2409 1050 2433 tueatur·
1075 2405 1165 2439 bella,
1189 2409 1224 2434 ut
1249 2413 1282 2435 se
1307 2403 1437 2445 adjuvet
1456 2403 1487 2435 in
1513 2403 1600 2437 bello

923 2452 1044 2484 fortiter
1067 2452 1205 2493 gerendo
1226 2458 1258 2484 et
1277 2453 1504 2485 continuando.
1542 2454 1597 2486 Li-

923 2503 1003 2539 vius,
1019 2503 1109 2534 xxiii.
1121 2504 1177 2534 38.
1196 2507 1219 2520 “
1236 2501 1375 2545 pecunia
1399 2502 1440 2534 ad
1461 2502 1597 2536 classem

921 2553 1074 2584 tuendam
1085 2553 1271 2595 bellumque
1277 2553 1528 2586 Macedonicum
1538 2553 1597 2586 de-

921 2602 1047 2633 creta.’'

967 2652 1041 2683 701.
1065 2652 1136 2683 Liv.
1151 2662 1224 2694 cap.
1240 2653 1295 2684 54.
1320 2657 1340 2670 “
1355 2658 1444 2685 tanta
1467 2653 1599 2687 caritate

922 2707 1000 2738 erat,
1021 2707 1058 2733 ut
1078 2711 1141 2733 non
1164 2707 1255 2744 pater
1273 2701 1466 2744 Tarquinius
1486 2710 1598 2746 poten-

922 2750 982 2782 tior
999 2751 1123 2788 Romae,
1139 2762 1236 2794 quam
1248 2751 1332 2783 filius
1347 2751 1462 2784 Gabiis
1475 2753 1599 2785 esset.”

923 2800 1041 2832 Noster
1077 2802 1206 2833 amicum
1240 2801 1395 2839 nominat,
1422 2801 1599 2845 Dionysius
