1830 3220
221 182 280 223 20
617 180 668 222 Ρ.
703 172 917 221 OVIDII
951 177 1236 220 NASONIS

225 296 340 353 Hic,
369 296 454 345 ubi
481 311 614 343 nunc
642 294 809 342 Roma
832 301 925 350 est,
950 293 1181 342 incaedua
1206 294 1350 358 sylva
1372 294 1594 353 virebat3

293 375 560 439 Tantaque
587 389 665 422 res
690 373 867 438 paucis
893 389 1084 438 pascua
1109 373 1277 421 bubus
1299 380 1422 421 erat.

223 454 332 502 Arx
358 470 472 502 mea
495 452 638 501 collis
665 459 789 508 erat,
816 468 968 515 quem
994 452 1180 499 cultrix
1206 451 1409 500 nomine
1434 457 1611 499 nostro

295 531 574 596 Nuncupat
598 532 705 579 haec
731 538 869 587 aetas,
898 529 928 577 J
934 530 1292 593 aniculumque
1317 536 1482 578 vocat.
1545 531 1646 576 246

226 609 368 658 Tunc
395 627 489 674 ego
515 610 807 674 regnabam,
835 608 1034 673 patiens
1061 625 1218 672 quum
1243 614 1376 656 terra
1402 607 1628 655 Deorum

296 687 464 745 Esset,
492 695 544 736 et
568 687 801 736 humanis
827 687 1036 734 numina
1060 686 1223 734 mixta
1244 686 1386 734 locis.

226 765 467 814 Nondum
492 766 523 813 J
529 765 752 814 ustitiam
778 764 974 813 facinus
1000 765 1210 813 mortale
1235 763 1457 829 fugarat3

295 844 489 892 Ultima
513 844 577 893 de
602 843 798 909 superis
825 843 912 891 illa
934 842 1136 907 reliquit
1160 843 1369 891 humum
1392 860 1402 892 ε

1543 844 1644 890 250

226 922 430 986 Proque
456 930 594 971 metu
618 922 862 987 populum
882 921 989 969 sine
1015 921 1061 968 vi
1082 920 1244 986 pudor
1270 921 1379 986 ipse
1401 921 1642 985 regebat:

295 1001 480 1049 Nullus
507 1008 614 1049 erat
631 1001 784 1065 justis
811 1000 1021 1048 reddere
1041 1001 1157 1064 jura
1180 1000 1338 1049 labor.

228 1078 314 1127 Nil
339 1079 461 1126 mihi
487 1095 604 1127 cum
629 1078 764 1126 bello
789 1095 798 1126 :
839 1093 1019 1142 pacem
1045 1084 1323 1142 postesque
1347 1077 1558 1127 tuebar:

295 1155 362 1204 Et
386 1157 579 1206 clavem
604 1156 897 1215 ostendens,
929 1155 1071 1214 Haec,
1099 1156 1184 1214 ait,
1213 1173 1351 1206 arma
1376 1173 1513 1221 gero.

224 1233 488 1283 Presserat
511 1251 599 1283 ora
625 1235 794 1284 Deus:
835 1243 956 1283 tunc
982 1236 1055 1284 sic
1080 1242 1253 1285 nostra
1275 1252 1363 1284 ora
1387 1236 1600 1295 resolvo,

293 1313 432 1362 Voce
458 1330 572 1362 mea
595 1331 746 1363 voces
773 1314 1007 1364 eliciente
1033 1315 1131 1364 Dei
1154 1332 1164 1364 :

1543 1318 1645 1365 256

227 1391 397 1447 Quum
422 1399 498 1441 tot
521 1393 621 1441 sint
644 1393 778 1452 Jani,
806 1410 895 1442 cur
920 1401 1024 1442 stas
1051 1401 1278 1443 sacratus
1304 1394 1354 1442 in
1382 1410 1500 1451 uno,

294 1468 392 1518 Hic
418 1471 503 1518 ubi
523 1472 703 1535 juncta
726 1471 847 1520 foris
873 1473 1066 1537 templa
1089 1473 1288 1521 duobus
1314 1473 1509 1521 habes?

270 1672 345 1702 243.
376 1669 569 1704 Vastitatem
605 1672 730 1704 illorum
760 1672 899 1704 locorum

225 1721 330 1762 plures
342 1728 442 1763 poetae
455 1721 661 1763 descripsere,
677 1729 708 1753 et
722 1733 795 1753 cum
812 1733 900 1764 mag-

223 1770 384 1802 nificentia
394 1771 479 1802 urbis
490 1771 646 1802 Romanae
663 1778 900 1814 compararunt,

225 1825 261 1851 ut
280 1820 442 1863 Virgilius,
460 1822 537 1852 AEn.
552 1821 619 1852 viii.
641 1823 705 1854 314
726 1834 796 1864 sqq.
845 1823 899 1854 In-

223 1872 338 1902 caedua.
385 1870 521 1908 Plinius,
539 1873 582 1903 V.
597 1872 660 1914 Ep.
679 1872 720 1903 vi.
735 1874 765 1903 8.
780 1884 901 1904 nemora

223 1921 352 1960 antiqua
369 1919 535 1962 distinguit
556 1931 575 1952 a
598 1923 720 1959 caedius,
737 1922 768 1953 in
785 1922 903 1964 quibus

229 1969 333 2000 solent
353 1969 477 2001 arbores
495 1970 588 2001 caedi.
638 1971 737 2002 Tanta
760 1983 817 2008 res,
836 1979 902 2003 tam

225 2018 430 2059 magnificum
462 2025 560 2061 caput
585 2025 681 2051 tantae
708 2020 903 2063 reipublicae.

226 2069 292 2099 Arx
318 2080 394 2105 mea,
423 2075 487 2100 etc.
510 2080 572 2100 non
602 2081 712 2107 arcem,
736 2071 903 2113 palatium,

225 2116 393 2155 habebam,
413 2118 468 2150 sed
492 2118 614 2150 nudum
636 2120 763 2157 collem,
785 2121 817 2152 iu
839 2133 903 2164 quo

227 2166 393 2208 degebam.
456 2168 593 2205 Cultrir,
631 2169 772 2201 incolens
813 2182 901 2203 mon-

229 2222 305 2247 tem.

268 2267 347 2297 247.
378 2266 507 2298 Patiens
535 2268 671 2299 Deorum
702 2275 734 2300 et
761 2270 903 2303 humanis

227 2318 322 2347 mixta
352 2318 481 2348 numina
515 2319 586 2350 locis
618 2319 712 2361 paulo
748 2320 901 2353 audacius

226 2366 358 2403 dictum,
376 2377 473 2408 quum
491 2368 546 2398 Dii
567 2368 747 2401 habitarent
762 2370 795 2401 in
811 2372 902 2404 terris

227 2422 322 2457 atque
341 2415 420 2447 inter
436 2416 600 2456 homines;
625 2418 656 2448 id
682 2420 766 2460 quod
786 2427 853 2452 erat
867 2421 900 2452 in

226 2465 318 2496 bonis
329 2466 415 2497 aurei
426 2467 538 2498 seculi.
566 2469 710 2499 Nondum
724 2470 897 2507 Justitiam,

227 2521 288 2545 etc.
335 2514 387 2546 Sic
405 2522 436 2546 et
459 2516 594 2547 Metam.
613 2517 633 2547 i.
652 2519 725 2549 150.
743 2520 795 2549 ubi
817 2526 899 2561 post-

226 2564 459 2606 quam-facinus
475 2568 612 2603 mortale,
625 2567 764 2599 facinora
781 2575 895 2600 morta-

225 2613 282 2650 lia,
306 2614 482 2657 descripsit,
501 2616 626 2658 pergit:
653 2621 672 2633 ‘¹
690 2618 790 2660 Virgo
812 2619 899 2650 caede

226 2663 393 2696 madentes
432 2664 554 2697 Ultima
595 2667 762 2698 coelestum
802 2675 899 2700 terras

227 2713 352 2745 Astraea
361 2714 522 2757 reliquit.''
542 2717 647 2748 Etiam
659 2728 732 2748 cum
746 2729 816 2760 sqq.
827 2730 898 2750 con-

226 2762 271 2794 fer
292 2764 425 2796 Metam.
443 2764 463 2796 i.
484 2766 528 2797 90
545 2777 615 2808 sqq.
631 2773 663 2798 et
692 2769 763 2798 129.
785 2769 898 2809 quibus

970 1672 1085 1704 similia
1101 1671 1219 1704 Fabius
1235 1671 1342 1703 Pictor
1357 1677 1551 1703 narraverat.
1576 1672 1644 1704 Pu-

969 1724 1035 1758 dar,
1059 1721 1234 1753 moderatio
1261 1722 1402 1754 omnium
1430 1721 1646 1764 cupiditatum

970 1783 1067 1804 causa
1078 1772 1157 1815 justi
1174 1779 1206 1804 et
1223 1772 1318 1814 aequi.

1013 1824 1087 1854 257.
1111 1823 1187 1853 Jani
1203 1823 1317 1854 Romae
1337 1821 1526 1853 dicebantur
1545 1822 1644 1855 aedifi-

970 1873 1020 1904 cia
1049 1873 1204 1904 fornicata
1232 1879 1263 1904 et
1286 1871 1405 1915 pervia,
1433 1883 1489 1915 per
1513 1883 1588 1915 quae
1611 1873 1645 1906 in

971 1922 1050 1954 alios
1066 1922 1151 1954 vicos
1163 1921 1294 1954 transire
1309 1921 1438 1953 licebat.
1461 1922 1556 1954 Tales
1566 1923 1587 1955 J
1590 1924 1645 1955 ani

971 1978 1061 2003 erant
1081 1971 1198 2014 plures,
1221 1971 1263 2003 ad
1287 1971 1388 2003 forum
1403 1977 1480 2004 tres.
1519 1972 1646 2011 Livius,

972 2022 1030 2053 xli.
1058 2023 1112 2054 27.
1141 2022 1181 2054 de
1214 2021 1327 2053 Fulvio
1358 2021 1475 2053 Flacco
1502 2032 1646 2060 censore,

972 2077 994 2090 “
1010 2072 1143 2104 Curavit
1165 2072 1265 2103 sorum
1289 2070 1464 2113 porticibus
1489 2072 1645 2105 tabernis-

972 2132 1034 2164 que
1048 2121 1274 2158 claudendum,
1290 2126 1322 2152 et
1336 2121 1356 2153 J
1361 2131 1436 2153 anos
1448 2127 1510 2153 tres
1525 2122 1644 2155 facien-

971 2171 1065 2203 dos.''
1110 2171 1174 2203 Sed
1197 2171 1257 2203 hoc
1278 2171 1348 2203 loco
1367 2171 1503 2204 Lenzius
1525 2173 1646 2206 sacella

969 2221 1046 2254 Jani
1069 2221 1231 2263 intelligit.
1277 2222 1346 2252 διας
1369 2228 1519 2259 sacratus,
1545 2223 1648 2256 habes

970 2279 1120 2304 statuam.
1153 2273 1276 2313 Templa
1291 2273 1311 2304 J
1315 2282 1395 2303 auus
1410 2271 1549 2306 habebat
1562 2274 1623 2307 tria
1636 2288 1645 2306 τ

970 2322 1103 2364 primum
1120 2322 1280 2354 conditum
1297 2328 1345 2354 est
1365 2332 1385 2354 a
1400 2322 1550 2361 Romulo,
1565 2335 1647 2367 pace

969 2371 1049 2402 inter
1075 2372 1178 2414 ipsum
1207 2378 1239 2403 et
1265 2372 1393 2405 Tatium
1422 2373 1530 2406 facta:
1556 2375 1642 2417 quod

968 2421 1073 2463 ipsum
1111 2422 1220 2452 Numa
1246 2428 1386 2466 tempore
1421 2423 1509 2466 pacis
1536 2424 1646 2457 claudi

969 2470 1129 2502 instituit:
1161 2471 1294 2503 alterum
1324 2478 1460 2515 quatuor
1483 2479 1644 2516 portarum

969 2520 1027 2551 suit
1044 2520 1075 2551 in
1093 2521 1158 2552 foro
1183 2522 1343 2560 Romano,
1359 2525 1399 2555 ab
1419 2524 1567 2566 Augusto
1586 2524 1644 2556 ‹le-

968 2569 1132 2601 dicatum:
1164 2571 1196 2602 in
1224 2583 1287 2613 quo
1313 2573 1416 2605 Janus
1445 2573 1647 2616 quadrifrons

969 2619 1151 2651 colebatur:
1182 2622 1308 2653 tertium
1320 2623 1470 2665 junctum
1484 2629 1553 2655 erat
1556 2624 1644 2666 feris

968 2670 1094 2706 duobus,
1119 2669 1255 2713 piscario
1278 2679 1311 2704 et
1333 2672 1452 2710 boario,
1479 2684 1498 2705 a
1519 2673 1644 2706 Duillio

970 2719 1105 2760 positum
1137 2726 1168 2751 et
1192 2731 1210 2751 a
1253 2721 1379 2754 Tiberio
1414 2723 1646 2763 instauratum3

969 2768 1004 2799 ii.
1020 2770 1096 2800 201.
