1830 3220
578 195 651 237 IN
685 195 903 238 OVIDII
936 195 1096 238 IBIN.
1466 195 1554 237 523

132 313 214 357 tur,
253 309 486 351 Crassitius
526 312 831 366 grammaticus
873 312 1194 354 Commentario
1236 311 1470 359 luculento,
1508 310 1551 350 in

130 376 270 431 ipsum
293 379 424 426 edito,
444 380 553 420 adeo
575 380 787 428 inclaruit,
812 387 861 422 ut
884 381 962 422 hoc
985 381 1250 436 epigramma
1271 381 1326 422 de
1348 395 1400 421 eo
1423 380 1552 434 scrip-

131 450 223 487 tum
244 446 313 496 sit,
339 452 450 488 teste
474 448 699 497 Suetonio,
723 449 827 490 libro
844 449 899 490 de
923 449 1158 491 illustribus
1182 449 1511 491 Grammaticis:

291 526 371 564 Uni
393 527 578 566 Crassitio
597 541 638 566 se
658 527 811 566 credere
831 528 1000 580 Smyrna
1017 530 1193 581 probavit
1209 544 1216 566 ε

341 590 536 635 Desinite,
558 591 716 635 indocti,
738 592 915 643 conjugio
934 593 1033 631 lianc
1049 600 1192 644 petere.

289 653 371 692 Soli
392 655 577 693 Crassitio
595 669 635 693 se
655 654 757 693 dixit
776 656 923 693 nubere
941 655 1055 701 velle,

341 717 488 756 Intima
508 719 570 756 cui
589 718 659 757 soli
679 726 769 756 nota
787 733 857 757 sua
876 721 1111 759 exstiterint.

130 788 356 845 Smyrnam
386 799 531 834 autem
560 795 764 835 novennii
794 809 901 849 opus
929 795 1062 836 fuisse
1087 794 1284 837 Catullus
1311 800 1356 835 et
1379 793 1549 845 Quinti-

127 858 265 901 lianus
287 863 594 915 prodiderunt:
619 878 703 918 quo
727 862 908 905 fortasse
927 865 1122 919 respexit
1140 864 1349 905 Horatius
1372 863 1413 903 in
1437 863 1548 918 epis-

127 927 213 968 tola
252 930 306 970 ad
349 930 547 980 Pisones,
589 946 720 987 quum
765 933 977 987 praecipit,
1018 934 1223 973 duratura
1266 937 1466 987 poemata
1506 931 1548 972 in

127 1011 284 1039 nonum
307 1013 464 1041 annum
492 1002 727 1055 premenda
757 1015 865 1042 esse.
930 1001 1029 1043 Nec
1052 1002 1281 1050 omiserim,
1306 999 1550 1055 antiquissi-

126 1079 217 1107 mos
240 1074 390 1121 poetas
409 1069 462 1110 de
480 1070 692 1111 industria
708 1070 1012 1111 obscuritatem
1030 1071 1271 1120 affectasse,
1291 1076 1338 1111 ut
1351 1068 1549 1124 AEschyli

125 1136 376 1180 scholiastes
411 1141 577 1182 notavit
607 1141 661 1182 ad
693 1148 800 1191 Προμ.
821 1144 922 1191 δεσμ.
958 1142 1022 1183 his
1052 1142 1219 1183 verbis:
1250 1147 1295 1180 Οἱ
1324 1144 1467 1180 παλαιοὶ
1500 1144 1550 1178 τὰ

123 1208 304 1256 ποιήματα
333 1214 446 1248 αὐτῶν
469 1217 595 1262 πρῶτον
622 1213 686 1261 μὲν
714 1216 900 1263 αἰνίγμασι
928 1216 1167 1263 γεγράφασιν,
1188 1214 1328 1262 ὕστερον
1348 1210 1382 1247 δὲ
1402 1209 1546 1246 καθόλου

125 1277 272 1322 φανερῶς
289 1278 436 1326 ἐχρῶντο
455 1281 504 1323 τῷ
523 1277 623 1326 λόγῳ.

638 1491 908 1540 CAPUT
956 1490 1028 1538 ΙΙ.

285 1630 534 1658 GERMANUS
556 1631 664 1659 HUIC
686 1630 912 1659 OPUSCULO
935 1629 1126 1657 TlTULUS
1149 1627 1382 1656 ASSERTUS.

124 1741 677 1803 ANTVERPIENSIS
708 1761 840 1802 editio
874 1760 1006 1808 arida,
1029 1759 1157 1800 modo
1189 1757 1360 1812 pumice
1385 1755 1550 1796 valerii

125 1830 330 1885 expolita,
353 1830 430 1871 hoc
465 1831 588 1871 titulo
621 1830 936 1877 circumfertur,
963 1828 1015 1870 P.
1042 1827 1190 1868 Ovidii
1215 1825 1402 1867 Nasonis
1427 1824 1547 1866 Dirae

125 1899 168 1940 in
201 1899 315 1948 lbin,
350 1900 713 1954 quemadmodum
742 1898 967 1953 egregium
994 1896 1100 1937 illud
1133 1894 1392 1950 poemation,
1426 1894 1550 1948 cujus

125 1975 320 2011 autorem
349 1984 445 2010 esse
468 1968 694 2010 Valerium
725 1968 937 2009 Catonem
973 1965 1299 2021 grammaticum
1331 1963 1550 2018 perspica-

126 2040 263 2080 ciores
283 2039 543 2081 existimant.
608 2037 775 2079 Verum
798 2052 850 2078 ne
876 2037 950 2077 Dii
979 2037 1135 2083 sinant,
1157 2041 1206 2075 ut
1230 2034 1283 2075 ab
1310 2032 1548 2088 epigraphe

124 2115 304 2165 recepta
334 2109 628 2155 deflectamus,
657 2107 738 2148 nisi
769 2106 897 2147 libros
925 2119 1072 2146 omnes
1103 2109 1193 2144 tum
1229 2116 1428 2150 excusos,
1456 2108 1547 2142 tum

125 2186 325 2221 exaratos
349 2178 491 2219 valere
518 2177 775 2232 jubeamus:
809 2175 889 2215 nisi
915 2174 1104 2228 denique
1131 2171 1298 2213 Nasoni
1325 2171 1408 2225 ipsi
1429 2171 1547 2212 affin-

124 2264 291 2306 gamus,
316 2248 390 2303 qui
410 2262 456 2288 se
476 2247 554 2288 hoc
579 2246 849 2300 opusculum,
868 2243 1081 2285 Libellum
1103 2243 1144 2283 in
1163 2241 1260 2282 Ibin
1281 2240 1548 2295 inscripsisse

125 2319 289 2375 liquido
311 2323 497 2359 testatur
517 2331 607 2358 ver.
631 2316 700 2364 51,
723 2315 766 2356 in
785 2315 896 2356 hunc
916 2313 1115 2355 modum:

284 2412 341 2450 Et
360 2425 487 2463 neque
506 2425 648 2449 nomen
666 2411 708 2448 in
727 2411 810 2455 hoc,
831 2423 901 2448 nec
921 2410 1046 2448 dicam
1065 2409 1169 2447 facta
1187 2407 1319 2446 libello
1332 2422 1345 2453 ,-

125 2497 281 2537 iterum
305 2506 433 2534 versu
453 2490 563 2532 461:

286 2573 385 2610 Haec
402 2571 476 2610 tibi
493 2570 685 2621 tantisper
704 2569 833 2608 subito
852 2575 943 2607 sunt
962 2568 1077 2607 missa
1095 2567 1227 2606 libello
1241 2582 1253 2613 ,-

126 2679 212 2720 qua
244 2663 432 2705 dictione
466 2661 681 2716 poematia
701 2674 888 2715 quaeque
915 2660 1087 2714 proprie
1115 2658 1408 2713 designantur.
1473 2657 1546 2699 Sic

127 2734 241 2776 enim
263 2731 486 2775 Ausonius
510 2729 725 2785 Griphum
748 2744 872 2771 suum
894 2729 950 2770 de
963 2728 1171 2770 Ternario
1192 2741 1370 2769 numero
1391 2727 1546 2782 indigi-
