1809 3220
209 176 295 217 352

608 176 660 217 Ρ.
695 175 911 218 OVIDII
947 176 1230 219 NASONIS

210 294 347 341 Zona
370 293 494 341 latet
517 298 605 340 tua
629 309 778 351 nune,
803 300 853 342 et
873 310 982 342 cras
1009 295 1220 343 fortasse
1247 295 1453 353 latebit3

279 372 476 420 Dehinc
503 371 612 428 erit,
643 371 816 430 Orion,
844 372 1174 437 adspicienda
1197 374 1334 422 mihi.

209 450 277 498 At
303 451 343 498 si
370 467 467 498 non
493 458 628 499 esset
648 458 814 515 potus,
842 451 1056 501 dixisset
1081 453 1257 501 eadem

276 528 556 576 Venturum
583 535 784 593 tempus
813 530 1076 578 solstitiale
1103 531 1202 580 die.

1520 532 1618 577 790

211 607 497 655 Lucrrssno
525 608 788 664 subeunte,
819 608 970 656 Lares
996 610 1206 657 delubra
1230 610 1467 666 tulerunt,

277 685 374 733 Hic
401 686 485 733 ubi
511 686 566 733 fit
590 687 741 734 docta
765 688 924 735 multa
948 705 1131 736 corona
1155 706 1322 737 manu.

208 763 433 829 Tempus
467 765 601 812 idem
633 765 802 813 Stator
832 766 952 813 aedis
986 767 1156 823 habet,
1184 783 1336 832 quam
1367 766 1617 814 Romulus

276 843 410 891 Ante
438 843 657 891 Palatini
684 845 908 893 condidit
933 862 1019 893 ora
1037 846 1165 910 jugi.

1477 844 1617 908 [olim

207 921 321 969 T0T
351 938 605 969 RESTANT
627 923 690 970 de
711 940 884 971 mense
906 923 1030 980 dies,
1055 931 1178 988 quot
1200 924 1402 972 nomina
1422 922 1615 979 Parcis,

276 1000 445 1055 Quum
470 1000 588 1048 data
613 1008 728 1049 sunt
753 1003 939 1049 trabeae
965 1003 1170 1066 templa,
1201 1002 1426 1058 Quirine,
1455 1008 1570 1049 tuae.

208 1078 440 1126 TEMPUS
469 1079 622 1127 Iuleis
646 1097 757 1128 cras
783 1087 861 1128 est
885 1081 1050 1128 natale
1079 1080 1354 1140 Kalendis;

278 1157 524 1215 Pierides,
552 1158 731 1223 coeptis
758 1159 928 1206 addite
956 1175 1153 1207 summa
1176 1160 1320 1208 meis.

211 1235 398 1294 Dicite,
426 1235 670 1293 Pierides,
700 1237 813 1301 quis
839 1255 925 1286 vos
951 1239 1239 1303 adjunxerit
1263 1239 1361 1297 isti,

278 1315 375 1362 Cui
401 1316 542 1363 dedit
567 1316 746 1363 invitas
772 1317 903 1365 victa
928 1334 1143 1365 noverca
1168 1317 1379 1366 manus?

1521 1320 1617 1365 800

211 1393 295 1441 Sic
318 1411 439 1457 ego3
482 1394 552 1441 sic
581 1394 722 1442 Clio:
764 1396 883 1443 clari
910 1403 1236 1445 monumenta
1262 1395 1486 1460 Philippi

274 1471 540 1536 Adspicis;
583 1473 715 1520 unde
742 1473 895 1521 trahit
921 1474 1115 1523 Marcia
1139 1482 1278 1523 casta
1304 1490 1491 1538 genus:

208 1636 286 1657 nuos
311 1636 373 1657 non
396 1625 429 1656 in
454 1625 611 1667 signorum
636 1626 744 1662 initiis,
768 1626 822 1657 sed
847 1626 878 1657 in

208 1676 328 1708 octavis
362 1676 504 1718 partibus
545 1678 744 1715 statuebant:
782 1677 877 1709 Colu-

209 1727 315 1762 mella,
328 1727 374 1757 ix.
391 1727 446 1756 14:
478 1731 498 1744 ‘⁸'
517 1727 588 1757 Nec
618 1738 667 1757 me
694 1727 775 1758 fallit
798 1727 876 1770 Hip-

208 1777 315 1819 parchi
343 1776 432 1813 ratio,
463 1788 533 1819 quae
563 1776 655 1808 docet
684 1777 818 1808 solstitia
848 1783 879 1808 et

207 1827 399 1870 aequinoctia
428 1838 488 1858 non
518 1826 649 1863 octavis,
678 1827 733 1858 sed
771 1827 879 1869 primis

208 1877 349 1920 partibus
364 1878 521 1919 signorum
539 1877 663 1908 confici.
711 1878 830 1908 Verum
847 1878 879 1909 in

210 1928 269 1958 hac
308 1927 387 1958 ruris
427 1927 607 1970 disciplina,
647 1938 761 1969 sequor
795 1938 878 1959 nunc

208 1978 332 2009 Eudoxi
362 1984 394 2008 et
427 1977 579 2014 Metonis,
616 1979 878 2020 antiquorumque

207 2028 317 2059 Fastos
341 2028 579 2069 astrologorum,
606 2028 659 2070 qui
684 2034 756 2059 sunt
780 2028 879 2071 aptati

208 2077 342 2120 publicis
358 2077 559 2109 sacrificiis.'⁷

253 2129 326 2159 791.
351 2128 481 2159 Larium
496 2135 524 2159 et
539 2128 623 2159 Jovis
639 2129 769 2159 Statoris
785 2130 877 2160 oedes:

205 2178 245 2209 de
261 2179 389 2220 templo,
407 2177 490 2220 quod
507 2178 662 2209 Romulus
677 2178 745 2209 Jovi
762 2180 877 2209 Statori

208 2228 240 2259 in
263 2227 347 2259 bello
371 2239 442 2259 curn
467 2228 592 2259 Sabinis
616 2229 711 2265 vovit,
730 2228 802 2259 vide
824 2229 876 2259 Li-

206 2278 304 2315 vium,
324 2279 344 2309 i.
368 2280 425 2317 125
450 2279 587 2315 Florum,
604 2279 633 2310 Ι.
651 2278 671 2310 1.
690 2281 740 2310 13.
787 2279 877 2311 Posi-

207 2333 275 2359 tum
298 2334 366 2359 erat
390 2328 430 2359 ad
449 2334 570 2371 portam
590 2330 789 2371 Mugoniam,
807 2340 877 2371 quae.

207 2377 344 2409 ducebat
373 2389 392 2409 a
419 2379 472 2409 via
501 2389 590 2409 sacra
620 2379 660 2410 ad
694 2379 878 2417 Palatium3

206 2427 391 2470 Dionysius,
423 2428 458 2458 ii.
488 2430 540 2459 50.
596 2428 683 2459 Olim
714 2429 878 2463 edebatur.

210 2478 336 2518 Tempus
352 2480 427 2509 idem
444 2478 574 2508 Statoris
591 2480 661 2514 erit,
677 2479 832 2521 producta
848 2479 879 2510 in

208 2529 336 2558 Statoris
351 2528 451 2570 prima
467 2528 611 2570 syllaba3
635 2528 720 2570 quod
737 2528 807 2559 ferri
823 2540 877 2560 ne-

206 2577 285 2619 quit.
331 2577 481 2609 Heinsius
501 2577 597 2619 igitur
618 2589 657 2609 ex
675 2578 780 2609 Ursini
799 2580 878 2620 opti—

207 2638 268 2664 mo,
288 2638 350 2659 uno
372 2627 527 2659 Patavino
551 2634 583 2659 et
607 2628 747 2670 margine
772 2628 878 2659 Sarra-

207 2677 303 2714 viani,
320 2679 424 2709 Stator
437 2680 507 2710 adis
523 2680 607 2710 hahet
624 2678 755 2720 recepit.

254 2728 327 2759 796.
354 2729 473 2760 Trabea*
490 2736 548 2760 lucr
561 2729 655 2772 paulo
671 2728 791 2765 durius,
812 2728 880 2765 tibi,

206 2777 283 2819 quia
305 2778 460 2810 Romulus
478 2780 581 2810 trabea
601 2778 754 2820 insignis3
778 2779 799 2810 i.
820 2779 882 2817 373

948 1628 980 1659 ii.
1008 1629 1082 1659 504.
1133 1627 1301 1669 Templum
1331 1626 1410 1657 illud
1440 1625 1618 1668 antiquum,

947 1678 1054 1709 statim
1076 1684 1146 1720 post
1166 1676 1296 1708 Romuli
1319 1681 1451 1707 mortem
1471 1676 1619 1718 positum,

948 1729 1056 1760 Caesar
1077 1726 1273 1759 Octavianus
1293 1725 1468 1764 exornavit,
1487 1726 1619 1757 iterum-

948 1790 1010 1821 que
1027 1778 1200 1809 dedicavit.

993 1829 1176 1860 797—800.
1198 1828 1311 1858 Ultimo
1327 1829 1374 1859 die
1389 1829 1463 1858 oedes
1475 1827 1621 1859 Herculis

950 1879 1111 1910 Musarum
1138 1885 1269 1909 sacrata.
1316 1878 1364 1908 M.
1392 1877 1522 1909 Fulvius
1552 1878 1619 1909 No-

947 1928 1039 1960 bilior
1052 1939 1162 1959 novem
1173 1929 1337 1958 Musarum
1349 1927 1437 1968 signa
1448 1926 1621 1958 Ambracia.

949 1980 1085 2010 Romam
1107 1978 1259 2010 translata
1279 1978 1309 2008 in
1334 1977 1480 2009 Herculis
1500 1977 1618 2020 templo

947 2029 1107 2060 dedicavit
1146 2028 1297 2069 (Plinius,
1329 2028 1370 2059 35
1399 2037 1454 2058 seu
1482 2027 1536 2057 36.
1566 2027 1618 2067 4.)

947 2079 1043 2121 idque
1084 2079 1223 2109 RIareius
1262 2079 1424 2118 Philippus
1460 2076 1619 2115 restituit;

948 2128 1126 2164 Suetonius,
1143 2128 1281 2169 August.
1296 2129 1350 2159 29.
1397 2127 1572 2158 Eumenius
1586 2127 1619 2158 in

947 2178 1005 2209 Or.
1022 2189 1078 2220 pro
1098 2184 1171 2210 rest.
1187 2177 1262 2209 Sch.
1281 2188 1352 2220 cap.
1371 2179 1404 2208 7.
1428 2182 1537 2208 auctor
1555 2183 1615 2214 est,

947 2228 1104 2264 Fulvium,
1127 2227 1159 2259 in
1185 2227 1311 2259 Graecia
1337 2237 1435 2269 quum
1457 2232 1538 2257 esset
1559 2226 1619 2257 im-

946 2284 1084 2320 perator,
1102 2277 1261 2320 accepisse
1280 2277 1451 2308 Herculem
1468 2277 1621 2318 Musage-

947 2334 1010 2359 tem
1034 2339 1113 2364 esse,
1132 2328 1164 2358 id
1185 2334 1242 2364 est,
1269 2326 1416 2358 comitem
1439 2325 1619 2368 ducemque

947 2378 1126 2409 Musarum.
1162 2378 1212 2408 De
1229 2388 1265 2408 eo
1281 2376 1373 2408 valde
1391 2375 1515 2407 dubitat
1530 2377 1619 2418 Hey-

948 2427 1018 2458 nius
1032 2428 1064 2458 111
1081 2428 1204 2470 Opusc.
1221 2426 1346 2458 Acadd.
1367 2425 1427 2457 vol.
1442 2425 1474 2456 ii.
1490 2437 1520 2468 p.
1537 2427 1618 2465 3053

948 2477 1106 2508 recentius
1140 2488 1207 2509 esse
1238 2477 1385 2508 Herculis
1415 2487 1487 2507 cum
1517 2476 1621 2507 Musis

949 2527 1203 2558 contubernium.
1266 2527 1392 2567 Tempus
1422 2527 1524 2557 natale
1553 2526 1617 2556 Ka-

950 2579 1064 2615 lemlis5
1085 2578 1237 2613 oriuntur,
1255 2583 1327 2608 sunt
1341 2576 1511 2607 Kalendae.
1555 2576 1619 2606 No-

948 2639 1049 2665 rerca,
1073 2629 1170 2664 Juno,
1190 2629 1304 2658 invitas
1327 2638 1434 2657 manus
1457 2629 1552 2663 dedit,
1573 2626 1620 2657 in-

948 2679 1014 2708 vita
1039 2677 1143 2715 cessit,
1163 2678 1217 2708 ubi
1241 2677 1367 2719 Jupiter
1389 2677 1562 2707 Herculem
1586 2675 1620 2706 in

950 2728 1068 2759 coelum
1085 2728 1229 2770 accepit3
1254 2728 1387 2758 Metam.
1402 2726 1445 2757 ix.
1460 2727 1523 2758 254
1539 2736 1611 2767 sqq.

995 2779 1070 2810 802.
1098 2778 1231 2816 Marcia,
1256 2777 1345 2809 Fabii
1370 2776 1506 2807 Maximi
1532 2786 1621 2812 uxor,
