1809 3220
174 173 260 214 212

570 172 621 212 P.
657 170 874 214 OVIDII
910 170 1193 213 NASONIS

181 290 266 337 Sic
293 289 402 344 tibi,
431 304 585 352 quam
614 295 809 352 raptam
836 288 1083 351 quereris,
1111 286 1177 334 sit
1202 286 1305 334 filia
1330 302 1537 351 sospes:

251 368 442 430 Surge3
485 381 578 413 nec
606 365 805 428 exiguae
829 365 1039 430 despice
1066 372 1205 414 tecta
1227 380 1378 412 easae.

183 446 281 493 Cui
310 445 448 502 Dea3
489 443 622 501 Duc,
651 443 847 507 inquit3
885 444 1044 500 scisti,
1072 460 1176 508 qua
1201 459 1382 506 cogere
1407 457 1605 508 posses.

252 523 426 587 Seque
453 522 588 570 levat
612 538 756 577 saxo,
786 522 1222 586 subsequiturque
1248 537 1440 569 senem.

185 600 306 648 Dux
334 599 508 648 comiti
534 608 718 655 narrat,
748 615 900 663 quam
929 600 994 647 sit
1020 600 1114 647 sibi
1141 599 1272 646 filius
1299 614 1460 662 aeger;

251 677 361 726 Nec
389 678 560 742 capiat
586 693 807 734 somnoS‚
838 677 1171 741 invigiletque
1201 677 1362 725 malis.

1511 677 1611 723 530

185 756 279 804 Illa
305 755 653 821 soporiferum,
683 770 863 819 parvos
891 755 1075 802 initura
1098 762 1329 819 penates,

252 835 465 898 Colligit
491 834 678 898 agresti
705 834 818 882 lene
845 849 1065 898 papaver
1090 834 1259 882 humo.

184 913 320 962 Dum
347 914 485 977 legit,
514 913 672 961 oblito
697 911 854 960 fertur
879 920 1114 976 gustasse
1140 913 1328 977 palato,

252 991 584 1055 Longamque
611 991 908 1056 imprudens
936 990 1219 1038 exsoluisse
1245 990 1448 1039 famem.

185 1070 313 1125 Quae
340 1071 462 1134 quia
487 1070 736 1135 principio
763 1068 935 1134 posuit
954 1069 1151 1133 jejunia
1176 1068 1359 1126 noctis,

1510 1070 1609 1116 535

253 1148 481 1214 Tempus
508 1149 699 1197 habent
726 1158 906 1213 mystae
933 1147 1102 1196 sidera
1126 1148 1233 1196 visa
1257 1147 1375 1195 cibi.

189 1228 365 1276 Limen
392 1236 448 1276 ut
475 1229 693 1284 intravit,
722 1229 888 1276 luctus
915 1227 1052 1275 videt
1077 1227 1249 1274 omnia
1273 1226 1454 1291 plena:

252 1305 282 1353 J
288 1322 368 1354 am
395 1323 514 1371 spes
542 1307 591 1354 in
619 1322 775 1370 puero
801 1306 940 1353 nulla
965 1306 1143 1353 salutis
1170 1313 1294 1354 erat.

189 1382 357 1431 Matre
384 1384 618 1440 salutata,
648 1392 809 1432 mater
836 1383 1089 1431 Metanira
1113 1390 1338 1439 vocatur,

253 1461 479 1525 Jungere
505 1462 715 1524 dignata
739 1470 817 1510 est
842 1478 898 1509 os
925 1461 1117 1527 puerile
1143 1478 1252 1509 suo.

1512 1462 1613 1508 540

187 1539 359 1588 Pallor
386 1540 509 1596 abit,
538 1540 824 1604 subitaeque
849 1539 1021 1603 vigent
1046 1539 1096 1586 in
1123 1555 1333 1604 corpore
1358 1539 1517 1588 vires:

257 1617 453 1665 Tantus
480 1618 674 1666 coelesti
702 1618 838 1666 venit
864 1619 927 1666 ab
954 1634 1039 1666 ore
1065 1619 1231 1682 vigor!

186 1695 315 1744 Tota
335 1696 516 1743 domus
540 1696 656 1744 laeta
675 1707 753 1744 est
772 1713 781 1744 :
812 1696 906 1744 hoc
929 1703 1022 1752 est,
1042 1704 1321 1760 materque,
1344 1702 1611 1761 paterque,

257 1774 524 1838 Nataque:
566 1782 667 1822 tres
694 1774 763 1821 illi
792 1781 899 1822 tota
924 1773 1062 1822 fuere
1088 1774 1286 1822 domus.

189 1850 316 1899 Mox
343 1852 520 1916 epulas
549 1859 759 1916 ponunt,
787 1851 1064 1915 liquefacta
1089 1853 1304 1915 coagula
1326 1852 1477 1908 lacte,
1511 1853 1611 1899 545

257 1929 537 1994 Pomaque,
567 1938 618 1978 et
645 1931 695 1977 in
722 1930 910 1978 teneris
938 1946 1091 1978 aurea
1116 1931 1266 1978 mella
1290 1930 1432 1978 favis.

188 2007 430 2056 Abstinet
456 2009 588 2056 alma
614 2009 791 2065 Ceres,
820 2008 1087 2072 somnique
1113 2024 1366 2073 papavera
1390 2024 1572 2056 causas

260 2084 363 2133 Dat
387 2086 477 2133 tibi
503 2102 619 2133 cum
646 2086 820 2150 tepido
845 2086 976 2134 lacte
1002 2086 1241 2144 bibenda,
1271 2102 1413 2151 puer.

234 2264 421 2295 531—536.
443 2265 493 2295 De
503 2264 626 2307 jejunio
642 2265 792 2298 diuturno
807 2267 869 2299 Ce-

190 2312 266 2344 reris
282 2313 313 2344 in
329 2313 385 2344 illo
399 2325 501 2346 errore
517 2316 719 2347 consentiunt
737 2323 870 2350 veteres.

192 2363 232 2394 In
257 2363 375 2405 hymno
401 2365 571 2396 Homerico
594 2365 728 2408 primum
750 2368 870 2410 respuit

193 2412 282 2444 cibos
298 2413 468 2445 Metanirae
485 2414 706 2453 delicatiores;
722 2422 789 2447 tum
806 2428 870 2449 ver.

192 2463 270 2493 210.
288 2462 417 2494 cinnum
433 2464 641 2505 (Γλὴχωνα)
659 2465 751 2497 bibit.
778 2467 870 2498 Simi-

193 2512 264 2544 liter
281 2512 346 2543 fere
361 2513 444 2544 Met.
460 2525 491 2544 v.
503 2515 578 2545 450.
595 2520 627 2545 et
644 2515 766 2547 Arnob.
783 2516 870 2548 dieto

194 2561 276 2598 loco,
290 2562 344 2604 qui
360 2573 377 2593 e
394 2562 562 2594 Clemente
578 2563 679 2601 addit,
695 2565 728 2595 in
743 2566 868 2607 Mysta-

194 2623 263 2643 rum
289 2612 442 2654 symbolis
467 2613 576 2650 fuisse,
603 2614 750 2654 Jejzmavi
779 2622 871 2656 atque

193 2663 268 2692 ebibi
303 2673 470 2703 cyceonem.
528 2663 627 2705 Apud
655 2664 799 2695 Servium
829 2666 869 2697 ad

196 2712 313 2754 Georg.
329 2712 351 2743 i.
368 2713 444 2744 212.
457 2724 609 2753 papauera
633 2714 729 2745 sumit
750 2714 790 2745 ad
814 2716 868 2746 ob-

194 2759 343 2792 livionem
359 2761 488 2794 doloris.
521 2762 640 2803 Mystw,
651 2762 766 2795 initiati
783 2775 865 2805 mys-

938 2267 1025 2298 teriis
1040 2267 1224 2303 minoribus,
1235 2278 1307 2309 quae
1324 2266 1356 2298 in
1372 2267 1523 2299 honorem
1538 2268 1617 2300 Pro-

937 2317 1071 2359 serpinae
1086 2316 1342 2348 celebrabantur.
1378 2317 1430 2348 Ab
1446 2317 1484 2349 iis
1500 2317 1617 2350 diversi

941 2366 1074 2407 Epoptoe,
1090 2366 1205 2398 initiati
1221 2366 1381 2408 mysteriis
1396 2367 1566 2410 majoribus
1582 2367 1615 2399 in

938 2416 1089 2448 honorem
1119 2416 1243 2448 Cereris
1255 2428 1263 2456 ;
1293 2417 1357 2448 vid.
1384 2417 1546 2449 Meursius
1573 2417 1616 2450 de

939 2465 1122 2503 Eleusiniis,
1134 2467 1210 2497 item
1221 2465 1328 2497 Fisch.
1340 2466 1373 2497 in
1383 2466 1487 2499 indice
1500 2467 1616 2500 AEsch.

940 2516 981 2547 ad
995 2527 1106 2548 vocem
1122 2516 1286 2558 μυεῖσθαι.

983 2566 1058 2598 545.
1079 2565 1131 2597 De
1147 2566 1285 2608 coagulis
1300 2565 1429 2597 consule
1445 2573 1552 2598 notam
1571 2567 1614 2598 ad

939 2615 1021 2647 Met.
1035 2615 1102 2646 xiii.
1118 2616 1194 2647 830.
1228 2617 1276 2647 Ea
1293 2616 1449 2648 sumenda
1464 2616 1545 2648 dilui
1559 2627 1611 2648 so-

938 2665 1047 2696 lebant
1063 2665 1159 2697 lacte.

983 2715 1058 2746 547.
1083 2715 1180 2747 Ceres
1203 2726 1347 2758 puerum,
1363 2727 1462 2758 quum
1486 2716 1614 2747 immor-

937 2765 1033 2796 talem
1064 2764 1194 2797 reddere
1225 2765 1333 2803 vellet,
1358 2773 1454 2798 noctu
1480 2766 1512 2796 in
1540 2765 1614 2807 igne
