1830 3220
621 152 975 197 FASTORUM
1010 154 1132 197 LIB.
1167 155 1226 197 II.

1556 159 1642 202 103

213 267 405 316 Hortus
432 269 654 318 odoratis
682 272 890 320 suberat
915 272 1230 320 cultissimus
1257 273 1444 329 herbis,

281 347 466 396 Sectus
492 349 702 397 humum
730 350 834 398 rivo
861 351 975 399 lene
1001 351 1229 399 sonantis
1256 368 1421 416 aquae.

210 424 321 474 Illic
348 426 659 491 Tarquinius
686 429 927 477 mandata
952 429 1166 478 latentia
1191 430 1296 478 nati

1541 435 1638 480 705

279 504 502 569 Accipit,
531 513 582 554 et
606 506 747 570 virga
771 507 876 555 lilia
901 524 1102 556 summa
1127 508 1290 556 metit.

209 581 434 632 Nuntius
461 591 518 632 ut
543 585 709 641 rediit,
737 586 1060 650 decussaque
1087 587 1192 634 lilia
1217 587 1364 644 dixit,

277 661 452 719 Filius,
481 679 704 727 agnosco
725 666 869 728 jussa
895 666 1137 730 parentis,
1166 666 1254 714 ait.

208 739 320 789 Nec
349 758 504 799 mora,
534 743 852 807 principibus
878 744 1024 792 caesis
1051 760 1115 792 ex
1143 744 1267 791 urbe
1297 744 1517 801 Gabina,

274 819 567 869 Traduntur
591 822 809 870 ducibus
838 824 1024 870 moenia
1049 823 1185 870 nuda
1209 823 1332 870 suis.

1542 827 1640 872 710

207 897 361 956 Ecce,
390 899 531 948 nefas
558 901 684 959 visu,
714 903 894 950 mediis
922 902 1165 952 altaribus
1193 901 1376 966 anguis

274 976 414 1032 Exit,
444 986 498 1027 et
523 981 794 1030 exstinctis
822 982 1023 1046 ignibus
1050 989 1174 1031 exta
1195 981 1344 1046 rapit.

207 1055 507 1105 Consulitur
536 1058 792 1108 Phoebus:
835 1077 942 1109 sors
970 1068 1048 1109 est
1074 1061 1145 1108 ita
1169 1060 1399 1109 reddita:
1443 1060 1597 1109 Matri

272 1134 371 1190 Qui
400 1136 599 1186 dederit
626 1139 864 1204 princeps
891 1140 1082 1195 oscula,
1107 1139 1268 1187 victor
1294 1139 1404 1187 erit.

206 1213 401 1263 Oscula
426 1216 648 1281 quisque
675 1234 779 1265 suae
806 1219 952 1266 matri
981 1225 1254 1283 properata
1278 1218 1519 1275 tulerunt,
1539 1221 1636 1266 715

273 1293 391 1342 Non
417 1295 677 1344 intellecto
704 1298 914 1346 credula
938 1298 1087 1346 turba
1115 1297 1244 1346 Deo.

200 1490 367 1526 famulum,
383 1494 451 1523 τῶν
466 1491 688 1534 Θεραπόντων
705 1493 793 1526 τινά.
817 1495 879 1535 Ap-

197 1542 295 1582 pellat
321 1541 471 1577 alterum,
494 1542 549 1584 qui
573 1553 646 1573 cuni
674 1554 712 1575 eo
736 1544 814 1586 agit,
840 1545 880 1576 ab

200 1602 237 1623 eo
253 1591 409 1624 auxilium
422 1592 514 1636 petit,
531 1604 604 1624 eum
621 1601 721 1636 rogat.

243 1643 319 1674 703.
345 1643 442 1674 Hunc
469 1644 592 1674 hortum
617 1655 655 1675 ex
682 1644 811 1687 ingenio
835 1644 880 1677 sic

197 1694 364 1724 exornavit
395 1693 532 1725 Ovidius
570 1705 586 1725 e
625 1702 786 1738 praecepto
816 1695 881 1732 illo,

198 1742 458 1785 “irriguumque
495 1744 607 1775 bibant
642 1744 775 1776 violaria
813 1746 881 1776 fon-

202 1793 308 1824 tem.'’
354 1793 437 1825 Turn
460 1795 677 1837 papaveribus
706 1796 775 1826 lilia
805 1796 879 1826 sub-

199 1843 315 1875 stituit.
363 1843 475 1875 Secans
499 1844 584 1875 rivus
612 1844 742 1886 irrigare
768 1845 883 1876 melius

199 1893 326 1925 hortum
350 1899 467 1936 potest,
487 1905 585 1937 quam
607 1897 734 1935 sepiens.
784 1895 880 1932 Lene,

197 1943 322 1980 leniter,
339 1950 375 1975 ut
398 1945 489 1976 dulce
512 1946 626 1976 ridens.
674 1944 838 1981 Horatius,
856 1946 882 1976 I.

199 1994 303 2026 Od.i.
321 1996 375 2026 22.
391 1994 505 2026 eodem
529 2005 636 2032 sensu,
659 1999 678 2012 “
697 2006 790 2036 aquae
811 1995 883 2027 lene

195 2044 329 2086 caput.'’
377 2045 452 2076 Illic
465 2047 587 2086 accipit.
612 2045 798 2077 Secundum
814 2045 877 2078 his-

195 2095 399 2127 toricosilluc
413 2095 554 2127 traduxit
567 2095 727 2127 nuntium.
761 2095 877 2127 Laten-

196 2147 253 2183 tia,
269 2156 396 2178 arcana.
447 2146 531 2177 Lilia
556 2157 673 2177 summa
697 2149 793 2178 metit.
826 2146 878 2178 Sic

195 2195 303 2228 tacitis
323 2197 514 2239 ambagibus
533 2196 715 2239 respondet.
753 2196 878 2239 Diony-

197 2247 262 2278 sius
278 2253 442 2289 comparat
457 2247 561 2278 simile
572 2246 765 2289 Thrasybuli
782 2247 879 2279 Mile-

198 2296 236 2329 sii
251 2298 384 2330 sactum.
430 2298 580 2340 Agnosco,
595 2296 754 2338 intelligo.
782 2297 880 2328 Nuda

198 2349 338 2379 ducibus.
361 2347 473 2380 Livius
495 2352 517 2365 “
534 2349 612 2379 orba
634 2347 768 2378 consilio
789 2347 879 2379 auxi-

198 2398 345 2441 lioque.''

244 2449 320 2480 711.
344 2449 397 2480 De
427 2448 487 2480 hoc
517 2447 662 2491 prodigio
692 2448 735 2479 cf.
766 2447 787 2479 i.
823 2448 879 2480 56.

199 2499 345 2531 Pertinet
371 2499 412 2530 ad
433 2498 602 2530 consilium
627 2503 729 2540 poetae
752 2504 880 2541 propter

198 2550 360 2593 Apollinis
375 2560 560 2592 responsum
570 2555 603 2581 et
617 2550 769 2581 Brutum.
799 2550 879 2580 Pes-

199 2601 240 2632 tis
266 2611 366 2632 causa
395 2610 510 2643 pueros
539 2599 644 2641 regios
673 2598 784 2630 missos
812 2610 881 2631 esse

200 2651 337 2693 Dionys.
355 2651 401 2682 iv.
419 2651 473 2681 69.
488 2656 605 2681 narrat.
652 2650 774 2693 Anguis
788 2649 881 2681 Livio

201 2707 330 2733 auctore
345 2712 362 2733 e
384 2701 492 2743 lignea
511 2701 660 2732 columna
674 2700 764 2732 exiit.
811 2702 878 2732 An·
909 2720 917 2726 -

947 1497 1018 1537 guis
1033 1493 1204 1536 adspectus
1219 1492 1251 1524 in
1268 1492 1391 1524 aedibus
1404 1492 1504 1524 autin
1521 1492 1633 1525 itinere

949 1545 1038 1576 triste
1077 1543 1279 1587 prodigium:
1322 1543 1484 1574 Schwarz.
1523 1556 1554 1574 v.
1595 1545 1635 1576 ad

948 1594 1156 1637 Theophrast.
1185 1595 1234 1625 16.
1282 1594 1367 1625 Hinc
1398 1594 1484 1636 anirs
1509 1596 1586 1631 visu,
1604 1600 1636 1625 et

950 1645 1036 1688 apud
1060 1644 1200 1681 Livium,
1218 1649 1432 1686 “portentum
1457 1644 1633 1683 terribile,¹'

951 1695 1035 1738 quod
1068 1701 1219 1726 terrorem
1252 1695 1427 1736 fugamque
1453 1694 1484 1725 in
1515 1696 1637 1737 regiam

951 1746 1073 1783 fecerit,
1101 1745 1301 1788 dignumque
1335 1745 1482 1776 habitum
1511 1746 1563 1783 sit,
1594 1746 1634 1778 de

951 1807 1014 1838 quo
1031 1795 1211 1838 Delphicus
1225 1796 1305 1826 adeo
1319 1794 1435 1837 Apollo
1451 1796 1634 1827 consulere-

951 1852 1012 1878 tur.
1043 1845 1141 1878 Ovid.
1159 1845 1219 1876 tria
1234 1845 1339 1876 tristia
1356 1844 1491 1882 addidit,
1509 1846 1632 1883 altaria,

952 1902 1026 1928 exta
1041 1901 1144 1938 rapta,
1165 1895 1270 1937 ignem
1288 1895 1496 1926 exstinctum.
1542 1896 1635 1927 Errat

952 1946 1122 1983 Krebsius,
1163 1957 1263 1988 quum
1301 1945 1414 1976 docere
1453 1946 1532 1983 vult,
1571 1958 1636 1978 ser-

952 2004 1081 2040 pentem
1095 1997 1181 2028 hunc
1200 2002 1274 2028 exta
1290 1995 1465 2039 rapientem
1481 1997 1634 2029 eximium

947 2049 1068 2080 bonum
1111 2047 1321 2090 portendisse.
1388 2046 1634 2080 Narrationibus

948 2097 1165 2141 prodigiorum
1198 2103 1230 2128 et
1263 2096 1340 2128 alibi
1378 2108 1444 2128 ecce
1482 2097 1633 2140 praemitti

949 2148 1040 2185 solet,
1056 2154 1091 2179 ut
1107 2148 1199 2189 Virg.
1217 2146 1350 2178 AEneid.
1364 2145 1397 2176 ii.
1414 2147 1491 2178 203.

995 2198 1069 2230 713.
1087 2197 1225 2229 Ovidius
1238 2195 1336 2226 nimio
1349 2195 1516 2227 brevitatis
1527 2195 1634 2227 studio

949 2248 1113 2284 obscurus,
1142 2252 1198 2278 aut
1223 2246 1324 2277 falsus
1347 2245 1428 2277 adeo
1449 2246 1552 2277 factus
1575 2250 1635 2277 est.

949 2297 1107 2330 Perfectis
1134 2296 1235 2340 patris
1273 2295 1445 2333 mandatis,
1475 2295 1553 2337 regii
1579 2296 1632 2338 ju-

950 2358 1048 2380 venes
1077 2347 1293 2383 sciscitantur,
1326 2345 1366 2377 ad
1396 2357 1494 2388 quem
1524 2356 1633 2377 eorum

949 2409 1083 2441 regnum
1110 2398 1150 2429 sit
1173 2402 1355 2429 venturum.
1399 2397 1482 2428 Tum
1503 2395 1634 2427 demum

949 2449 1022 2486 hoc,
1047 2448 1133 2492 quod
1161 2447 1319 2490 sequitur,
1347 2457 1536 2489 responsum
1561 2446 1633 2478 red-

950 2498 1045 2530 ditur.
1091 2499 1139 2529 Eo
1155 2497 1234 2529 moti
1255 2496 1342 2540 apud
1364 2496 1492 2527 Livium
1516 2495 1635 2527 consti-

949 2554 1046 2580 tuunt
1079 2559 1145 2579 rem
1188 2545 1264 2578 sorti
1299 2546 1484 2589 permittere
1495 2557 1506 2585 ;
1544 2545 1632 2587 apud

951 2599 1087 2642 Dionys.
1125 2599 1220 2631 ambo
1257 2597 1353 2629 simul
1390 2596 1527 2629 osculari
1563 2606 1630 2627 ma-

949 2654 1042 2681 trem.
1084 2650 1269 2690 Properata,
1285 2657 1430 2691 propere.
1471 2647 1573 2678 Turba
1590 2645 1630 2677 de

949 2700 1086 2732 duobus.
