1830 3220
604 209 900 252 FASTORU
910 209 953 251 M
991 209 1110 252 LIB.
1146 211 1225 253 Vl.

1541 211 1628 254 :3:37

202 326 324 392 Ipsa
349 326 557 392 quidem
583 327 767 377 fecisse
794 336 961 393 negat,
990 330 1080 378 sed
1107 328 1239 378 sama
1266 328 1483 394 recepit:

267 405 380 455 Hoc
406 414 500 465 est,
529 424 618 456 cur
642 407 758 457 odio
785 409 850 456 sit
873 408 965 457 tibi
993 425 1136 458 serva
1161 425 1359 457 manus.

197 486 246 536 N
251 503 316 536 on
342 494 514 536 tamen
539 488 672 536 hanc
697 505 787 553 pro
813 488 972 554 stirpe
995 505 1087 537 sua
1110 489 1194 554 pia
1220 496 1381 538 mater
1406 489 1598 546 adoret,

265 565 388 631 Ipsa
412 583 591 632 parum
617 567 740 616 felix
764 568 872 617 visa
896 567 1053 617 fuisse
1080 585 1281 634 parens.

1526 571 1625 617 560

195 644 421 694 Alterius
448 647 643 712 prolem
669 647 849 696 melius
877 648 1182 696 mandabitis
1209 647 1298 704 illi,

269 724 453 774 Utilior
481 726 688 774 Baccho
716 743 871 791 quam
897 726 992 775 fuit
1016 729 1127 793 ipsa
1151 727 1273 775 suis.

199 802 346 852 Hanc
368 804 478 862 tibi,
493 804 606 860 Quo
622 822 883 870 properas,
902 813 1183 854 memorant
1198 806 1405 863 dixisse,
1430 804 1624 853 Rutili?

267 882 404 932 Luce
430 900 543 932 mea
570 883 744 932 Marso
769 885 947 933 consul
974 886 1038 933 ab
1064 885 1211 934 hoste
1238 885 1409 933 cades.

199 961 383 1011 Exitus
410 963 629 1012 accessit
652 964 848 1023 verbis3
890 964 1186 1029 flumenque
1212 963 1458 1012 Tolerium
1527 965 1624 1010 565

264 1041 531 1108 Purpureo
558 1043 733 1091 mixtis
759 1044 1006 1108 sanguine
1031 1043 1180 1092 fluxit
1205 1044 1369 1108 aquis.

195 1120 469 1170 Proximus
495 1138 657 1171 annus
684 1130 819 1171 erat:
863 1122 1152 1171 Pallantide
1178 1139 1342 1171 caesus
1368 1122 1547 1171 eadem

266 1200 451 1249 Didius
477 1200 688 1250 hostiles
715 1201 1044 1265 ingeminavit
1068 1218 1210 1266 opes.

240 1373 318 1404 559.
343 1373 506 1404 Matutam
530 1384 592 1405 non
616 1373 782 1405 invocasse
807 1384 876 1405 ma-

193 1428 259 1454 tres
278 1433 333 1465 pro
348 1423 423 1460 suis,
440 1422 496 1454 sed
515 1435 571 1466 pro
593 1434 733 1456 sororum
755 1424 874 1461 liberis,

195 1479 323 1517 propter
338 1484 468 1505 causam
479 1473 531 1506 hic
548 1475 701 1512 adlatam,
719 1480 826 1506 narrat
843 1481 875 1506 et

195 1523 361 1556 Plutarch.
379 1524 464 1556 dicto
480 1524 550 1556 loco
565 1537 596 1568 p.
613 1526 666 1557 84.

239 1575 427 1607 563—568.
462 1575 595 1613 Eodem,
627 1586 691 1618 quo
720 1576 873 1609 Matralia

193 1625 258 1663 die,
275 1636 357 1657 anno
373 1626 416 1658 U.
431 1626 470 1658 C.
487 1627 563 1658 663.
582 1626 614 1657 in
630 1626 715 1658 bello
731 1626 871 1658 Marsico

196 1676 350 1713 Rutilius,
365 1682 398 1708 et
417 1686 502 1708 anno
520 1677 662 1720 proximo
684 1677 800 1709 Didius
818 1688 870 1710 oc-

194 1727 291 1758 cisus.
338 1727 510 1759 Marsicum
534 1727 654 1759 bellum
675 1734 722 1759 est
739 1727 870 1765 sociale,

195 1777 282 1820 quod
320 1782 424 1808 ortum
462 1787 481 1808 a
520 1777 638 1809 Marsis
674 1777 875 1810 tradiderunt

194 1828 310 1859 Strabo
324 1833 356 1859 et
371 1827 505 1859 Diodor.
528 1828 664 1865 Siculus
678 1838 875 1871 quamquam

196 1878 353 1916 Velleius,
376 1879 409 1909 ii.
438 1878 487 1911 16.
509 1878 614 1921 potius
638 1879 678 1910 ab
701 1879 876 1911 Asculanis

193 1935 310 1966 ortum,
341 1928 459 1960 deinde
495 1939 513 1960 a
553 1929 668 1961 Marsis
704 1935 875 1972 exceptum

194 1986 312 2012 narrat.
358 1980 473 2022 Itaque
504 1985 535 2011 et
567 1979 704 2012 Ovidius
734 1979 876 2012 Marsum

192 2029 246 2072 <id
261 2036 321 2068 est,
337 2030 525 2067 Marsicum,
538 2035 574 2061 ut
586 2029 749 2067 Horatius,
765 2029 793 2062 I.
811 2030 874 2062 Od.

193 2081 216 2113 i.
231 2082 286 2113 28.
304 2081 428 2112 Marsus
438 2080 528 2123 aper)
539 2080 739 2124 potissimum
751 2080 873 2113 hostem

194 2138 359 2164 memorat.
404 2132 452 2163 Eo
468 2131 555 2163 bello
573 2131 612 2162 P.
629 2131 790 2163 Rutilium
806 2132 873 2163 Lu-

192 2195 266 2225 pum
276 2193 343 2214 cos.
359 2181 475 2226 periise
483 2187 607 2214 certum
624 2188 692 2222 est;
717 2181 874 2220 Velleius,

194 2232 282 2265 dicto
304 2233 394 2264 loco:
421 2232 532 2263 “Tam
554 2231 643 2263 varia
664 2238 762 2274 atque
784 2237 873 2263 atrox

194 2284 320 2316 fortuna
342 2283 449 2315 Italici
469 2282 545 2315 belli
569 2283 641 2320 fuit,
657 2288 694 2314 ut
709 2293 765 2325 per
784 2282 873 2314 bien-

198 2336 286 2368 nium
313 2335 501 2367 continuum
534 2334 598 2366 duo
629 2333 770 2366 Romani
801 2344 876 2365 con-

194 2387 282 2420 sules
296 2385 451 2424 Rutilius,
466 2397 503 2417 ac
517 2385 633 2417 deinde
647 2385 728 2417 Cato
743 2384 877 2416 Porcius

199 2439 241 2470 ab
252 2437 394 2469 hostibus
405 2435 662 2468 occiderentur.''
675 2435 797 2472 Florus,
808 2436 874 2467 111.

201 2487 291 2520 xviii.
318 2486 474 2529 12.fusas
494 2491 619 2519 tantum
642 2486 761 2517 Rutilii
778 2489 878 2527 cupias

198 2543 364 2571 memorat.
410 2538 524 2569 Nexus
564 2547 662 2569 causa
690 2548 754 2568 non
791 2536 876 2568 male

198 2589 336 2623 Ovidius
358 2589 523 2620 Matutam
541 2587 636 2620 deam
657 2587 782 2619 inducit
806 2588 875 2619 Ru-

193 2641 264 2673 tilio
295 2639 362 2671 fata
396 2638 635 2682 praedicentem.
680 2639 733 2671 De
765 2638 875 2670 Toleno

199 2701 294 2723 amne
309 2689 384 2721 vide
399 2688 530 2722 Cluver.
546 2689 622 2720 Ital.
640 2688 719 2720 Ant.
735 2688 771 2720 ii.
792 2689 842 2720 10.

242 2741 321 2773 567.
349 2740 438 2772 Titus
459 2740 575 2771 Didius
593 2750 677 2771 unus
699 2750 738 2771 ex
760 2747 875 2783 praeto-

197 2791 285 2824 ribus
300 2790 334 2822 in
347 2790 434 2823 bello
448 2789 601 2828 Marsico,
620 2795 654 2822 ut
668 2801 707 2822 ex
724 2789 875 2833 Appiano

199 2847 342 2881 constat3
365 2841 422 2873 sed
441 2840 589 2873 eumdem
609 2840 642 2872 in
664 2840 774 2872 eodem
788 2840 876 2872 bello

249 2892 352 2924 VOL.
375 2893 419 2924 V.

943 1373 1084 1416 periisse,
1093 1372 1202 1405 nullus
1212 1379 1354 1405 veterum
1367 1372 1508 1404 tradidit.
1520 1372 1622 1403 Immo

944 1424 1088 1456 Velleius
1104 1424 1136 1456 d.
1149 1424 1171 1455 l.
1188 1434 1260 1456 eum
1277 1423 1383 1466 potius
1397 1433 1469 1455 cum
1486 1423 1624 1454 Minatio

942 1474 1054 1517 Magio
1068 1475 1308 1506 Herculaneum
1322 1473 1444 1516 cepisse
1458 1479 1575 1510 narrat,
1593 1480 1625 1505 et

942 1525 1039 1568 paulo
1054 1530 1182 1568 post,ut
1197 1523 1291 1556 modo
1301 1524 1450 1560 vidimus,
1464 1524 1623 1555 Rutilium

942 1581 975 1608 et
993 1577 1138 1608 Catonem
1159 1576 1306 1607 Porcium
1326 1574 1480 1612 nominat,
1497 1574 1552 1617 qui
1570 1586 1623 1617 per

940 1626 1106 1658 biennium
1126 1626 1312 1658 continuum
1333 1625 1373 1656 ab
1389 1624 1532 1656 hostibus
1548 1630 1625 1660 caesi

941 1677 1019 1709 sint.
1047 1677 1160 1708 Florus
1175 1676 1207 1708 d.
1222 1676 1244 1708 l.
1261 1676 1386 1707 Julium
1404 1676 1551 1707 cirsai-em
1567 1687 1624 1707 no-

943 1727 1064 1758 minat:
1104 1731 1125 1746 “
1138 1727 1224 1758 Nam
1253 1726 1322 1769 ipse
1359 1726 1468 1758 Julius
1504 1725 1623 1762 Caesar,

944 1777 1086 1810 exercitu
1109 1777 1237 1814 amisso,
1255 1787 1353 1821 quum
1373 1776 1406 1807 in
1425 1777 1534 1809 urbem
1551 1787 1623 1808 cru-

945 1836 1038 1860 entus
1052 1829 1232 1866 referretur,
1244 1827 1417 1859 miserabili
1431 1828 1540 1860 funere
1557 1838 1624 1859 me-

946 1879 1032 1911 diam
1070 1879 1167 1911 etiam
1196 1879 1307 1911 urbem
1334 1877 1476 1921 perviam
1514 1878 1625 1910 fecit.'’

946 1930 1101 1973 Neapolis
1126 1930 1223 1973 igitur
1248 1941 1304 1973 pro
1332 1930 1494 1960 Proximus
1522 1942 1625 1962 annus

946 1988 1014 2013 erat
1028 1981 1090 2024 legi
1108 1981 1250 2018 volebat,
1267 1981 1378 2012 Annus
1394 1987 1460 2011 erat
1479 1982 1623 2018 decimus,

945 2043 1010 2074 quo
1031 2031 1166 2063 Didium
1190 2037 1326 2073 stragem
1348 2028 1511 2073 accepisse
1530 2039 1623 2074 puta—

944 2082 999 2114 bat
1017 2092 1036 2113 a
1055 2081 1191 2113 Sertorio
1208 2081 1303 2124 juxta
1322 2080 1430 2112 Baetin
1450 2080 1483 2111 in
1505 2081 1623 2124 Hispa-

943 2132 1009 2165 nia.
1046 2132 1110 2165 Sed
1126 2132 1212 2176 apud
1233 2131 1443 2164 Plutarchum
1458 2131 1491 2162 in
1506 2132 1624 2164 Sertor.

947 2184 997 2216 12.
1026 2183 1117 2226 cujus
1148 2181 1337 2214 auctoritate
1373 2181 1526 2225 Neapolis
1563 2182 1622 2215 hoc

943 2233 1107 2271 credebat,
1140 2232 1203 2264 duo
1228 2232 1357 2275 quidem
1386 2231 1458 2264 libri
1494 2231 1623 2265 Δείδιου

943 2284 1081 2324 habent;
1111 2294 1220 2315 verum
1250 2283 1309 2314 hoc
1334 2293 1449 2314 nomen
1479 2283 1523 2314 ibi
1554 2294 1621 2315 cor-

943 2340 1072 2378 ruptum
1086 2345 1155 2366 esse
1170 2339 1307 2366 constat.
1349 2334 1459 2371 Quum
1472 2341 1623 2377 excerpta

946 2386 1051 2417 Douz.
1068 2390 1100 2417 et
1115 2389 1251 2428 quatuor
1272 2383 1366 2415 codd.
1383 2395 1439 2427 pro
1455 2394 1547 2415 coesus
1566 2395 1621 2416 ex-

944 2436 1078 2468 hibeant
1103 2437 1214 2472 victus,
1243 2435 1430 2466 Taubnerus
1460 2434 1524 2476 legi
1554 2435 1623 2467 vult

945 2488 1053 2523 victor,
1069 2491 1105 2517 ut
1114 2496 1225 2517 sensus
1240 2484 1299 2516 sit:
1326 2484 1459 2515 Didium
1480 2484 1622 2517 effecisse

945 2536 1080 2569 victoria
1106 2547 1178 2575 sua,
1210 2542 1245 2567 ut
1271 2535 1377 2567 hostes
1412 2534 1518 2578 copias
1548 2546 1622 2568 suas

945 2593 1120 2631 augerent3
1145 2587 1259 2619 suadet
1284 2585 1382 2618 etiam
1408 2586 1524 2617 Didius
1547 2597 1617 2618 mu-

942 2644 1010 2670 tare
1023 2638 1056 2670 in
1071 2638 1200 2674 Lucius,
1213 2647 1329 2680 nempe
1342 2636 1437 2668 Cato.
1462 2635 1622 2678 Equidem

943 2689 1075 2721 arbitror
1094 2687 1250 2720 Ovidium
1271 2687 1397 2730 lapsum
1421 2697 1489 2718 esse
1513 2686 1545 2718 in
1562 2698 1617 2718 no-

942 2740 1041 2772 mine.
1089 2740 1272 2771 Pallantide
1290 2741 1403 2776 eadem,
1425 2743 1460 2769 ut
1481 2737 1522 2770 iv.
1543 2738 1619 2770 373.

946 2791 1072 2823 Postera
1090 2791 1279 2822 Pallantias.

1076 2891 1142 2921 Xx
