1809 3220
225 191 311 232 210

231 305 326 354 Est
351 320 536 369 specus
562 303 702 352 exesi
729 310 984 350 structura
1010 301 1226 366 pumicis
1253 317 1430 365 asper3

614 189 664 229 P.
700 186 918 228 OVIDII
954 185 1237 228 NASONIS

1551 302 1649 348 495

300 383 417 430 Non
444 381 631 429 homini
659 381 813 444 regio,
842 398 941 429 non
968 381 1203 428 adeunda
1228 379 1363 428 ferae.

230 461 345 516 Quo
371 460 519 507 simul
545 475 604 507 ac
629 459 781 516 venit,
809 458 1030 507 frenatos
1057 458 1287 506 curribus
1313 472 1505 520 angues

296 538 326 585 J
333 537 503 600 ungit3
545 545 596 585 et
620 552 882 601 aequoreas
909 537 1045 584 sicca
1070 542 1295 600 pererrat
1320 550 1495 599 aquas.

232 615 426 679 Effugit
449 622 501 663 et
528 614 725 680 Syrtes,
756 623 806 662 et
831 622 898 670 te,
928 614 1159 662 Zanclaea
1186 611 1481 677 Charybdi;

299 693 365 741 Et
391 709 494 749 vos,
525 692 571 740 N
579 693 701 750 isaei,
730 692 974 755 naufraga
999 698 1237 748 monstra,
1265 707 1447 749 canes3

1554 693 1654 739 500

230 771 610 835 Adriacumque
638 779 817 835 patens
840 770 958 827 late,
981 770 1329 833 bimaremque
1351 768 1649 817 Corinthon.

300 849 385 897 Sic
411 849 548 897 venit
573 849 636 897 ad
665 857 855 913 portUS,
884 848 1055 896 Attica
1080 855 1227 904 terra,
1255 855 1387 896 tuos.

233 927 330 975 Hic
358 928 576 992 primum
602 928 735 976 sedit
760 927 927 989 gelido
954 926 1278 974 moestissima
1300 941 1455 974 saxo:

302 1005 435 1052 Illud
465 1006 761 1070 Cecropidae
788 1022 920 1053 nunc
949 1021 1156 1069 quoque
1182 1004 1325 1052 triste
1350 1010 1549 1052 vocant.

235 1083 342 1130 Sub
367 1082 493 1130 Jove
519 1083 717 1130 duravit
742 1084 912 1131 multis
939 1083 1149 1130 immota
1173 1082 1372 1137 diebus,

1552 1083 1650 1129 505

303 1160 368 1208 Et
393 1161 524 1208 lunae
552 1161 767 1225 patiens,
796 1167 847 1208 et
874 1160 1104 1225 pluvialis
1131 1176 1293 1223 aquae.

238 1237 360 1284 Fors
387 1254 479 1285 sua
498 1238 682 1301 cuique
707 1239 818 1286 loco
839 1247 938 1287 est:
967 1255 1068 1302 quo
1089 1254 1222 1285 nunc
1247 1236 1475 1286 Cerealis
1499 1235 1651 1285 Eleu-

305 1315 502 1363 Dicitur
528 1316 622 1363 hoc
651 1316 793 1364 Celei
822 1333 934 1364 rura
958 1315 1113 1363 fuisse
1142 1316 1293 1363 senis.

277 1478 463 1509 495—498.
491 1479 542 1510 De
562 1481 715 1521 anguibus
730 1480 779 1510 vel
797 1480 902 1515 alatis,

233 1526 282 1557 vel
307 1538 368 1558 non
394 1528 498 1564 alatis,
515 1529 630 1570 quibus
654 1530 753 1560 Ceres
768 1530 906 1561 veheba-

234 1582 294 1612 tur,
318 1575 438 1608 dictum
463 1577 503 1608 ad
525 1579 607 1609 Met.
631 1589 661 1608 v.
677 1579 758 1609 642:
784 1579 856 1610 vide
876 1585 908 1610 et

235 1625 327 1656 Voss.
338 1625 369 1656 in
382 1626 625 1668 Epist.mythol.
635 1626 668 1658 ii.
680 1629 788 1669 p.l·23.
810 1628 907 1670 Apud

233 1681 365 1706 caeteros
379 1682 523 1707 auctores
536 1677 572 1707 iis
589 1688 649 1707 non
666 1677 763 1708 utitur
775 1676 806 1708 in
820 1688 906 1719 quae—

232 1724 329 1756 tenda
342 1725 407 1756 filia
417 1737 424 1759 ;
436 1732 467 1756 at
478 1737 560 1757 nunc
571 1726 864 1767 specnsinaccessus
875 1734 907 1759 et

234 1784 319 1805 mare
336 1774 439 1806 locum
456 1774 532 1806 dant
549 1775 587 1806 iis
604 1776 805 1807 adhibendis.
842 1777 906 1808 Pu-

235 1834 312 1859 mex,
330 1823 432 1855 omnis
448 1824 528 1867 lapis
544 1831 598 1856 aut
615 1836 708 1867 rupes
729 1833 906 1866 excavata;

233 1872 318 1904 unde
338 1873 440 1915 poetis
461 1874 558 1905 etiam
578 1885 655 1906 saxa
679 1874 724 1906 sic
747 1875 906 1913 dicuntur,

234 1923 349 1964 quibus
361 1923 500 1954 Deorum
513 1924 801 1966 Nympharumque
817 1932 908 1957 antra

234 1978 425 2008 constructa,
442 1973 537 2004 etiam
559 1984 635 2004 saxa
655 1984 743 2005 erosa
759 1974 790 2005 in
807 1975 906 2006 aedifi-

234 2021 292 2052 ciis
307 2021 346 2052 ad
363 2022 532 2063 imaginem
549 2033 662 2064 specus
684 2030 751 2054 arte
770 2024 906 2056 redden—

236 2071 331 2109 dam;
355 2070 490 2108 Plinius,
507 2072 614 2102 xxxvi.
630 2074 684 2103 21.
735 2073 844 2105 Esesus
857 2085 906 2105 so-

236 2120 339 2152 lemne
364 2121 398 2151 in
424 2121 482 2152 hac
508 2131 561 2159 re3
585 2121 700 2163 virgil,
724 2122 840 2164 Georg.
865 2124 907 2155 iv.

237 2172 300 2201 418
315 2183 320 2201 :
340 2176 360 2188 ‘³
375 2171 431 2202 Est
445 2182 558 2213 specus
574 2171 685 2213 ingens
701 2172 794 2203 Exesi
810 2173 908 2205 latere

236 2221 268 2251 in
285 2220 434 2251 montis.'’

281 2271 357 2301 499.
382 2270 434 2301 De
459 2271 598 2311 Syrtibus
621 2271 662 2302 ad
686 2273 824 2303 Metam.
843 2272 907 2302 viii.

240 2321 318 2359 1203
335 2319 374 2351 de
392 2321 549 2361 Charybdi
563 2328 594 2352 et
610 2321 714 2362 Scylla
732 2322 770 2353 ad
785 2322 840 2353 vii.
853 2323 907 2354 63.

236 2369 368 2401 dictum.
392 2370 520 2412 Scyllaei
536 2381 619 2402 nunc
635 2378 789 2403 vocantur
802 2372 907 2409 Nisaei,

237 2420 312 2462 quia
336 2421 444 2462 Scylla
468 2420 539 2450 Nisi
563 2420 649 2459 filia3
678 2421 758 2452 ibid.
777 2421 844 2452 viii.
859 2422 908 2453 in-

237 2469 303 2501 itio.
356 2469 537 2511 Navgf'raga,
567 2469 605 2501 ad
639 2481 710 2512 quae
742 2471 909 2513 naufragia

237 2519 328 2551 fiunt.
354 2518 406 2549 De
423 2520 531 2550 bimari
546 2519 699 2551 Corintho
715 2520 755 2550 ad
772 2521 907 2552 Metam.

238 2581 269 2601 v.
282 2569 359 2600 407.

282 2619 357 2650 502.
371 2619 535 2649 Errantem
550 2618 697 2649 Cererem
712 2619 744 2649 in
761 2621 907 2656 Atticam,

237 2670 269 2700 in
286 2667 465 2700 Eleusinios
478 2667 607 2709 quidem
624 2678 714 2709 agros
730 2668 862 2705 venisse,
875 2668 907 2700 in

238 2729 274 2750 eo
303 2717 504 2750 consentiunt
532 2728 610 2759 quos
645 2728 739 2759 supra
766 2717 906 2755 laudavi,

237 2767 412 2810 scriptores
460 2768 663 2809 Quamquam
680 2773 711 2797 et
728 2767 780 2798 alii
798 2768 905 2810 populi

1534 1316 1651 1378 [sin‚

974 1479 1098 1511 Cereris
1117 1479 1302 1515 adventum,
1317 1479 1512 1521 sationisque
1529 1480 1647 1522 princi-

974 1531 1060 1571 pium
1075 1528 1114 1559 ad
1129 1539 1162 1559 se
1174 1528 1353 1564 trahebant,
1363 1528 1647 1570 Argivi‚ArcadeS,

974 1579 1083 1610 Siculi.
1130 1579 1232 1621 Prope
1251 1578 1432 1610 Eleusinem
1455 1579 1600 1611 consedit
1615 1580 1646 1612 in

975 1641 1042 1661 saxo
1056 1630 1114 1660 sub
1133 1629 1204 1661 olea
1216 1629 1310 1671 juxta
1331 1635 1462 1671 puteum
1483 1630 1650 1662 moestissi-

977 1689 1039 1710 ma.
1067 1679 1186 1709 Saxum
1199 1678 1384 1720 Cecropidae
1396 1685 1548 1710 vocarunt
1557 1679 1651 1723 Ἀγέ-

976 1730 1115 1765 λαστον,
1126 1730 1139 1768 <
1146 1728 1295 1769 Apollod.
1304 1729 1463 1770 Hesych.)
1471 1729 1555 1771 quod
1567 1730 1650 1762 Nos-

977 1784 1022 1810 ter
1033 1781 1120 1809 triste
1132 1777 1356 1820 interpretatus
1365 1784 1423 1809 est.
1439 1778 1492 1810 Ad
1505 1783 1648 1821 puteum,

977 1827 1061 1859 haud
1081 1827 1177 1858 dubie
1194 1827 1354 1863 eumdem,
1370 1832 1480 1868 postea
1503 1829 1651 1861 mulieres

977 1877 1105 1908 chorum
1114 1876 1549 1920 instituerunt,dixeruntque
1558 1880 1650 1911 Καλ-

975 1927 1137 1968 λίχορον;
1162 1926 1234 1957 vide
1251 1926 1354 1968 Ilgen.
1371 1925 1411 1957 ad
1428 1926 1536 1970 hymn.
1581 1929 1649 1960 Ho-

977 1977 1085 2008 meric.
1100 1987 1165 2008 ver.
1181 1978 1234 2008 99.

1019 2026 1094 2058 507.
1119 2026 1149 2057 A
1172 2026 1342 2059 Metanira.
1362 2026 1445 2058 Celei
1468 2037 1578 2064 uxore,
1595 2039 1650 2060 ex-

976 2076 1091 2118 cipitur
1104 2076 1200 2107 etiam
1217 2075 1248 2106 in
1262 2075 1380 2117 hymno
1391 2076 1572 2114 Homerico,
1588 2080 1650 2112 105

976 2136 1047 2168 sqq.
1064 2131 1226 2167 praeeunte
1246 2125 1390 2167 Pampho
1406 2127 1520 2167 (Paus.
1534 2128 1556 2159 i.
1573 2129 1649 2170 39.)

977 2182 1009 2207 et
1023 2175 1109 2217 apud
1126 2174 1366 2217 Apollodorum.
1403 2175 1481 2214 Alii,
1497 2186 1532 2209 ut
1548 2179 1650 2222 Hygi-

977 2236 1047 2260 nus,
1077 2224 1260 2256 Eleusinum
1297 2235 1405 2267 regem
1441 2227 1650 2262 substituunt.

977 2276 1082 2306 Etiam
1099 2275 1232 2306 Celeum
1256 2275 1362 2307 caeteri
1386 2275 1507 2308 faciunt
1529 2288 1650 2320 regem,

975 2325 1092 2356 Noster
1121 2324 1283 2356 rusticum.
1335 2325 1518 2358 Secundum
1547 2327 1649 2360 Arno-

975 2373 1075 2408 bium,
1087 2374 1271 2405 Eleusmum
1288 2384 1398 2416 agrum
1415 2380 1480 2406 tum
1491 2376 1648 2419 Triptole-

977 2434 1058 2459 mus,
1067 2422 1238 2465 Dysaules‚
1250 2424 1415 2455 Eubuleus
1427 2431 1460 2456 et
1473 2426 1649 2469 Eumolpus

977 2473 1188 2509 incoluerunt,
1205 2483 1337 2514 quorum
1354 2473 1474 2516 primus
1488 2476 1647 2518 boumju-

977 2529 1078 2564 gator,
1102 2522 1182 2553 alter
1207 2523 1380 2563 caprarius,
1403 2524 1514 2556 tertius
1538 2536 1648 2568 porco-

977 2583 1045 2603 rum
1062 2578 1178 2608 custos,
1195 2578 1326 2614 quartus
1341 2573 1438 2615 opilio
1453 2573 1561 2606 fuerit.
1607 2576 1647 2607 In

977 2621 1096 2663 hymno
1115 2622 1245 2653 Homer.
1263 2633 1327 2653 ver.
1346 2623 1408 2654 153
1427 2633 1476 2665 sq.
1490 2623 1646 2666 Triptole-

977 2681 1058 2707 mus,
1074 2671 1221 2706 Dioclus.
1239 2672 1442 2714 Polyxemus,
1458 2673 1646 2716 Eumolpus,

977 2720 1134 2752 Dolichus
1161 2727 1194 2752 et
1217 2721 1346 2757 celeus,
1367 2732 1512 2763 proceres
1541 2728 1645 2760 terrae,

977 2769 1189 2801 nominantur.
1241 2770 1315 2800 Fors
1344 2770 1384 2801 ad
1414 2770 1647 2804 vicissitudines
