1830 3220
569 185 642 227 IN
676 184 893 228 OVIDII
928 183 1179 227 FASTOS.
1497 186 1582 227 4οῑ

152 301 351 350 inditum,
374 303 488 358 quod
512 303 746 344 semihomo
770 303 1004 358 explicant,
1023 304 1168 344 nescio
1187 301 1383 357 quojure
1400 302 1578 358 fatoque

152 371 194 411 in
227 371 343 413 libris
375 372 676 427 antiquitatem
714 372 1045 427 explicantibus,
1080 373 1134 413 ad
1166 386 1314 413 omnes
1345 371 1498 414 heroas
1530 378 1576 414 et

152 440 365 481 semideos
399 441 589 490 transiit;
627 455 752 496 aeque
784 441 1026 482 mirandum
1059 455 1127 482 me
1157 441 1322 496 judice,
1359 455 1407 482 ac
1447 442 1481 482 si
1513 442 1576 483 di-

149 509 358 550 visionem
379 510 491 551 illam
513 510 554 551 in
574 510 677 551 deos
695 510 905 565 majorum
923 515 967 551 et
984 510 1194 551 minorum
1213 511 1421 566 gentium,
1443 525 1571 566 quam

151 578 244 620 fere
271 579 420 634 jocose
455 580 548 622 Cic.
582 581 712 621 Tusc.
745 580 771 621 i.
807 579 877 621 13.
909 595 934 620 a
965 585 1119 621 senatu
1153 580 1350 621 Romano
1382 580 1436 621 ad
1470 582 1575 622 deos

151 648 354 690 transfert
379 650 497 703 (alibi
527 650 656 691 etiam
686 650 737 691 ad
771 649 955 698 Stoicos,
983 649 1124 690 Acad.
1156 650 1213 691 iv.
1237 649 1329 702 41.)
1355 655 1575 705 tamquam

152 717 302 771 priscis
323 719 557 760 solemnem
582 719 621 759 in
646 719 760 759 libris
783 718 1082 774 mythologicis
1105 719 1217 759 serio
1239 719 1436 773 adoptari
1453 720 1574 761 vide-

152 802 271 837 mus;
305 803 434 843 quum
461 789 642 837 Stoicos,
666 789 708 830 in
729 803 835 843 quos
858 788 1056 829 eamdem
1081 788 1333 829 divisionem
1355 789 1573 839 transfert,

151 857 194 898 in
213 858 421 913 majorum
443 864 487 899 et
509 858 716 899 minorum
739 857 932 913 gentium
955 857 1126 898 Stoicos
1148 858 1258 898 serio
1277 857 1472 899 dividere
1490 873 1572 899 non

151 926 278 969 facile
311 928 381 969 cui
412 928 452 969 in
487 934 675 969 mentem
714 927 873 969 veniat.
938 926 1060 968 Citra
1091 926 1269 968 dubium
1308 927 1360 968 ab
1398 928 1576 983 antiqua

151 997 377 1053 scriptura,
417 998 485 1039 vel
526 1013 549 1039 e
584 997 726 1039 Fastis
760 996 904 1038 Praen.
937 1002 1038 1037 nota
1072 996 1103 1050 (i
1140 1011 1217 1051 pro
1250 1011 1289 1045 e,
1323 996 1465 1038 Viniri
1495 1012 1573 1052 pro

152 1065 349 1119 Venere)
382 1068 625 1122 profectum
663 1073 745 1115 est,
775 1067 809 1108 si
839 1066 1145 1115 Tertullianus,
1170 1067 1244 1122 qui
1271 1067 1449 1117 Simoni,
1478 1069 1574 1109 Deo

151 1137 313 1178 Sancto
334 1137 495 1192 templo
521 1137 772 1192 inscriptum
799 1137 981 1192 legeret,
1004 1136 1222 1178 Simonem
1245 1151 1418 1192 magum
1449 1136 1571 1190 (Act.

150 1205 236 1248 viii.
257 1205 347 1258 18.)
369 1206 525 1249 Romae
548 1207 709 1248 cultum
731 1206 810 1248 sibi
833 1205 1170 1262 deprehendisse
1188 1206 1442 1257 videbatur3
1471 1207 1571 1250 vide

152 1274 297 1331 Neap.
324 1276 377 1318 ad
401 1277 457 1318 vi.
480 1276 580 1318 213.

209 1345 282 1387 Ad
306 1347 508 1387 eumdem
530 1346 734 1401 populum
762 1346 950 1400 pertinet
974 1347 1057 1387 dea
1081 1347 1280 1400 quaedam
1306 1346 1476 1395 bellica,
1496 1361 1574 1401 pro

149 1429 287 1456 uxore
314 1415 466 1456 Martis
494 1415 554 1456 ibi
582 1415 741 1463 habita,
771 1415 969 1464 Neriene,
998 1414 1152 1463 Nerio,
1183 1415 1321 1456 Neria
1351 1419 1418 1467 (ut
1441 1415 1571 1463 Anio,

149 1482 316 1538 Anien)
336 1500 464 1540 quam
486 1486 614 1527 docta
635 1485 928 1540 disputatione
951 1500 1007 1526 ex
1029 1484 1171 1534 Ennii,
1195 1485 1349 1526 Licinii
1372 1485 1571 1527 aliorum-

149 1567 235 1608 que
260 1554 363 1595 locis
393 1555 582 1596 vindicat
611 1553 727 1596 Gell.
754 1554 845 1595 xiii.
874 1554 955 1602 2:2;
989 1555 1045 1596 cf.
1068 1569 1179 1596 vers.
1208 1554 1416 1596 Varronis
1442 1570 1572 1610 supra

150 1623 205 1664 de
248 1623 463 1666 Perenna.
534 1624 754 1666 Virtutem
797 1628 842 1665 et
881 1623 1180 1665 fortitudinem
1222 1624 1417 1679 ipsa-vis
1454 1625 1572 1666 vocis

150 1692 304 1742 innuit,
331 1709 428 1749 quae
454 1694 497 1735 in
527 1709 766 1750 cognomen
794 1693 1090 1742 Claudiorum,
1117 1693 1289 1734 Sabinae
1317 1694 1474 1749 gentis,
1498 1697 1572 1749 qui

153 1780 179 1806 a
211 1764 462 1806 fortitudine
495 1763 697 1805 Nerones
730 1762 1073 1818 appellabantur,
1106 1763 1296 1812 transiit;
1329 1763 1430 1805 vide
1461 1763 1570 1805 Sue-

150 1834 329 1882 tonium,
356 1833 503 1874 Tiber.
530 1833 582 1874 l:
616 1834 735 1874 Nero
767 1833 914 1889 linqua
940 1832 1103 1873 Sabina
1118 1832 1260 1889 fortis
1287 1839 1327 1873 et
1357 1839 1570 1874 strenuus.

152 1905 192 1948 E
223 1905 360 1960 Lydo,
384 1920 425 1960 p.
455 1903 526 1945 85.
557 1904 756 1945 eamdem
788 1902 942 1944 Romae
974 1917 1072 1944 cum
1097 1902 1240 1943 Marte
1266 1903 1417 1943 marito
1438 1903 1571 1944 Tubi-

150 1974 289 2016 lustrii
310 1975 380 2015 die
403 1973 562 2015 cultam
584 1987 680 2014 esse
706 1972 1019 2028 cognoscimus,
1042 1971 1115 2013 ubi
1138 1971 1335 2013 eamdem
1360 1971 1570 2027 interpre-

151 2045 358 2087 tationem
381 2043 543 2098 adjicit.

209 2113 261 2156 In
287 2112 629 2154 Tusculanorum
656 2111 934 2167 religionibus
961 2111 1208 2153 domesticis
1236 2111 1455 2166 praecipue
1484 2111 1572 2152 lau-

149 2185 278 2226 datur
299 2183 425 2225 Maia
448 2187 623 2238 (magna
649 2182 764 2231 Dea)
788 2196 885 2237 quae
907 2180 1104 2223 tellurem
1128 2180 1293 2222 referre
1317 2181 1502 2229 videtur,
1528 2186 1574 2221 et

150 2253 340 2296 Vulcani
370 2267 481 2294 uxor
512 2251 683 2293 dicitur.
746 2250 880 2292 Forte
918 2256 964 2291 et
1002 2250 1160 2298 Maius,
1188 2250 1232 2291 id
1266 2255 1348 2299 est,
1381 2264 1571 2291 summus

147 2324 273 2371 deus,
300 2321 490 2364 Vulcani
522 2336 679 2363 nomen
713 2321 828 2376 apud
860 2319 1037 2361 Tuscul.
1069 2320 1166 2368 fuit,
1200 2319 1283 2361 etsi
1314 2320 1572 2375 plerumque

152 2392 319 2434 Maium
340 2392 394 2432 ad
411 2391 441 2435 J
445 2405 571 2432 ovem
592 2391 802 2432 referunt.
835 2388 1112 2431 Vindicanda
1133 2388 1216 2430 erit
1238 2389 1391 2430 eadem
1411 2388 1571 2439 Gellio,

149 2461 242 2503 xiii.
266 2461 337 2502 22.
359 2460 433 2502 ubi
455 2460 576 2509 Naia
600 2459 773 2504 Volcani
795 2459 910 2514 apud
935 2457 1127 2500 Gronov.
1149 2473 1377 2514 perperam
1399 2458 1572 2513 legitur.

150 2531 223 2574 Ab
251 2531 458 2573 alterutro
488 2536 634 2572 autem
662 2529 828 2570 Maium
859 2543 1051 2571 mensem
1079 2543 1237 2570 nomen
1266 2529 1425 2570 habere
1451 2528 1574 2569 adse-

150 2606 252 2642 runt
281 2606 479 2641 auctores
509 2599 626 2654 apud
657 2598 850 2640 Mam-ob.
883 2599 999 2653 quod
1028 2599 1082 2639 ad
1112 2598 1457 2653 probabilitatem
1485 2611 1573 2637 om-

150 2671 268 2712 nium
304 2670 500 2725 proxime
539 2669 722 2717 accedit,
755 2674 800 2709 et
835 2667 1008 2723 plurimi
1041 2668 1208 2710 Bonam
1248 2667 1403 2716 Deam,
1438 2666 1508 2707 die
1546 2665 1573 2706 1

155 2740 263 2782 Maii
284 2740 366 2782 coli
387 2740 570 2790 solitam,
592 2740 646 2781 ad
668 2739 775 2780 hanc
796 2738 957 2780 Maiam
979 2738 1186 2779 referunt.
1240 2737 1374 2778 Forte
1392 2735 1572 2784 Faunae,

215 2822 330 2852 von.
358 2822 403 2851 V.
1145 2807 1174 2847 3
1199 2819 1222 2848 F
