1830 3220
582 202 936 246 FASTORUM
971 204 1092 246 LIB.
1130 205 1165 245 Ι.
1539 208 1596 248 49

173 321 341 368 SEPT1
353 337 390 367 M
402 336 462 367 Us
490 319 607 367 hinc
633 320 800 368 oriens
827 338 985 385 quum
1013 338 1067 369 se
1093 321 1355 370 demiserit
1381 323 1545 376 undis,

239 398 476 462 Fulgebit
499 404 608 446 toto
627 400 734 463 jam
763 399 896 465 Lyra
921 400 1060 448 nulla
1085 401 1218 465 polo.

169 477 388 525 SIDERE
417 477 480 524 ab
508 477 620 534 hoc,
650 477 798 540 ignis,
820 478 1043 526 venienti
1072 486 1240 534 nocte,
1262 478 1447 527 Leonis
1497 482 1594 528 655

236 555 336 611 Qui
362 555 517 603 micat
542 556 591 603 in
618 556 786 604 medio
813 564 1035 621 pectore,
1065 573 1260 604 mersus
1287 557 1397 605 erit.

166 634 285 682 TER
311 642 493 699 quater
513 635 668 682 evolvi
692 636 951 699 signantes
978 643 1208 700 tempora
1230 636 1408 683 Fastos
1431 655 1441 695 3

237 713 348 762 Nec
375 714 654 761 sementiva
678 721 757 761 est
782 714 886 761 ulla
911 721 1112 779 reperta
1138 713 1275 762 dies:

166 791 337 847 Quum
363 791 501 848 mihi,
530 791 689 839 sensit
714 792 865 848 enim,
894 792 982 839 lux
1009 792 1118 839 haec
1146 792 1399 847 indicitur,
1429 791 1594 855 inquit

236 870 417 918 Musa:
447 868 571 933 quid
598 886 628 917 a
649 869 814 917 Fastis
838 886 937 917 non
965 877 1097 918 stata
1117 886 1259 917 sacra
1279 870 1409 934 petis
1432 870 1448 917 ?
1495 873 1593 917 660

169 948 344 1013 thue
369 948 478 996 dies
506 949 698 996 incerta
724 964 884 1005 sacro,
914 947 986 995 sic
1013 956 1243 1012 tempora
1267 956 1433 1003 certa;

237 1027 528 1076 Seminibus
549 1028 701 1091 jactis
729 1035 807 1075 est
835 1026 919 1074 ubi
945 1026 1096 1074 foetus
1123 1043 1258 1090 ager.

166 1107 313 1155 State
339 1106 564 1154 coronati
591 1107 799 1170 plenum
826 1106 889 1153 ad
915 1122 1145 1170 praesepe
1165 1106 1387 1169 juvenci,

234 1185 405 1240 Quum
431 1185 605 1248 tepido
631 1192 855 1232 vestrum
881 1200 997 1232 vere
1023 1183 1212 1232 redibit
1237 1200 1383 1248 opus.

166 1263 412 1312 Rusticus
440 1263 705 1311 emeritum
734 1264 849 1328 palo
877 1263 1159 1328 suspendat
1184 1270 1429 1310 aratrum:
1494 1265 1590 1309 (365

237 1342 404 1390 Omne
431 1341 724 1389 reformidat
748 1341 930 1405 frigida
954 1342 1134 1389 vulnus
1160 1342 1361 1388 humus.

164 1421 365 1478 villice,
393 1422 459 1468 da
484 1421 715 1485 requiem
742 1428 908 1479 terrae,
938 1428 1168 1469 semente
1194 1427 1428 1485 peracta:

235 1500 318 1548 Da
342 1499 587 1563 requiem,
616 1507 802 1547 terram
829 1499 916 1563 qui
944 1499 1164 1556 coluere,
1192 1499 1327 1546 viris.

164 1577 338 1642 Pagus
365 1584 483 1641 agat
507 1577 721 1627 festum:
763 1595 951 1644 pagum
977 1579 1204 1635 lustrate,
1232 1577 1425 1634 coloni;

233 1656 302 1704 Et
326 1657 444 1705 date
471 1656 684 1722 paganis
711 1674 878 1705 annua
903 1657 1006 1705 liba
1031 1657 1173 1705 focis.

161 1803 307 1840 transire,
332 1803 418 1845 quod
443 1803 507 1835 fere
531 1802 595 1834 xvi.
616 1804 757 1835 Kalend.
782 1806 840 1836 Fe-

162 1856 270 1886 bruar.
287 1854 430 1885 evenit.'’
469 1854 609 1890 Juvenis,
622 1865 716 1896 quem
730 1855 842 1896 Gany·

164 1904 290 1936 medem
329 1904 474 1935 nonnulli
520 1904 680 1935 dixerunt.
718 1905 842 1947 Hygin.

164 1956 201 1987 Ρ.
229 1957 268 1987 Α.
289 1955 323 1987 ii.
352 1956 408 1986 29.
467 1957 586 1996 Aquam
616 1965 729 1986 urnam
759 1955 844 1987 unde

163 2016 280 2048 aquam
309 2005 465 2045 effundit,
489 2006 654 2042 Horatius,
679 2007 747 2037 Sat.
769 2006 797 2037 Ι.
821 2006 843 2037 i.

164 2057 218 2087 36.
263 2055 343 2087 Inde
359 2058 490 2098 uruiger
506 2061 649 2087 vocatus.
693 2056 843 2097 Septimus

164 2107 236 2138 hinc
254 2107 374 2143 Oriens,
392 2106 460 2138 dies
483 2106 595 2137 tertius
622 2111 654 2137 et
670 2105 844 2148 vigesimus

164 2157 300 2188 Januar.
330 2156 430 2188 Stella
446 2158 478 2187 in
494 2158 591 2187 medio
605 2163 722 2196 pectore
735 2156 844 2188 Leonis

163 2206 297 2248 insignis
318 2207 466 2248 Regulus
487 2206 614 2237 dicitur.
654 2206 842 2248 Intelligen-

165 2256 225 2288 dus
249 2262 356 2288 autem
379 2267 510 2287 occasus
527 2256 643 2287 Leonis
657 2256 844 2287 matutinus.

164 2306 227 2338 Sed
243 2307 350 2349 lapsus
366 2313 413 2337 est
429 2306 579 2338 Ovidius.

209 2357 397 2388 657—704.
416 2358 598 2394 Sementiva,
610 2362 676 2393 aut,
687 2363 723 2387 ut
736 2363 767 2388 et
782 2357 841 2388 hoc

165 2408 236 2439 loco
249 2407 284 2438 in
300 2408 393 2438 MSS.
409 2407 601 2450 quibusdam
615 2413 647 2438 et
662 2407 747 2450 apud
765 2407 842 2438 alios

164 2465 310 2490 auctores
347 2457 506 2494 scribitur,
537 2458 724 2493 Sementiua,
757 2457 842 2488 seriae

164 2507 297 2538 sationis
323 2507 419 2538 finitae
448 2518 545 2538 causa
572 2512 740 2550 susceptae,
768 2513 800 2538 et
825 2518 844 2538 a

164 2564 307 2588 semente
337 2557 520 2600 appellatae,
552 2557 734 2589 auctoribus
760 2558 842 2588 Var-

164 2618 240 2639 rone
257 2614 289 2639 et
304 2608 410 2639 Festo.
446 2609 545 2639 Erant
560 2607 591 2639 in
608 2607 693 2639 feriis
709 2618 845 2650 concep-

164 2657 251 2693 tivis‚
275 2668 346 2699 quae
373 2658 546 2699 quotannis
569 2669 587 2689 a
609 2656 846 2700 magistratibus

165 2713 224 2738 aut
239 2707 459 2740 sacerdotibus
475 2709 734 2751 concipiebantur
749 2721 756 2747 3
773 2709 846 2739 Ma-

166 2757 304 2794 erobius,
323 2758 390 2790 Sat.
408 2759 431 2789 i.
455 2759 505 2789 16.
553 2760 668 2801 Itaque
688 2758 720 2790 in
742 2759 843 2790 Fastis

163 2809 292 2850 signatae
320 2808 445 2850 reperiri
476 2820 536 2840 non
566 2814 724 2850 poterant.
780 2808 844 2839 Sed

213 2857 316 2889 VOL.
334 2858 379 2890 V.

1491 1659 1590 1704 670

912 1805 1049 1837 Ovidius
1074 1815 1107 1835 se
1132 1804 1247 1835 frustra
1270 1805 1302 1834 in
1324 1803 1387 1834 illis
1409 1802 1591 1845 quaesivisse

912 1855 1014 1891 finxit,
1051 1860 1086 1885 ut
1120 1854 1311 1885 Sementivae
1347 1852 1591 1896 descriptionem

913 1904 1079 1936 commode
1101 1904 1238 1934 inserere
1263 1908 1380 1945 posset.
1417 1903 1454 1933 In
1478 1913 1516 1934 ea
1537 1902 1591 1932 Ti·

912 1955 995 1986 bull.
1013 1955 1047 1986 ii.
1066 1954 1135 1985 init.
1152 1960 1226 1984 ante
1242 1953 1352 1984 oculos
1374 1952 1523 1984 habuisse
1539 1952 1588 1983 vi-

913 2005 1005 2036 detur
1019 2017 1027 2042 3
1045 2004 1100 2035 ubi
1116 2002 1325 2034 Ambarvalia
1342 2002 1578 2034 describuntur.

957 2056 1031 2086 663.
1061 2055 1190 2096 Requies
1220 2060 1247 2084 et
1267 2054 1353 2095 festa
1382 2054 1592 2084 ruricolarum

913 2105 1148 2140 describuntur,
1161 2103 1280 2134 additis
1292 2103 1440 2145 precibus
1455 2113 1511 2145 pro
1527 2102 1594 2134 fru-

913 2167 988 2196 gum
1014 2154 1107 2197 copia
1137 2161 1169 2186 et
1199 2164 1289 2196 pace.
1342 2153 1594 2184 State—humus.

917 2206 1065 2236 Coi-anari
1092 2202 1243 2235 animalia
1265 2203 1408 2235 solebant
1434 2202 1593 2238 feriantia,

912 2255 1014 2286 officio
1030 2255 1142 2286 functa
1157 2259 1189 2285 et
1208 2253 1322 2285 diebus
1338 2252 1428 2284 festis
1442 2264 1451 2291 3
1466 2264 1498 2283 v.
1517 2254 1570 2283 52.

957 2306 1032 2337 669.
1056 2306 1108 2336 De
1131 2305 1187 2335 illo
1207 2304 1292 2346 festo
1318 2304 1403 2334 conf.
1424 2303 1526 2334 Varro
1553 2303 1593 2334 de

912 2357 962 2388 Re
986 2357 1080 2387 Rust.
1102 2355 1124 2386 i.
1139 2356 1169 2386 2.
1217 2355 1279 2386 Sed
1297 2354 1387 2396 Virg.
1400 2354 1421 2386 i.
1438 2354 1503 2385 339
1520 2365 1594 2397 sqq.

913 2407 976 2438 duo
1005 2406 1069 2437 alia
1095 2406 1283 2437 rusticorum
1309 2405 1392 2436 festa
1413 2403 1592 2444 descripsit.

912 2458 951 2488 In
974 2469 1067 2500 pagos
1091 2456 1221 2487 Servius
1242 2455 1369 2486 Tullius
1390 2464 1501 2495 agrum
1523 2453 1590 2484 Ro-

913 2518 1043 2539 manurn
1074 2505 1192 2542 divisit,
1216 2505 1430 2546 instituitque,
1456 2509 1491 2534 ut
1520 2502 1594 2534 Diis

914 2557 1106 2590 tutelaribus
1127 2557 1283 2598 cujusque
1307 2554 1373 2596 agri
1393 2565 1454 2585 arae
1471 2553 1594 2584 excita-

915 2615 1033 2645 rentur,
1050 2608 1083 2639 in
1099 2607 1201 2649 iisque
1218 2605 1388 2648 quotannis
1403 2614 1494 2636 sacra
1506 2613 1594 2634 com-

916 2658 1024 2690 munia
1046 2658 1176 2695 fierent;
1201 2667 1271 2698 quae
1295 2656 1464 2698 paganalia
1490 2653 1592 2684 dicta.

917 2709 955 2740 In
978 2708 1016 2739 iis
1040 2709 1112 2744 liba,
1134 2705 1285 2742 πέλανοι,
1306 2704 1548 2736 conferebantur
1574 2711 1593 2731 a

912 2759 1048 2801 singulis
1063 2756 1208 2793 familiis3
1222 2756 1357 2798 Dionys.
1368 2754 1473 2786 Halic.
1485 2753 1527 2782 iv.
1541 2753 1593 2782 15.

919 2809 1023 2851 Pagus
1041 2808 1233 2838 lustrabatur
1244 2804 1355 2836 hostiis
1370 2800 1594 2840 circumacti53

1053 2858 1081 2887 H
