1830 3220
567 165 920 209 FASTORUM
955 167 1077 210 LIB.
1113 167 1197 210 VI.

1510 173 1599 214 332

170 281 438 346 Turrigera
462 282 677 331 frontem
705 284 904 348 Cybele
931 285 1164 334 redimita
1187 303 1373 335 corona

239 361 502 410 Convocat
527 370 742 411 aeternos
769 364 832 411 acl
859 380 952 411 sua
975 364 1106 412 festa
1129 366 1282 424 deos;

172 439 434 488 Convocat
459 448 508 488 et
534 441 762 505 Satyros,
781 450 832 489 et
852 443 1040 491 rustica
1059 445 1281 501 numina,
1302 445 1590 511 Nymphas,

240 517 459 576 Silenus,
487 520 718 583 quamvis
745 537 894 568 nemo
921 530 1139 579 vocarat,
1170 524 1333 572 adest.

171 596 280 645 Nec
307 597 444 655 licet,
473 606 524 647 et
548 599 755 662 longum
782 607 860 647 est
885 601 1062 664 epulas
1089 618 1290 650 narrare
1317 603 1557 651 deorum:

237 675 297 723 In
323 677 483 725 multo
510 694 610 725 nox
637 684 715 724 est
742 677 1040 741 pervigilata
1065 697 1220 728 mero.

1493 685 1592 731 326

169 753 235 802 Hi
262 763 454 804 temere
481 756 717 804 errabant
741 756 792 804 in
819 773 992 821 opacae
1017 759 1233 807 vallibus
1262 759 1397 808 Idae:

236 834 363 882 Pars
383 835 539 898 jacet,
568 842 619 882 et
646 835 781 882 molli
808 837 1034 899 gramine
1059 839 1287 886 membra
1311 839 1461 887 levat.

167 912 234 960 Hi
256 913 440 962 ludunt
459 931 467 962 :
498 914 589 961 hos
610 931 817 962 somnus
840 915 1022 965 habet:
1052 933 1169 981 pars
1185 917 1393 966 brachia
1414 918 1590 975 nectit,

235 991 302 1039 Et
324 992 535 1040 viridem
561 993 714 1041 celeri
741 1001 817 1042 ter
843 995 974 1058 pede
1001 996 1172 1059 pulsat
1197 996 1423 1044 humum.

1493 1000 1592 1044 330

164 1069 323 1118 Vesta
341 1072 499 1134 jacet,
528 1071 890 1136 placidamque
916 1073 1056 1138 capit
1082 1090 1260 1122 secura
1286 1075 1530 1139 quietem,

236 1148 382 1197 Sicut
407 1158 516 1197 erat
540 1150 762 1214 positum
789 1153 982 1216 cespite
1010 1152 1136 1201 fulta
1159 1163 1331 1218 caput.

164 1227 233 1276 At
258 1229 408 1276 ruber
434 1229 694 1276 hortorum
721 1238 893 1278 custos
923 1230 1299 1296 Nymphasque
1326 1232 1555 1297 deasque

235 1307 451 1371 Captat;
493 1315 544 1354 et
569 1315 796 1356 errantes
823 1308 1024 1373 fertque
1052 1310 1308 1374 refertque
1335 1311 1511 1375 pedeS.

164 1385 401 1451 Adspicit
416 1393 468 1434 et
482 1386 695 1434 Vestam
714 1405 723 1443 ;
748 1387 979 1445 dubium,
1000 1388 1365 1453 Nymphamne
1382 1389 1589 1454 putarit,

229 1465 311 1512 An
338 1464 508 1512 scierit
534 1464 775 1522 Vestam;
820 1466 978 1514 scisse
1006 1467 1097 1515 sed
1124 1467 1233 1532 ipse
1262 1475 1431 1532 negat.
1491 1471 1589 1516 336

139 1536 143 1540 i
162 1544 321 1608 Spem
347 1544 486 1608 capit
506 1544 811 1603 obscaenam,
830 1544 1107 1610 furtimque
1128 1547 1371 1594 accedere
1392 1553 1586 1604 tentat3

231 1622 298 1670 Et
321 1623 418 1671 fert
443 1639 737 1688 suspenSOS,
766 1624 918 1672 corde
945 1624 1183 1680 micante,
1213 1625 1418 1689 gradus.

161 1702 310 1750 Forte
337 1718 514 1758 senex,
543 1718 645 1766 quo
670 1710 847 1750 vectus
873 1710 997 1758 erat,
1028 1702 1233 1751 Silenus
1260 1703 1474 1752 asellum

231 1780 475 1846 Liquerat
499 1781 563 1828 ad
590 1780 724 1846 ripas
752 1781 866 1829 lene
893 1781 1119 1829 sonantis
1150 1798 1313 1846 aquae.

1490 1785 1590 1830 340

161 1861 294 1916 Ibat,
325 1868 380 1908 ut
405 1860 654 1924 inciperet
679 1860 815 1924 longi
841 1860 969 1909 deus
998 1859 1341 1925 Hellesponti,

231 1937 601 2003 Intempestivo
629 1954 788 2002 quum
814 1938 951 1986 rudit
976 1939 1060 1987 ille
1087 1956 1228 1987 sono.

161 2168 260 2212 petita
275 2174 323 2199 est
338 2178 357 2198 a
373 2166 554 2203 Lactantio,
570 2167 650 2198 Inst.
662 2167 690 2198 Ι.
705 2167 770 2198 xxi.
785 2169 839 2200 25.

161 2219 216 2261 qui
233 2229 304 2249 eam
324 2218 364 2249 ab
385 2217 453 2260 ipso
473 2217 590 2248 ovidio
608 2217 715 2248 fictam
736 2224 839 2259 putat.

161 2270 213 2300 De
230 2270 388 2311 turrigera
403 2279 513 2299 corona
524 2267 566 2298 iv.
579 2268 643 2298 219
655 2278 728 2309 sqq.
760 2269 840 2299 Evo-

161 2327 210 2350 cat
235 2319 383 2355 alterum,
407 2318 463 2361 qui
487 2329 561 2350 eum
587 2317 716 2349 aliunde
741 2318 781 2349 ad
807 2329 839 2350 se

163 2369 268 2402 venire
290 2370 395 2412 jubet.
445 2370 594 2400 Cani-ucat
626 2368 659 2399 h.
688 2368 710 2399 l.
735 2369 840 2411 aptius

163 2427 223 2452 est.
250 2420 338 2451 LEM.

206 2472 281 2502 325.
307 2471 492 2511 Neclicet.]
520 2470 621 2501 Recte
638 2470 842 2501 Burmannus

161 2526 251 2552 notat
286 2520 400 2563 respici
432 2520 560 2552 Tantali
600 2519 754 2556 fabulam,
785 2520 840 2562 qui

161 2571 266 2614 epulis
279 2570 409 2602 deorum
426 2569 583 2606 admotus,
597 2581 694 2612 quum
712 2569 755 2601 ibi
769 2575 842 2601 aeta

160 2627 330 2656 narrasset,
357 2630 486 2662 poenam
513 2619 655 2652 senserit.
700 2619 753 2651 De
782 2619 840 2651 Ida

157 2672 294 2714 ejusque
326 2672 459 2702 vallibus
490 2681 557 2701 ver.
591 2671 650 2709 15;
685 2669 731 2702 iv.
764 2671 839 2701 182.

163 2722 293 2753 Nec-tere
316 2719 619 2763 b1·aclzia,i1nplexis
640 2719 788 2754 manibus
808 2719 841 2751 in

161 2772 270 2803 orbem
294 2771 431 2810 saltare;
455 2771 618 2808 Horatius,
642 2771 690 2802 ΙΙ.
708 2770 772 2802 Od.
788 2770 843 2801 xii.

913 2169 970 2199 18:
997 2168 1073 2199 (lare
1104 2167 1238 2199 brachia
1268 2168 1451 2200 Ludentem
1481 2168 1591 2200 nitidis

910 2217 1119 2260 virginibus.''
1169 2218 1301 2249 Pulsare
1317 2219 1442 2250 humum
1463 2219 1502 2250 de
1524 2219 1589 2250 sal-

911 2275 998 2300 tante
1028 2268 1125 2299 etiam
1150 2269 1261 2300 Horat.
1284 2269 1310 2300 Ι.
1332 2269 1396 2300 Od.
1424 2269 1543 2301 xxxvii.
1564 2271 1591 2300 l.

911 2319 1009 2354 idem,
1028 2318 1074 2350 iii.
1091 2317 1155 2349 Od.
1170 2318 1220 2349 18.
1236 2319 1348 2358 pellere
1365 2320 1502 2356 humum,
1514 2330 1589 2351 cum

911 2369 1078 2401 Lucretio:
1097 2374 1116 2386 “
1132 2368 1263 2400 Gaudet
1278 2369 1414 2401 invisam
1430 2369 1590 2412 pepulisse

911 2419 1009 2451 fossor
1027 2420 1089 2451 Ter
1109 2419 1191 2462 pede
1213 2426 1329 2450 terram
1342 2420 1373 2458 ;’'
1397 2420 1514 2462 quibus
1535 2420 1590 2452 tri-

910 2470 1055 2512 pudium,
1072 2476 1108 2501 ut
1125 2476 1157 2501 et
1174 2470 1205 2500 h.
1221 2470 1243 2501 l.
1259 2470 1462 2502 describitur.
1509 2472 1590 2502 Mox

910 2521 1054 2552 nonnulli
1081 2523 1178 2561 posito
1203 2522 1322 2561 cespite,
1347 2525 1384 2552 'ut
1410 2531 1519 2564 cespes
1550 2521 1589 2552 de

910 2570 1068 2602 industria
1083 2571 1264 2614 subpositus
1282 2570 1376 2602 fuerit
1391 2571 1500 2613 capiti.

954 2621 1030 2653 335.
1056 2621 1196 2652 Dubium
1212 2631 1275 2652 non
1291 2621 1332 2651 ad
1349 2620 1499 2663 Priapum
1515 2630 1588 2662 per-

910 2670 1002 2709 tinet,
1018 2671 1074 2703 sed
1099 2670 1168 2702 haec
1193 2675 1268 2702 sunt
1286 2671 1385 2702 verba
1409 2669 1518 2701 Ovidii
1541 2669 1591 2700 in-

911 2722 1072 2764 terposita.
1118 2722 1202 2754 Cum
1217 2721 1322 2753 verbis
1334 2722 1408 2764 fert
1426 2731 1590 2762 suspensos,

912 2777 975 2804 etc.
991 2772 1099 2804 confer
1115 2771 1135 2804 i.
1149 2772 1337 2804 425—429.
