1830 3220
804 185 948 227 IBIS.

1501 183 1588 225 495

166 297 341 362 thue
369 299 667 364 Dryantidae
696 300 998 366 Rhodopeia
1022 318 1175 365 regua
1199 302 1407 358 tenenti,

230 376 290 424 In
318 379 517 440 gemino
543 379 716 442 dispar
736 380 818 426 cui
844 381 976 444 pede
1001 381 1167 427 cultus
1194 386 1328 437 erat3

165 453 237 502 Ut
260 454 355 502 suit
381 455 547 503 OEtaeo
571 456 848 518 quondam,
877 473 1166 520 generoque
1193 457 1484 514 draconum,

230 532 592 597 Tisamenique
619 535 766 598 patri,
797 535 1184 598 Callirhoesque
1208 534 1328 582 viro.

1483 537 1582 582 350

163 609 275 657 Nec
301 610 393 657 tibi
416 611 676 674 contingat
702 618 929 660 matrona
952 611 1182 676 pudicior
1207 612 1309 669 illa,

229 686 343 742 Qua
368 689 533 752 potuit
557 688 764 754 Tydeus
790 690 1054 737 erubuisse
1081 706 1208 737 nuru
1229 708 1238 746 ;

161 763 392 829 Quaeque
419 767 493 813 sui
522 766 773 814 Venerem
795 767 969 830 junxit
993 784 1108 815 cum
1130 766 1282 815 fratre
1309 768 1489 823 mariti,

232 841 404 890 Locris
431 843 482 890 in
507 843 703 891 ancillae
729 844 1046 893 dissimulata
1071 861 1267 893 necem.

157 1024 207 1050 est
232 1019 348 1056 elatus,
368 1025 404 1052 ut
433 1019 594 1052 Phoebum
615 1020 648 1052 in
675 1026 836 1053 certamen

160 1068 376 1110 provocaverit
389 1082 394 1099 :
413 1069 446 1100 in
462 1081 524 1111 quo
538 1076 704 1112 superatus
719 1071 835 1112 pellem

161 1117 278 1154 amisit,
294 1118 509 1161 pependitque
524 1130 561 1150 ex
576 1120 706 1162 platano
719 1132 725 1150 τ
744 1120 837 1151 Parr-

162 1165 270 1198 hasius
289 1175 320 1199 et
336 1168 490 1209 Micyllus
512 1168 572 1199 hoc
593 1168 632 1200 de
653 1169 754 1211 Ajace
776 1170 838 1201 Te-

160 1215 298 1249 lamonio
326 1217 462 1260 intelligi
489 1219 618 1249 volunt:
645 1218 702 1250 sed
728 1225 839 1250 contra

161 1272 301 1298 mentem
325 1267 500 1309 Salvagnii,
517 1268 571 1310 qui
591 1268 724 1311 priorem
740 1279 838 1311 expo-

163 1315 310 1348 sitionem
327 1318 449 1359 probat.

210 1367 287 1397 346.
318 1367 421 1398 Unum
436 1370 487 1408 qui
511 1374 570 1398 toto
591 1378 712 1407 corpore
729 1369 841 1398 vulnus

164 1416 284 1457 habet]
314 1417 374 1448 Cui
396 1424 462 1448 erat
486 1418 591 1449 Juret.
615 1419 668 1458 qui
690 1424 757 1448 erat
777 1417 840 1449 duo

165 1465 239 1505 alii3
274 1472 380 1498 recte:
420 1468 503 1498 Met.
535 1466 577 1497 vi.
606 1477 670 1498 ver.
698 1467 774 1497 388.
800 1466 841 1497 de

164 1516 310 1559 Marsya,
342 1517 408 1548 Nec
436 1519 597 1558 quicquam
634 1518 693 1547 nisi
730 1518 843 1548 vulnus

162 1572 252 1603 erat5
277 1566 332 1597 lib.
349 1578 401 1598 xv.
420 1577 483 1598 ver.
499 1567 574 1598 529.
591 1567 631 1598 de
652 1566 840 1609 Hippolyto,

163 1626 320 1656 unumque
335 1623 400 1647 erat
417 1618 518 1647 omnia
533 1617 657 1646 vulnus.

207 1665 286 1696 347.
318 1665 416 1706 thue
436 1665 640 1706 Dryantiadae
663 1665 842 1704 Rhodopeia.

165 1726 263 1757 regna
287 1715 437 1756 teneura]
468 1716 663 1757 Lycurgum,
688 1714 843 1756 Dryantis

164 1764 277 1802 filium,
292 1764 447 1806 intellige,
464 1764 519 1807 qui
532 1764 683 1796 Liberum
695 1763 734 1795 de
745 1775 842 1806 reguo

163 1815 305 1856 fugavit:
332 1826 428 1857 quem
454 1826 553 1857 quum
578 1819 709 1856 negaret
732 1815 839 1845 Deum

164 1875 244 1901 esse,
262 1865 434 1907 vinumque
450 1864 596 1900 bibisset,
608 1869 640 1895 et
651 1863 757 1894 ebrius
772 1873 839 1894 ma-

164 1920 242 1946 trem
259 1926 350 1946 suam
365 1914 484 1946 violare
496 1915 660 1950 voluisset,
675 1920 750 1945 tunc
761 1914 840 1946 vites

164 1964 312 1996 excidere
338 1970 387 1995 est
412 1970 563 1995 conatus:
593 1963 648 2006 qui
673 1963 798 1995 insania
822 1974 841 1995 a

165 2012 279 2045 Libero
294 2014 432 2056 objecta,
447 2024 576 2045 uxorem
592 2024 680 2045 suam
697 2018 730 2044 et
741 2013 839 2045 filium

165 2063 342 2095 interfecit:
369 2064 536 2106 ipsumque
549 2065 731 2105 Lycurgum
748 2063 841 2094 Liber

165 2113 327 2156 pantheris
339 2113 455 2156 objecit
466 2113 499 2144 in
510 2113 676 2155 Rhodope,
687 2112 741 2155 qui
752 2124 842 2144 mons

165 2170 214 2195 est
237 2163 394 2200 Thraciae,
417 2163 507 2205 cujus
526 2163 693 2205 imperium
718 2162 841 2194 habuit.

165 2213 229 2244 Hic
245 2212 380 2244 traditur
396 2224 495 2244 unum
511 2212 626 2254 pedem
645 2211 705 2243 sibi
725 2222 779 2254 pro
795 2212 840 2243 vi-

165 2262 250 2293 tibus
274 2262 446 2293 excidisse.
498 2262 607 2304 Atque
632 2261 716 2292 hunc
742 2273 842 2303 μονο-

166 2311 313 2354 κρήπιδα
332 2311 438 2344 Graeci
458 2323 586 2354 quoque
602 2318 768 2348 vocarunt,
792 2317 841 2343 ut-

166 2368 241 2404 pote
280 2362 379 2394 altero
416 2362 498 2404 pede
531 2372 623 2398 caeso,
653 2362 719 2393 sive
753 2362 842 2393 laeso.

166 2412 250 2443 Mre.
300 2412 519 2453 Dryantiadae.
566 2411 751 2452 Dryantidae
774 2421 841 2443 me-

166 2460 271 2493 liores.

211 2511 287 2542 349.
302 2510 452 2553 Utfuit]
469 2509 625 2541 Hercules
641 2510 764 2540 OEtaeus
775 2509 842 2541 dic-

166 2565 217 2591 tus
238 2566 286 2591 est
304 2560 343 2591 ab
366 2561 442 2591 OEta
464 2565 582 2596 monte,
606 2559 640 2590 in
661 2570 723 2601 quo
745 2559 842 2591 arsit:

166 2610 217 2640 vel
243 2610 282 2640 ob
312 2609 454 2641 tunicam
486 2614 686 2644 venenatam,
712 2608 841 2640 missam

167 2669 187 2690 a
214 2658 379 2701 Dejanira,
407 2665 441 2690 ut
464 2659 580 2690 fabulae
605 2658 721 2696 ferunt,
746 2659 842 2690 Ovid.

167 2709 304 2740 Metam.
345 2708 387 2740 ix.
454 2708 630 2749 Generoque
665 2709 843 2740 draconum.

905 1021 1064 1053 Athamas
1093 1022 1125 1052 in
1155 1021 1289 1053 furorem
1314 1032 1422 1053 versus
1452 1028 1510 1060 est,
1538 1024 1584 1055 ira

905 1070 1064 1103 Junonis:
1091 1081 1188 1113 gener
1219 1070 1278 1102 fuit
1303 1071 1418 1102 Cadmi
1441 1079 1473 1104 et
1498 1074 1579 1105 Har-

906 1121 1038 1152 moniae:
1066 1121 1120 1163 qui
1139 1122 1171 1152 in
1192 1121 1357 1162 Illyricum
1383 1123 1527 1164 profecti,
1549 1123 1582 1155 in

907 1171 1059 1202 dracones
1075 1170 1155 1202 versi
1171 1177 1262 1202 sunt:
1290 1170 1375 1202 unde
1398 1183 1495 1214 gener
1510 1173 1582 1205 dra-

907 1230 1022 1251 conum
1039 1219 1144 1251 dictus
1160 1225 1219 1251 est.

955 1270 1030 1300 350.
1050 1269 1258 1310 Tisamenique
1271 1270 1388 1311 patri]
1408 1270 1459 1301 De
1472 1271 1585 1303 Oreste

909 1319 1066 1361 intellige,
1094 1319 1148 1361 qui
1176 1330 1215 1350 ex
1242 1319 1413 1351 Hermione
1441 1320 1584 1353 Tisame-

910 1379 986 1399 num
1016 1369 1115 1399 filium
1143 1368 1294 1410 suscepit.
1332 1369 1427 1400 Dom.
1489 1371 1586 1402 Calli-

910 1419 1050 1459 rhoesque
1074 1420 1150 1449 viro.
1195 1418 1414 1449 Alcmaeonem
1436 1419 1587 1462 intelligit

911 1467 1008 1499 Ovid.
1022 1467 1208 1510 Amphiarai
1233 1473 1265 1499 et
1283 1468 1452 1510 Eriphyles
1473 1469 1586 1507 filium,

912 1517 966 1558 qui
995 1518 1101 1548 occisa
1128 1523 1228 1548 matre
1257 1516 1291 1548 in
1316 1518 1451 1550 furorem
1476 1530 1586 1552 versus

908 1567 1048 1609 fingitur.
1086 1566 1243 1598 Consulto
1264 1568 1404 1604 oraculo,
1421 1568 1452 1599 in
1469 1574 1585 1601 terram

908 1617 1049 1647 omnium
1066 1616 1317 1648 recentissimam
1341 1616 1386 1648 ire
1403 1617 1511 1659 jussus
1527 1625 1586 1652 est.

909 1667 1034 1697 Nactus
1056 1665 1165 1708 itaque
1190 1671 1315 1702 terram,
1336 1677 1401 1707 qua
1422 1667 1584 1700 Achelous

908 1715 941 1746 in
963 1726 1049 1746 mare
1073 1715 1223 1757 erumpit,
1241 1714 1339 1746 filiam
1356 1715 1492 1748 Acheloi
1509 1718 1587 1749 Cal-

907 1765 1029 1797 lirhoen
1052 1776 1184 1797 uxorem
1208 1765 1341 1797 habuit:
1358 1765 1431 1798 vide
1452 1766 1583 1810 ApolloL

909 1814 1033 1851 dorum,
1048 1814 1107 1846 lib.
1124 1814 1169 1845 iii.

953 1866 1028 1896 351.
1047 1865 1110 1896 Nec
1125 1866 1179 1895 tibi
1196 1866 1366 1907 contingat,
1377 1865 1454 1906 etc.]
1470 1866 1583 1908 AEgia-

909 1914 992 1945 leam
1035 1914 1195 1956 intelligit,
1234 1913 1401 1945 Diomedis
1443 1926 1585 1949 uxorem.

910 1964 1018 2001 Quum
1048 1963 1133 1995 enim
1159 1964 1269 1994 Venus
1295 1974 1315 1994 a
1337 1964 1494 1997 Diomede
1514 1968 1586 1998 vul-

910 2025 969 2045 nus
998 2013 1184 2056 accepisset,
1215 2013 1283 2055 ejus
1316 2025 1447 2046 uxorem
1484 2022 1582 2048 tantae

910 2114 1027 2156 passim
1056 2113 1232 2156 Hippolyto
1258 2119 1291 2144 et
1318 2113 1443 2145 Comeli
1470 2116 1584 2158 prosti-

910 2168 1033 2201 tueret3
1051 2172 1184 2204 quorum
1197 2161 1320 2193 furiosis
1336 2164 1494 2195 amoribus
1505 2164 1585 2197 adeo

911 2212 1145 2254 exagitabatur,
1165 2217 1201 2243 ut
1221 2212 1281 2254 ipsi
1304 2212 1465 2251 Diomedi,
1490 2215 1586 2258 Troja

911 2261 1068 2297 redeunti,
1088 2271 1199 2293 necem
1224 2260 1334 2293 molita
1353 2262 1405 2299 sit,
1422 2274 1518 2305 quam
1543 2265 1584 2296 ad

911 2312 1046 2343 Junonis
1071 2322 1159 2342 aram
1186 2316 1282 2342 noctu
1309 2313 1506 2354 confugiens,
1531 2314 1583 2345 vix

912 2361 1047 2393 evadere
1063 2361 1175 2403 potuit.
1198 2361 1298 2391 SALV.

956 2412 1031 2442 354.
1070 2410 1201 2451 Locris]
1238 2410 1488 2453 Hypermnestra
1523 2413 1583 2444 Lo-

911 2461 1040 2497 creusis,
1061 2472 1157 2503 quum
1183 2460 1286 2491 fratris
1302 2460 1360 2491 viri
1378 2462 1582 2494 concubitum

911 2511 1087 2553 adpeteret,
1109 2511 1192 2542 clam
1214 2516 1366 2542 nocturno
1390 2515 1528 2552 tempore
1550 2512 1583 2544 id

912 2561 1078 2598 adsecuta,
1109 2571 1203 2592 mane
1233 2560 1351 2603 pudore
1381 2559 1518 2598 adfecta,
1548 2569 1583 2594 ut

911 2610 1014 2642 scelus
1048 2621 1140 2642 suum
1178 2609 1401 2646 dissimularet,
1431 2610 1581 2642 ancillam

911 2671 984 2691 cum
1015 2660 1132 2692 famulo
1162 2659 1298 2695 necavit,
1329 2658 1421 2700 quasi
1452 2659 1484 2690 in
1515 2662 1582 2703 ejus

912 2710 1082 2742 concubitu
1098 2721 1152 2741 eos
1166 2708 1436 2752 deprehendisset.
