1809 3220
252 203 338 245 528
786 201 1133 244 EXCURSUS

251 321 364 374 quod
396 332 555 373 genere
585 324 630 358 et
658 318 846 359 moribus
869 318 1106 373 ngyptius
1130 325 1259 367 esset,
1285 325 1333 359 ut
1355 325 1479 361 vetus
1501 318 1665 360 Aristo-

250 388 400 442 phanis
422 386 671 428 scholiastes
693 387 886 441 exponit.

748 636 1017 684 CAPUT
1070 637 1166 685 IV.

378 802 512 831 lBlDlS
536 801 693 830 NOMEN
718 801 1013 829 CONJECTURA
1036 801 1360 839 PERQUISITUM,
1385 802 1532 830 FORTE

808 875 1104 902 COMPERTUM.

247 997 600 1056 NASCITUR
633 1026 709 1052 sua
741 1018 894 1066 sponte
926 1010 1163 1051 obscuritas
1194 1023 1250 1051 ex
1281 1010 1372 1052 istis
1401 1010 1662 1065 privatarum

246 1096 386 1123 rerum
421 1080 620 1128 historiis,
642 1080 797 1134 quibus
827 1080 954 1120 etiam
980 1079 1101 1120 Naso
1133 1079 1280 1119 dedita
1308 1093 1440 1133 opera
1465 1080 1664 1120 tenebras

245 1151 440 1198 effundit,
464 1156 512 1190 ut
539 1149 718 1190 arduum
749 1148 817 1197 sit,
841 1155 926 1190 tam
957 1148 1100 1189 densis
1128 1148 1295 1188 nebulis
1316 1148 1407 1188 veri
1435 1147 1662 1189 scintillam

246 1219 515 1273 exsculpere.
578 1217 674 1272 Ego
719 1223 876 1264 tamen,
919 1217 1087 1258 incusso
1128 1217 1181 1257 ad
1223 1216 1341 1257 illum
1383 1216 1663 1258 tenebricosae

245 1288 472 1329 vetustatis
501 1286 669 1342 pyriten
701 1286 895 1340 chalybe,
920 1301 1003 1327 non
1031 1286 1292 1327 mediocrem
1319 1286 1459 1326 lucem
1487 1299 1666 1340 expres-

242 1371 389 1398 surum
438 1370 507 1396 me
556 1355 737 1395 confido.
801 1354 906 1403 Sed,
948 1361 1180 1409 antequam
1220 1355 1477 1396 sententiam
1520 1369 1662 1410 roger,

243 1439 386 1479 operae
428 1424 613 1478 pretium
657 1429 722 1464 est
762 1429 953 1464 veterem
997 1423 1321 1478 grammaticum
1365 1423 1530 1471 audire,
1572 1424 1660 1478 qui,

243 1499 355 1535 teste
390 1492 531 1534 Coelio
567 1491 828 1545 Rhodigino,
851 1491 1001 1546 Antiq.
1027 1491 1151 1532 Lect.
1175 1492 1246 1533 lib.
1270 1492 1361 1532 xiii.
1385 1505 1480 1546 cap.
1503 1491 1530 1532 i.
1555 1491 1661 1533 Cor-

242 1563 389 1603 vinum
419 1576 514 1602 esse
546 1559 747 1615 prodidit,
768 1574 895 1614 quem
925 1559 991 1600 hic
1018 1559 1138 1600 Naso
1169 1559 1256 1600 sale
1282 1564 1327 1600 et
1346 1559 1488 1600 resina
1507 1560 1661 1601 confri-

241 1636 324 1671 cat.
378 1629 486 1684 Ejus
507 1629 636 1669 verba
657 1634 779 1668 sunt:
816 1627 971 1669 “Illud
996 1627 1134 1669 obiter
1156 1628 1411 1676 adnotarim,
1430 1628 1474 1669 in
1497 1627 1663 1670 Caecilii

242 1698 474 1739 Minutiani
505 1696 682 1750 Apuleii
716 1695 988 1749 Fragmentis
1022 1696 1310 1744 observatum,
1335 1696 1456 1737 aunis
1491 1702 1658 1752 septem

240 1767 282 1806 in
310 1766 477 1813 exsilio,
501 1765 763 1818 consumptis
784 1763 981 1804 functum
1004 1778 1100 1805 esse
1121 1765 1212 1805 fato
1236 1763 1458 1813 Ovidium,
1482 1779 1568 1820 qua
1590 1766 1660 1808 die

238 1835 362 1876 Titus
384 1848 557 1889 quoque
580 1834 728 1874 Livius
751 1833 1014 1880 decesserit;
1047 1838 1256 1874 structum
1286 1833 1391 1873 item
1419 1832 1479 1874 illi
1508 1848 1533 1874 a
1554 1833 1661 1875 Bar-

240 1904 353 1944 baris
381 1917 458 1957 per
488 1902 640 1943 multas
671 1901 879 1956 lacrymas
908 1901 1082 1956 tymbon
1113 1907 1212 1942 ante
1240 1901 1431 1955 januam.
1494 1903 1664 1944 Auctor

240 1973 353 2014 idem
378 1972 644 2013 Minutianus
674 1977 754 2018 est,
779 1969 1014 2012 Corvinum
1044 1970 1097 2010 ab
1121 1970 1280 2011 Ovidio
1309 1969 1572 2024 adpellatum
1596 1971 1663 2012 fu-

240 2041 324 2081 isse
354 2039 464 2088 Ibin,
501 2055 556 2081 ex
591 2040 681 2080 avis
716 2040 929 2087 foeditate,
968 2040 1037 2080 cui
1073 2046 1265 2080 ventrem
1303 2046 1439 2080 rostro
1474 2054 1659 2095 purgare

239 2110 411 2150 insitum
440 2109 507 2156 sit,
533 2114 577 2148 et
607 2109 686 2149 hoe
715 2123 772 2149 ex
795 2106 1047 2148 Callimachi
1070 2107 1330 2148 imitatione:
1363 2108 1530 2161 pulsum
1554 2123 1658 2163 quo-

240 2191 325 2233 que
357 2178 398 2217 in
434 2177 646 2224 exsilium,
673 2177 787 2230 quod
810 2175 1000 2230 Augusti
1036 2177 1246 2217 incestum
1269 2177 1485 2217 vidisset.’‘
1547 2176 1659 2219 Haeo

239 2246 324 2294 ille,
356 2260 535 2299 quorum
569 2245 676 2286 fides
708 2251 801 2286 esto
835 2259 968 2299 penes
999 2252 1232 2292 auctorem,
1271 2245 1343 2299 qui
1377 2246 1564 2286 nondum
1597 2245 1658 2287 lu-

239 2329 331 2355 cem
366 2313 484 2362 vidit,
521 2313 682 2367 unique
720 2313 861 2354 Coelio
898 2313 1145 2368 Rliodigino
1182 2319 1307 2354 notus
1344 2314 1438 2362 fuit,
1475 2314 1537 2354 uti
1568 2314 1658 2369 jam

239 2389 365 2423 autea
394 2382 687 2436 pronuntiavit
711 2381 845 2422 Lilius
869 2380 1101 2436 Gyraldus,
1125 2382 1179 2422 de
1203 2381 1435 2422 Poetarum
1468 2381 1654 2431 historia,

247 2450 413 2505 Dialog.
437 2450 478 2490 4.
540 2451 610 2490 An
647 2449 874 2497 Corvinus,
907 2450 1098 2504 quisquis
1132 2449 1203 2489 ille
1237 2449 1411 2497 fuerint,
1443 2450 1483 2490 in
1521 2450 1657 2506 Libya

242 2526 363 2561 natus
393 2525 473 2567 est,
499 2519 568 2559 ubi
603 2519 768 2559 scilicet
790 2518 885 2559 Ibin
917 2519 1079 2560 natales
1111 2518 1307 2559 habuisse
1338 2519 1528 2561 declarat
1550 2520 1655 2562 Ovi-

241 2590 335 2629 dius
357 2589 396 2629 in
421 2588 507 2628 his:

398 2673 477 2718 Qui
499 2671 612 2709 simul
634 2672 792 2723 impura}
812 2674 944 2710 matris
964 2672 1163 2723 prolapsus
1183 2673 1230 2710 ab
1250 2672 1334 2710 alvo
1353 2681 1424 2718 est,

449 2735 681 2785 Cinyphiam
703 2735 805 2772 foedo
825 2749 978 2786 corpore
999 2736 1138 2786 pressit
1158 2737 1348 2773 humum?
