1830 3220
573 179 925 224 FASTORUM
960 182 1082 224 LIB.
1116 182 1173 224 V.

1501 187 1589 228 255

166 294 267 343 Lac
294 296 450 344 dabat
476 296 560 345 illa
585 298 710 346 deo:
753 299 844 347 sed
870 298 1019 362 fregit
1044 300 1094 347 in
1121 299 1298 348 arbore
1326 317 1479 349 cornu
1501 322 1511 359 ;

234 373 538 438 Truncaque
565 376 775 424 dimidia
800 385 943 442 parte
971 378 1166 426 decoris
1191 387 1316 428 erat.

169 451 391 500 Sustulit
411 453 506 501 hoc
526 453 769 519 Nymphe
788 475 798 513 3
823 456 1155 521 cinctumque
1176 457 1465 508 recentibus
1481 458 1592 508 her-

237 530 304 579 Et
330 533 536 596 plenum
565 534 728 598 pomis
755 535 814 582 ad
844 534 987 583 Jovis
1013 551 1100 583 ora
1125 536 1255 584 tulit.

168 608 279 666 Ille,
307 610 394 657 ubi
422 627 500 659 res
527 613 641 660 coeli
668 614 850 671 tenuit,
880 614 1113 678 solioque
1140 622 1352 679 paterno

1473 538 1591 601 [bis‚

1502 619 1594 664 125

237 687 400 746 Sedit,
430 696 481 738 et
502 690 689 739 invicto
715 691 785 739 nil
810 691 937 741 Jove
965 694 1129 757 majus
1156 701 1292 750 erat3

169 765 349 814 Sidera
374 768 642 826 nutricem,
670 770 880 818 nutricis
906 771 1071 819 fertile
1097 788 1270 827 cornu,

238 843 409 903 Fecit3
441 847 578 910 quod
598 847 817 895 dominae
834 866 969 897 nunc
989 865 1195 913 quoque
1217 865 1402 897 nomen
1421 850 1593 898 habet.

169 921 492 972 Praestitibus
520 924 672 973 Maiae
702 926 914 974 Laribus
940 927 1112 976 videre
1146 926 1392 974 Kalendae

237 1001 392 1050 Aram
418 1003 676 1062 constitui,
700 1005 948 1069 signaque
977 1022 1133 1070 parva
1153 1005 1322 1054 defun.

1504 1007 1598 1052 130

170 1079 391 1128 Voverat
416 1081 502 1130 illa
527 1082 736 1146 quidem
766 1083 982 1132 Curius:
1014 1084 1104 1132 sed
1129 1084 1291 1132 multa
1315 1090 1541 1131 vetustas

241 1158 490 1217 Destruit,
519 1167 572 1209 et
598 1178 723 1209 saxo
749 1162 899 1225 longa
925 1169 1135 1210 senecta
1159 1168 1325 1210 nocet.

172 1236 342 1285 Causa
368 1245 539 1287 tamen
564 1240 717 1303 positi
748 1240 913 1288 fuerat
937 1240 1250 1304 cognominis
1276 1240 1391 1296 illis,

238 1314 389 1370 Quod
415 1324 660 1382 praestant
685 1318 848 1366 oculis
875 1319 1045 1366 omnia
1069 1325 1180 1365 tuta
1205 1318 1327 1364 suis.

173 1392 323 1442 Stant
341 1411 549 1460 quoque
565 1412 656 1460 pro
673 1395 837 1452 nobis,
856 1403 907 1444 et
925 1403 1154 1461 praesunt
1174 1394 1426 1442 moenibus
1443 1395 1597 1452 urbis,

241 1470 310 1520 Et
335 1480 453 1521 sunt
477 1481 776 1538 praesentes,
805 1474 1158 1539 auxiliumque
1184 1473 1367 1522 ferunt.

220 1625 293 1656 125.
319 1625 380 1657 Res
408 1629 488 1663 crrli,
514 1626 682 1669 imperium
706 1627 794 1664 coeli,
814 1633 850 1659 ut

174 1674 296 1713 Livius,
311 1676 335 1707 i.
352 1677 406 1708 32.
421 1687 469 1708 res
492 1679 532 1708 cul
550 1678 661 1708 Patres
686 1679 779 1714 redit,
795 1684 851 1709 aut

173 1725 293 1757 coelum
310 1725 413 1769 ipsum
427 1739 435 1766 ;
452 1727 590 1758 Metam.
608 1726 641 1758 ii.
653 1728 729 1759 513.
743 1728 849 1759 Juno:

170 1788 228 1816 pru
254 1788 300 1807 me
320 1783 401 1808 tenet
428 1778 528 1808 altera
556 1778 675 1809 caelum.
723 1778 851 1815 Fertile,

175 1825 252 1868 quia
268 1827 399 1868 plenum
415 1827 531 1870 pomis.

221 1878 407 1909 129—147.
423 1878 574 1909 Kalendis
597 1880 703 1910 iisdem
720 1878 853 1910 Laribus

178 1927 372 1958 Praestitibus
392 1939 449 1959 ura
469 1931 649 1959 constituta.
687 1929 739 1960 De
758 1929 852 1960 Lari-

179 1978 233 2007 bus
248 1976 320 2008 vide
337 1977 378 2008 ad
393 1977 426 2009 ii.
444 1978 509 2009 615
526 1990 534 2017 ;
559 1978 599 2009 de
618 1978 753 2009 Laribus
775 1990 853 2018 prae·

175 2028 298 2071 sticibus
321 2029 405 2059 cons.
425 2027 592 2059 Plutarch.
613 2029 738 2066 Quaest.
754 2029 853 2061 Rom.

176 2082 253 2110 tom.
282 2076 340 2109 vii.
370 2078 458 2122 Opp.
489 2090 520 2121 p.
551 2080 625 2110 119.
654 2079 767 2111 Reisk.
798 2080 853 2122 qui

177 2127 379 2169 πραιστίτεις
385 2134 489 2165 vocat,
499 2135 671 2170 narratque
683 2138 747 2160 non
759 2129 854 2161 modo

176 2189 282 2208 canem
306 2178 345 2209 iis
367 2177 505 2215 adstare,
525 2177 583 2209 sed
610 2178 734 2210 caninis
757 2179 856 2210 etiam

176 2227 316 2270 pellibus
337 2237 391 2259 eos
411 2227 544 2264 amiciri,
560 2228 693 2271 ejusque
715 2228 758 2260 rei
780 2239 856 2260 cau-

177 2287 246 2308 sam
276 2277 380 2308 adfert
413 2277 596 2321 duplicem:
635 2280 668 2309 1ο
698 2279 855 2316 eamdem,

178 2338 275 2369 quam
304 2327 452 2365 Ovidius,
480 2339 534 2360 eos
560 2339 696 2371 praeesse
721 2329 856 2366 aedibus,

178 2388 287 2409 curam
301 2388 417 2409 canum
430 2389 535 2421 agere,
547 2384 577 2411 et
594 2385 708 2411 terrere
723 2379 856 2417 alienos,

179 2428 285 2470 qualis
305 2433 336 2459 et
355 2428 396 2460 sit
411 2435 526 2461 natura
540 2440 657 2462 canum
673 2442 681 2468 3
708 2431 744 2460 *2⁰
760 2430 859 2462 Lares

180 2488 248 2509 esse
265 2477 471 2519 geniosvdiros
482 2478 523 2509 ad
535 2478 733 2521 puniendum
747 2479 858 2511 factos.

227 2528 371 2569 Curius]
400 2528 497 2560 Haud
522 2529 618 2560 dubie
646 2529 779 2560 Manius
802 2529 858 2561 ille

182 2576 300 2608 Curius
326 2578 498 2615 Dentatus,
527 2578 582 2621 qui
611 2579 746 2610 Sabinos
769 2579 857 2616 vicit,

181 2633 214 2659 et
229 2627 269 2659 de
283 2627 408 2670 Pyrrho
422 2637 497 2671 rege
511 2628 733 2672 triumphavit.
779 2629 858 2660 Cul-

182 2682 234 2709 tus
263 2683 371 2710 tamen
397 2679 526 2710 Larium
547 2678 661 2710 Romae
686 2679 857 2722 antiquior,

182 2733 220 2758 ut
243 2727 333 2759 adii.
349 2729 424 2760 615.
443 2728 592 2760 vidimus.
637 2729 725 2760 Olim
750 2734 858 2760 autem

184 2777 358 2810 edebatur:
383 2779 450 2810 Ara
471 2785 537 2810 erat
558 2780 613 2810 illa
629 2781 747 2820 quidem
765 2779 857 2810 Curi-

1507 1476 1600 1522 136

922 1629 999 1665 I›us‚·
1026 1627 1058 1658 in
1074 1626 1192 1669 quibus
1206 1626 1285 1658 forte
1302 1636 1376 1657 vera
1395 1625 1492 1657 lectio
1505 1626 1602 1658 latere

921 1683 1036 1719 potest.
1083 1677 1170 1708 Nam
1193 1676 1315 1719 primus
1341 1675 1445 1707 aedem
1465 1676 1603 1708 Laribus

922 1727 1116 1759 exstruxisse
1133 1728 1173 1758 T.
1189 1727 1312 1761 Tatius,
1326 1727 1517 1758 Sabinorum
1536 1738 1602 1763 rex,

924 1788 943 1809 a
968 1779 1113 1809 Varrone
1137 1776 1286 1809 traditur.
1329 1777 1447 1808 Multa.
1482 1778 1527 1809 Ut
1548 1789 1603 1809 ve-

924 1832 1026 1859 tustas
1061 1827 1165 1858 multa
1203 1826 1348 1863 destruit,
1379 1826 1425 1858 ita
1459 1832 1491 1858 et
1520 1827 1604 1858 saxis

923 1884 1029 1910 nocet.
1067 1879 1242 1908 Destructa
1256 1887 1325 1908 esse
1347 1877 1403 1908 illa
1419 1876 1523 1919 signa,
1535 1888 1603 1909 ver.

925 1929 999 1958 144.
1015 1927 1132 1958 diserte
1157 1926 1256 1964 ‹licit;
1281 1937 1365 1957 nunc
1383 1937 1457 1958 vero
1472 1933 1602 1958 senten-

924 1977 969 2008 tia
988 1975 1130 2019 generali
1147 1975 1256 2012 utitur,
1274 1975 1326 2007 cui
1344 1976 1457 2006 similis
1473 1982 1521 2007 est
1536 1975 1601 2008 alia

924 2027 1011 2069 apud
1025 2025 1178 2061 Plinium,
1195 2036 1314 2068 paneg.
1331 2025 1377 2057 lv.
1392 2026 1432 2057 9:
1460 2029 1481 2043 “
1498 2027 1604 2057 Arcus

923 2076 1008 2108 enim
1036 2082 1069 2107 et
1093 2081 1230 2112 statuas,
1252 2086 1323 2107 aras
1346 2077 1445 2107 etiam
1467 2076 1603 2118 templa—

924 2137 986 2168 que
1009 2125 1181 2158 demolitur
1208 2131 1240 2156 et
1269 2126 1421 2156 obscurat
1447 2125 1602 2158 oblivio.'’

926 2177 1055 2208 Senecta
1071 2186 1128 2218 pro
1143 2179 1316 2206 vetustate.

972 2227 1048 2258 134.
1064 2226 1238 2268 Comparat
1250 2223 1404 2268 Neapolis
1414 2234 1431 2255 e
1441 2224 1605 2257 Martiano

927 2277 1062 2319 Capella
1075 2276 1143 2307 haec
1156 2288 1163 2306 :
1180 2280 1200 2293 ‘⁶
1213 2275 1369 2318 Specialis
1379 2274 1513 2317 singulis
1524 2286 1606 2307 mor-

926 2327 1045 2358 talibus
1074 2326 1187 2368 genius
1222 2326 1419 2362 admovetur,
1449 2336 1545 2368 quem
1576 2334 1609 2359 et

926 2376 1119 2413 Praestitem,
1135 2375 1223 2419 quod
1241 2375 1349 2418 praesit
1370 2375 1521 2417 gerundis
1535 2387 1605 2408 om-

927 2426 1034 2463 nibus,
1053 2425 1285 2458 vocaverunt.’'
1317 2425 1380 2456 Sed
1395 2425 1428 2456 in
1440 2426 1607 2457 vocabulis

930 2477 1019 2512 Quod
1055 2477 1459 2517 proruant—amiliumque
1488 2475 1607 2517 ferunt

927 2528 1064 2558 multum
1086 2525 1307 2558 redundantiae
1329 2531 1398 2566 est3
1423 2525 1557 2567 singulae
1573 2537 1607 2558 e-

927 2577 993 2608 nim
1010 2577 1153 2609 sormulae
1169 2576 1282 2608 eodem
1294 2576 1429 2608 redeunt
1444 2588 1452 2614 ;
1467 2586 1607 2618 namque

927 2628 1025 2660 etiam
1049 2629 1210 2669 proesenrtia
1235 2626 1288 2658 dei
1309 2627 1344 2658 in
1367 2625 1486 2658 auxilio
1506 2626 1607 2657 cerni-

928 2684 991 2715 tur,
1015 2677 1100 2721 quod
1123 2678 1214 2709 nobis
1230 2677 1304 2709 fert.
1342 2677 1608 2708 Praesuntmirni-

929 2729 982 2760 bus
1005 2730 1112 2766 urbis3
1139 2733 1230 2759 erant
1256 2726 1342 2758 enim
1364 2726 1461 2758 etiam
1483 2725 1606 2768 publici

930 2778 1041 2815 Lares,
1060 2785 1094 2810 ut
1112 2777 1153 2810 ad
1168 2777 1202 2809 ii.
1218 2778 1293 2810 615.
1309 2776 1519 2808 admonitum.
