1809 3220
164 163 251 206 228

565 162 616 204 Ρ.
651 159 870 204 OVIDII
904 158 1192 202 NASONIS

167 280 280 330 Nec
306 286 490 328 noceat
513 279 746 327 turbasse
772 278 941 326 lacus:
983 276 1250 340 ignoscite,
1280 275 1327 324 N
1332 275 1554 341 ymphae,

236 357 383 406 Mota
408 356 546 421 quod
572 357 814 404 obscuras
842 355 1032 418 ungula
1056 354 1178 403 fecit
1203 370 1380 418 aquas.

166 436 260 493 Tu,
291 436 419 492 Dea,
449 452 538 500 pro
565 434 711 482 nobis
741 434 930 482 Fontes
956 433 1267 498 fontanaque
1295 433 1444 497 placa

237 514 484 571 Numina;
516 521 570 561 tu
593 529 796 578 sparsos
823 529 913 578 per
939 529 1119 560 nemus
1141 527 1290 559 omne
1310 510 1466 558 Deos.
1495 511 1594 558 760

169 592 279 642 Nec
309 593 563 657 Dryadas,
587 609 679 640 nec
706 609 797 640 nos
822 592 1086 640 videamus
1111 591 1252 638 labra
1278 589 1486 646 Dianae3

236 670 346 719 Nec
375 670 624 726 Faunum,
654 670 821 718 medio
848 686 1005 733 quum
1034 669 1219 733 premit
1243 683 1360 716 arva
1383 666 1483 715 die.

167 748 310 797 Pelle
338 749 512 813 procul
540 749 772 796 morbos:
803 748 1006 795 valeant
1032 746 1368 809 hominesque
1389 760 1593 808 greges-

236 827 303 875 Et
328 829 529 876 valeant
554 827 747 891 vigiles,
775 826 985 891 provida
1009 826 1174 881 turba,
1202 840 1372 872 canes.
1436 824 1590 888 [que;

170 904 313 953 Neve
339 905 505 952 minus
533 905 718 953 multas
745 904 989 967 redigam,
1015 919 1169 967 quarn
1195 918 1343 950 mane
1364 900 1591 958 fuerunt;

235 983 377 1032 Neve
403 1000 604 1047 gemam
630 982 852 1032 referens
879 984 1065 1032 vellera
1091 988 1235 1046 rapta
1260 981 1397 1045 lupo.

165 1208 366 1250 grandinare.
415 1210 521 1241 Potest
546 1220 622 1241 sane
642 1216 674 1241 et
696 1220 752 1252 pro
774 1209 847 1240 sim-

166 1258 243 1300 plici
268 1260 462 1300 grandinare
482 1259 619 1302 positum
644 1270 724 1294 esse,
740 1266 775 1290 ut
797 1261 847 1290 de-

164 1310 274 1348 pluere
297 1320 352 1352 pro
374 1311 492 1349 pluere,
509 1316 540 1341 et
565 1310 659 1340 finem
685 1309 849 1351 grandinis

165 1364 298 1397 notare;
337 1369 474 1402 namque
503 1360 599 1390 etiam
629 1361 773 1390 detonare
801 1365 848 1390 est

165 1406 309 1439 desinere
325 1415 446 1444 tonare,
463 1408 545 1440 unde
559 1408 753 1446 Quintilian.
770 1409 847 1440 xu.

166 1456 210 1487 ix.
227 1458 258 1488 4.
273 1458 537 1490 consuetudinem
555 1458 728 1500 quamdam
742 1459 786 1489 ait
801 1459 848 1489 in-

168 1512 215 1538 ter
230 1507 394 1549 plausores
415 1519 488 1539 suos
507 1510 687 1544 detumuisse,
704 1508 848 1540 desiisse.

168 1557 374 1588 Burmannus
386 1558 441 1599 qui
456 1557 626 1600 posteriore
639 1569 732 1589 sensu
746 1569 850 1589 sume-

167 1606 234 1643 bat,
258 1608 464 1649 degrandinet
492 1607 643 1642 malebat,
673 1608 749 1649 quia
775 1609 848 1638 dum

168 1667 224 1698 pro
262 1657 363 1688 donec
402 1656 640 1699 subjunctivum
684 1657 823 1698 postulet
840 1670 845 1686 z

168 1707 252 1749 quod
272 1718 344 1738 vero
366 1719 426 1738 non
450 1707 636 1749 semperssfit.
685 1707 848 1743 Heinsius,

167 1757 218 1788 cui
236 1758 366 1788 ve1bum
393 1758 533 1788 insolens
555 1760 764 1799 degrandinat
784 1757 847 1789 dis-

167 1806 318 1849 plicuisse
336 1808 472 1843 videtur,
486 1807 654 1844 suadebat,
670 1810 752 1843 dnm,
769 1807 848 1845 Dea,

167 1859 349 1898 grandinat.
397 1860 523 1900 Agreste
538 1859 658 1893 tanum,
678 1868 738 1888 non
755 1857 848 1889 modo

168 1906 301 1943 Silvani,
327 1913 362 1938 ut
388 1908 476 1938 Dan.
503 1908 616 1939 Heius.
633 1907 770 1943 volebat,
792 1907 848 1939 sed

168 1963 200 1987 et
216 1957 446 1999 cujuscumque
458 1957 521 1988 Dei
540 1957 693 1999 templum
709 1957 741 1987 in
754 1957 848 1998 agn's.

171 2006 259 2037 Mota
274 2008 395 2048 ungula
411 2008 494 2038 bene
511 2018 544 2038 se
562 2007 655 2038 habet
670 2019 678 2044 ;
695 2007 848 2038 describi-

169 2061 220 2086 tur
235 2056 320 2087 enim
341 2063 445 2098 pastor
461 2068 516 2099 per
532 2057 622 2088 lacus
639 2063 694 2088 aut
710 2057 742 2087 in
760 2057 849 2088 lacus

169 2115 275 2137 sacros
297 2116 413 2148 pecora
441 2116 558 2147 agens;
592 2107 674 2138 Met.
696 2107 736 2137 vi.
762 2107 845 2138 363:

170 2155 292 2197 “ipsos
322 2154 419 2186 etiam
450 2155 650 2198 pedibusque
686 2166 848 2198 manuque

169 2204 351 2236 Turbavere
379 2205 486 2243 lacus;
526 2206 653 2248 imoque
680 2216 697 2237 e
723 2206 849 2248 gurgite

170 2255 299 2285 mollem
314 2255 387 2286 Huc
402 2255 480 2286 illuc
497 2256 609 2286 limum
625 2256 709 2287 saltu
725 2267 850 2288 movere

171 2305 349 2347 maligno.’'
397 2306 448 2337 Sic
473 2312 505 2337 et
527 2306 669 2337 volantes
693 2317 768 2338 aera
789 2318 850 2337 mo-

172 2361 243 2386 vent
266 2357 386 2395 pennis,
413 2355 602 2397 navigantes
630 2366 715 2387 mare
742 2355 850 2387 remis.

174 2404 312 2435 obscura
327 2415 411 2446 aqua
426 2404 595 2447 opponitur
611 2405 763 2447 limpidae.

217 2454 291 2485 761.
333 2454 399 2485 Nec
431 2455 587 2496 Dryadas,
617 2455 700 2496 etc.]
742 2456 852 2487 Prisco

173 2504 292 2536 saeculo
307 2504 457 2536 mortales
471 2505 602 2547 impune
619 2515 747 2537 cernere
763 2513 850 2547 pote-

172 2560 245 2586 rant
269 2555 369 2591 Deas,
385 2555 482 2586 etiam
505 2555 632 2593 nudas;
656 2555 850 2598 Propertius,

173 2605 239 2636 111.
255 2604 298 2636 xi.
314 2605 368 2636 38.
384 2604 492 2647 ibique
508 2605 757 2637 Brouekhusius.
795 2606 850 2637 Se-

171 2654 252 2687 riore
267 2665 366 2697 poena
380 2655 611 2691 afficiebantur,
627 2655 682 2697 qui
699 2656 786 2687 Deos
802 2655 849 2687 in·

172 2705 255 2736 vitos
280 2704 437 2736 viderant.
484 2705 587 2735 Labra
614 2705 724 2736 Dianae
753 2705 849 2736 etiarn

173 2754 266 2787 Ibide
292 2755 378 2793 479;
403 2755 487 2785 labra
511 2760 588 2786 vasa
614 2755 733 2797 majora
755 2754 849 2786 variis

1492 981 1590 1028 766

919 1210 1012 1240 rebus
1035 1208 1237 1251 recipiendis,
1255 1213 1289 1238 ut
1312 1212 1415 1238 musto
1436 1215 1597 1248 expresso,

919 1259 1121 1291 inservientia
1141 1271 1147 1296 ;
1175 1258 1265 1299 Virg.
1282 1257 1402 1299 Georg.
1418 1256 1452 1287 ii.
1471 1256 1514 1294 6;
1539 1254 1596 1286 sed

918 1316 1009 1341 erant
1038 1316 1069 1340 et
1100 1309 1189 1340 labra
1219 1307 1392 1342 balnearia,
1418 1307 1451 1337 in
1481 1305 1598 1348 quibus

918 1360 995 1391 lotio
1021 1359 1125 1390 fiebat.
1172 1359 1287 1399 Itaque
1312 1357 1425 1388 Cicero
1451 1355 1493 1387 ad
1516 1355 1597 1386 Div.

920 1410 981 1440 xiv.
997 1410 1051 1440 20.
1069 1407 1172 1439 curari
1194 1407 1275 1443 vult,
1294 1413 1329 1438 ut
1354 1407 1474 1437 labrum
1497 1404 1538 1436 sit
1564 1403 1597 1435 in

918 1460 1045 1491 balneo.
1092 1459 1188 1490 Nunc
1206 1458 1308 1489 sontes
1324 1455 1600 1497 intelliguntur,in

919 1510 1036 1553 quibus
1061 1509 1169 1541 Diana
1191 1514 1307 1539 venatu
1334 1507 1417 1538 fessa
1439 1505 1598 1548 virgineos

920 1567 1007 1592 artus
1027 1559 1149 1602 liquido
1172 1557 1363 1601 perfundere
1380 1567 1447 1588 rore
1463 1555 1598 1593 solebat,

919 1610 1048 1652 qualem
1075 1609 1191 1640 Noster
1214 1609 1351 1639 Metam.
1376 1606 1420 1637 iii.
1445 1606 1517 1638 161.
1540 1605 1598 1637 de-

918 1660 1040 1691 scribit.
1089 1659 1198 1690 Diana
1217 1665 1324 1689 autem
1340 1655 1540 1699 potissimum
1553 1658 1599 1686 la-

919 1713 971 1741 bra
995 1716 1148 1741 memorat
1171 1714 1300 1752 propter
1323 1707 1470 1738 miserum
1489 1706 1598 1738 Actae-

918 1771 991 1791 ona.
1041 1760 1158 1790 Premit
1189 1770 1276 1794 arva,
1300 1757 1399 1788 cubat
1425 1756 1458 1787 in
1489 1755 1573 1787 arvis
1589 1767 1599 1794 3

919 1811 987 1842 Pan
1003 1810 1088 1842 enim
1113 1811 1150 1841 τὸ
1172 1807 1402 1851 μεσαμβρινὸν
1416 1805 1475 1838 ἀπ’
1490 1806 1600 1849 ἄγρας

918 1860 1087 1903 κεκμακὼς
1108 1859 1311 1902 ἀμπαύεται·
1327 1856 1527 1894 Theocritus,
1544 1856 1598 1888 Id.

919 1911 940 1942 i.
962 1911 1013 1942 15.

964 1961 1041 1991 763.
1090 1958 1255 2001 Incipiunt
1293 1967 1402 2001 preces
1436 1956 1478 1988 ad
1512 1955 1600 1988 mala

918 2009 1158 2041 averruncanda
1178 2014 1212 2040 et
1232 2007 1272 2039 ad
1287 2008 1373 2039 bona
1387 2006 1598 2038 advertenda.

918 2059 1028 2090 Simile
1054 2057 1246 2101 precationis
1269 2067 1398 2088 carmen
1419 2055 1523 2087 verbis
1546 2066 1600 2088 ve-

918 2109 1012 2140 tustis
1028 2114 1217 2151 conceptum
1233 2107 1331 2138 habet
1342 2106 1424 2138 Cato
1438 2106 1491 2137 Re
1502 2106 1600 2138 Rust.

923 2160 996 2190 141.
1047 2159 1151 2189 Minus
1174 2158 1288 2189 multas
1312 2156 1490 2195 scil.oves;
1513 2156 1600 2198 quod

919 2220 983 2240 non
998 2208 1077 2240 satis
1093 2207 1260 2239 commode
1277 2206 1440 2239 omissum.
1481 2205 1601 2246 Rapta,

920 2265 1040 2300 erepta.
1088 2257 1223 2289 Felicior
1257 2263 1306 2288 est
1340 2255 1477 2287 rusticus
1513 2255 1600 2298 apud

921 2309 1102 2344 Horatium,
1125 2307 1227 2350 Epod.
1248 2308 1283 2339 ii.
1307 2308 1360 2339 60.
1383 2306 1439 2349 qui
1462 2305 1603 2338 comedit

921 2360 1039 2390 haedum
1052 2364 1189 2398 ereptum
1206 2358 1287 2398 lupo.
1334 2356 1440 2388 Etiam
1453 2355 1602 2387 Tibullus

921 2409 1007 2440 dicto
1022 2408 1092 2440 loco
1109 2414 1256 2450 precatur
1270 2420 1276 2438 :
1303 2412 1324 2425 “
1341 2417 1361 2438 a
1374 2406 1511 2438 stabulis
1523 2411 1601 2438 tunc

921 2460 1034 2502 procul
1049 2465 1115 2490 este
1132 2457 1236 2501 lupi.”
1285 2457 1412 2498 Iniqua,
1429 2456 1599 2487 damnosa.

923 2509 1043 2540 Latent
1061 2515 1150 2539 artus
1164 2518 1279 2549 nempe
1299 2507 1406 2538 ovium
1422 2518 1431 2545 ;
1455 2504 1603 2538 solebant

921 2558 1006 2589 enim
1029 2559 1189 2589 balantum
1210 2568 1332 2600 gregem
1345 2557 1450 2598 fluvio
1470 2566 1603 2588 mersare

920 2609 1059 2644 salubri;
1094 2607 1208 2649 virgil.
1236 2607 1354 2648 Georg.
1378 2606 1400 2636 i.
1427 2605 1513 2644 2723
1550 2604 1599 2636 iii.

920 2658 984 2688 445
1007 2667 1086 2699 sqq;
1111 2657 1213 2688 Varro
1238 2656 1289 2687 Re
1313 2655 1473 2687 Rust.11.
1497 2654 1520 2685 i.
1540 2654 1598 2686 23.

920 2707 1002 2743 Quae
1015 2706 1092 2737 lotio
1106 2706 1138 2737 in
1151 2705 1350 2737 Kalendario
1365 2703 1497 2747 antiquo
1508 2709 1597 2735 nota-

921 2762 970 2787 tur
985 2766 1091 2788 mense
1110 2755 1209 2786 Maio.
