1809 3220
205 168 288 209 394
742 168 1007 210 EXCURS
1017 168 1091 210 [Ἣ

208 285 275 326 vel
313 286 366 326 ob
405 285 665 327 inconditam
701 285 890 338 linguam
926 286 999 327 vix
1036 285 1396 341 intelligerentur.
1460 285 1630 327 Graecis

207 360 353 396 autem
382 355 537 396 fabulis
565 354 701 397 literae
731 355 942 397 Romanae
976 361 1079 397 tunc
1112 354 1381 410 potissimum
1414 353 1520 396 citra
1551 353 1629 396 du-

207 426 322 467 bium
359 426 524 468 obrutae
562 432 675 473 sunt,
715 441 848 481 quum
886 425 1053 468 Graecis
1089 425 1231 481 poetis
1270 431 1315 466 et
1352 424 1630 480 scriptoribus

206 495 426 536 vertendis
457 495 646 537 Romani
679 495 897 550 ingenium
935 509 1143 536 exercere
1175 494 1424 550 coepissent,
1449 500 1494 535 et
1528 500 1630 535 tunc

205 565 407 613 maxime,
431 580 563 620 quum
587 580 663 620 pro
687 565 830 607 Crono
852 567 1107 614 Saturnum,
1127 580 1203 621 pro
1227 565 1356 607 Rhea
1383 565 1531 622 Opem,
1557 579 1632 620 pro

207 635 382 676 Baccho
401 635 600 677 Liberum
622 636 949 684 substituerent,
974 637 1136 677 factum
1158 642 1237 684 est,
1257 642 1305 677 ut
1327 635 1462 691 mythi
1485 634 1632 677 Graeci

205 705 258 746 ad
290 704 379 746 haec
410 705 581 746 nomina
608 706 843 747 domestica
871 707 1151 747 referrentur.
1215 705 1287 747 Ita
1314 705 1356 747 in
1387 705 1532 746 multis
1559 719 1628 746 ac-

208 775 324 823 cidit,
360 780 409 816 ut
446 775 611 816 nonnisi
649 776 822 816 nomina
857 777 911 816 ad
945 775 1118 816 Latium
1154 776 1416 831 pertinentia
1447 779 1631 830 arguant

204 845 459 900 religionem
493 859 641 886 eorum
675 845 732 886 ibi
767 845 1046 886 domesticam
1082 861 1204 895 esse;
1241 845 1399 887 fabulae
1428 859 1577 886 omnes
1605 858 1630 885 e

207 913 380 956 Graecia
413 915 561 969 petitae
594 921 708 956 sunt.
771 915 1142 958 Jucundissimum
1182 916 1352 964 accidit,
1388 915 1423 956 si
1456 913 1630 970 quando

204 985 550 1026 commutationis
585 999 733 1026 eorum
762 999 859 1026 cum
890 985 1134 1026 numinibus
1164 984 1331 1027 Graecis
1365 989 1631 1026 momentum

205 1053 350 1109 aliqua
372 1068 469 1095 cum
488 1054 860 1095 verisimilitudine
884 1054 1223 1110 deprehendisse
1242 1054 1362 1095 nobis
1382 1053 1518 1095 videri
1534 1068 1630 1108 pos-

206 1138 365 1171 sumus,
392 1130 440 1164 ut
464 1139 501 1164 v.
523 1138 560 1165 c.
609 1123 842 1165 Saturnum
866 1139 962 1165 cum
973 1124 1092 1180 falce
1114 1124 1274 1180 agresti
1296 1124 1338 1165 in
1362 1124 1491 1175 Κρόνον,
1513 1124 1631 1179 quod

203 1192 276 1234 ille
293 1193 413 1249 falce
443 1193 708 1240 demetebat,
730 1194 886 1235 abiisse
920 1194 1042 1234 multi
1072 1194 1183 1235 bene
1215 1194 1512 1236 observarunt.
1575 1194 1630 1236 In

206 1262 298 1303 aliis
321 1278 361 1304 v.
381 1278 417 1304 c.
456 1264 590 1305 Anna
612 1264 830 1312 Perenna,
851 1264 991 1312 Maia,
1016 1265 1172 1313 Sanco,
1194 1264 1306 1306 haud
1331 1265 1460 1307 dubie
1483 1265 1631 1321 appel-

205 1330 375 1373 lationis
393 1332 729 1382 similitudinem,
755 1333 797 1374 in
821 1333 912 1374 aliis
936 1339 984 1374 ut
1004 1333 1046 1374 in
1070 1334 1266 1383 lllcctuta,
1283 1334 1400 1376 vocis
1418 1333 1630 1390 significa·

205 1401 365 1442 tionem
387 1402 492 1444 illud
515 1409 778 1444 momentum
802 1403 948 1451 fuisse,
974 1418 1059 1458 quo
1081 1404 1250 1445 nomine
1273 1404 1632 1460 comparabantur

205 1477 251 1512 et
273 1473 660 1522 commutabantur,
686 1479 891 1527 apparet;
925 1474 1023 1514 vide
1047 1473 1171 1515 infra.

266 1540 336 1582 De
374 1542 627 1596 quibusdam
665 1549 782 1584 certe
819 1544 1061 1585 numinibus
1098 1544 1140 1585 in
1176 1550 1325 1586 vetere
1361 1545 1486 1586 Latio
1523 1544 1632 1586 citra

205 1612 542 1653 controversiam
566 1613 828 1661 domesticis,
854 1614 997 1668 deque
1020 1613 1198 1655 aliorum
1225 1614 1432 1669 probabili
1457 1614 1631 1656 notione

206 1688 251 1721 et
272 1681 561 1736 interpolandi
583 1683 750 1724 ratione
773 1684 972 1739 quaedam
997 1685 1128 1726 verba
1149 1685 1308 1734 facere,
1331 1691 1430 1740 post
1456 1699 1509 1726 ea
1531 1700 1629 1740 quae

207 1750 276 1792 Ill.
314 1750 515 1807 Heynius
556 1752 583 1793 l.
620 1768 657 1794 c.
694 1752 837 1803 habet,
872 1754 924 1795 ab
961 1755 1109 1797 Ovidii
1145 1755 1503 1810 interpretatione
1545 1770 1631 1798 non

205 1820 391 1862 alienum
414 1822 510 1863 erit.
553 1821 770 1865 Universe
788 1825 962 1866 numina
983 1825 1067 1874 illa,
1091 1825 1218 1866 modo
1240 1839 1366 1880 reges
1388 1825 1629 1881 heroesque

204 1891 249 1932 in
278 1892 456 1933 deorum
490 1907 715 1934 numerum
745 1895 884 1944 relati,
909 1896 1035 1937 modo
1064 1896 1273 1950 praesides
1301 1901 1347 1936 et
1373 1895 1499 1950 primi
1530 1910 1630 1938 auc-

206 1967 320 2003 tores
349 1976 528 2017 operum
558 1963 807 2018 agrestium,
832 1965 959 2006 modo
987 1964 1184 2020 nymphae
1208 1971 1254 2006 et
1274 1965 1449 2006 numina
1469 1964 1630 2021 sylves-

206 2031 287 2072 tria
314 2037 358 2072 et
387 2038 589 2074 montana
613 2034 823 2075 vaticiniis
851 2034 980 2082 clara,
1005 2035 1132 2076 modo
1159 2035 1229 2076 dei
1256 2035 1463 2077 tutelares
1484 2035 1629 2091 singu-

206 2100 343 2142 lorum
381 2100 598 2142 hominum
635 2102 784 2152 fuisse,
820 2103 1036 2145 videntur.
1101 2104 1171 2146 De
1203 2105 1317 2146 Jano
1354 2110 1399 2146 et
1435 2104 1630 2147 Saturno

207 2171 497 2212 celeberrimis
540 2172 712 2213 omnino
750 2173 792 2214 in
830 2173 906 2215 hac
944 2173 1208 2230 mythologia
1246 2174 1488 2215 nominibus
1526 2174 1566 2216 h.
1601 2175 1628 2217 Ι.

206 2255 337 2296 agere
363 2242 650 2296 supersedeo:
685 2243 739 2284 de
768 2243 902 2285 altero
930 2259 1027 2299 quae
1054 2244 1210 2286 tentari
1233 2251 1411 2299 possunt
1433 2245 1486 2286 ad
1509 2245 1631 2287 Fast.

205 2310 232 2351 i.
257 2310 435 2365 collegi;
467 2311 522 2352 de
550 2311 685 2353 altero
713 2313 766 2354 ad
790 2313 859 2354 Ill.
886 2313 1110 2370 Hcynium
1134 2313 1161 2354 l.
1186 2329 1222 2355 c.
1247 2314 1445 2370 relegare
1467 2314 1628 2356 licebit.

211 2378 280 2420 De
299 2379 475 2422 Silvano
498 2381 629 2421 multa
654 2381 829 2437 collegit
850 2389 894 2423 et
916 2383 1151 2437 disputavit
1170 2383 1238 2424 lll.
1254 2383 1381 2425 Voss.
1400 2384 1455 2426 ad
1475 2383 1628 2439 Eclog.

207 2464 249 2504 p.
271 2447 371 2490 521.
437 2448 506 2490 De
528 2449 684 2492 Libero
702 2466 734 2492 s.
758 2452 952 2494 Loebasio
982 2452 1080 2493 vide
1115 2453 1316 2495 eumdem
1352 2453 1407 2494 ad
1437 2452 1534 2495 Ecl.
1558 2453 1631 2496 vii.

205 2518 277 2560 58.
342 2518 412 2560 De
445 2518 622 2568 Cerere,
655 2535 753 2575 quae
785 2528 953 2563 mature
987 2536 1085 2563 cum
1122 2521 1333 2564 Demetre
1368 2528 1631 2565 commutata

207 2594 288 2636 est,
313 2588 387 2629 vix
408 2587 569 2643 aliquid
595 2595 753 2644 practer
774 2605 945 2640 nornen,
970 2592 1085 2646 quod
1117 2590 1324 2633 Sabinum
1345 2606 1458 2641 esse,
1480 2597 1526 2633 et
1546 2606 1631 2650 pa-

207 2672 298 2698 nem
321 2672 473 2699 sonare
495 2658 645 2699 volunt
671 2660 953 2714 grammatici,
979 2667 1202 2716 superest;
1235 2661 1358 2703 Serv.
1384 2661 1437 2703 ad
1461 2660 1627 2718 Georg.

207 2727 232 2766 i.
255 2727 296 2768 7.
358 2726 445 2768 Alii
474 2727 750 2782 explicabant
781 2744 858 2784 per
888 2730 1035 2779 Geres,
1063 2730 1377 2785 permutatione
1407 2730 1627 2773 literarum
