1809 3220
191 159 279 202 448

601 164 649 204 Ρ.
686 164 905 207 OVIDII
942 165 1230 209 NASONIS

194 280 439 329 Aversam
465 282 683 331 caudam
709 300 879 332 morsu
908 293 1077 343 tenet3
1121 294 1277 351 atque
1303 287 1373 334 ita
1401 326 1410 335 .
1445 326 1453 336 .
1488 327 1497 337 .
1532 328 1540 337 .

195 358 338 409 Ube'r
363 369 578 419 servato,
607 378 761 427 quem
788 364 933 422 texit,
962 364 1014 412 in
1043 404 1052 413 .
1086 405 1095 413 .

1126 405 1135 413 .
1164 365 1396 414 resultet.

261 440 417 505 Sepia
438 442 584 490 tarda
607 441 758 507 fugae,
783 444 924 491 tenui
952 460 1111 508 quum
1136 443 1264 493 forte
1291 445 1387 493 sub
1414 446 1553 494 unda

191 517 462 584 Deprensa
477 528 572 578 est,
578 522 685 586 jam
695 522 911 587 jamque
928 539 1108 571 manus
1124 523 1272 572 timet
1287 524 1372 573 illa
1387 541 1617 591 rapaceS,

189 596 431 648 Inficiens
456 617 631 665 aequor
655 601 855 665 nigrum
881 603 1039 651 vomit
1064 619 1149 652 ore
1175 620 1436 664 cruorem3

1553 609 1620 654 20

186 677 492 745 Avertitque
515 680 640 738 viaS,
668 682 843 730 oculos
868 681 1110 732 frustrata
1135 691 1431 748 sequentes.

255 758 476 808 Clausus
502 769 609 810 rete
638 760 830 826 Lupus,
859 762 1092 827 quamvis
1119 763 1355 813 immanis
1382 772 1434 813 et
1459 781 1592 823 acer,

185 836 406 888 Dimotis
433 841 596 889 cauda
622 840 910 890 submissus
936 841 1058 891 sidit
1084 843 1268 892 arenis.

233 976 283 1007 16.
311 977 571 1019 Atqaeita,etc.]
596 977 649 1009 Sic
661 979 766 1010 locum
780 978 866 1011 hunc

183 1036 256 1058 vere
272 1026 527 1060 inextricabilem
543 1029 774 1060 restituendum
790 1041 865 1061 cen—

182 1077 274 1108 sebat
303 1077 486 1110 Gesnerus:
523 1084 543 1096 ‘⁴
572 1102 580 1111 .
596 1103 603 1110 .
617 1103 645 1111 ..
661 1079 770 1122 Atque
803 1088 864 1112 tra-

181 1127 288 1159 hendo
304 1128 477 1172 Captivum
495 1135 582 1161 texto
598 1130 719 1162 socium
739 1131 779 1162 de
795 1142 863 1164 car-

183 1188 254 1209 cere
265 1178 393 1210 solvit.'’
418 1180 572 1212 Heinsius
582 1192 658 1213 vero
674 1194 679 1212 :
699 1186 719 1199 ·‘
738 1205 746 1213 .
759 1206 766 1213 .
779 1206 786 1214 .
805 1184 862 1213 At-

179 1240 237 1270 que
262 1231 307 1261 ita
332 1230 463 1262 tandem
485 1231 599 1263 Victor
621 1239 752 1269 servato,
776 1246 863 1274 quem

182 1282 269 1316 teait,
288 1280 358 1313 cive
375 1282 545 1313 νεειιίτιιι.Η
592 1284 698 1321 Quam
720 1295 779 1326 ego
795 1295 862 1316 cor-

178 1331 351 1364 rectionem
364 1333 569 1365 Gesnerianae
577 1345 613 1365 eo
622 1334 774 1366 libentius
781 1346 862 1378 prae-

178 1381 317 1420 tulerim,
335 1384 420 1426 quod
445 1391 550 1415 servet
573 1383 768 1426 ingeniosius
789 1396 861 1427 quae

178 1432 288 1464 fractae
305 1433 453 1466 lectionis
468 1435 625 1477 fragmina
640 1443 822 1478 supersunt.

226 1484 277 1516 18.
311 1484 400 1526 Sepia
432 1488 522 1517 tarda
543 1486 669 1528 fagae.]
712 1486 795 1518 Vide
830 1493 863 1518 et

179 1533 360 1572 AElianum,
377 1535 397 1566 i.
413 1546 484 1579 cap.
500 1537 553 1568 35.
579 1536 621 1567 H.
636 1536 680 1567 A.

227 1585 277 1616 19.
309 1585 381 1617 Jam
396 1589 527 1627 jamque
553 1599 660 1617 manus
688 1589 772 1618 timet
803 1589 857 1619 illa

176 1647 311 1676 rapaces,
327 1637 412 1678 etc.]
440 1638 583 1669 Verbum
600 1639 656 1669 illa
676 1637 726 1670 bis
745 1638 778 1670 in
800 1638 858 1670 hoc

176 1687 314 1719 disticho
339 1688 478 1731 positum
507 1689 644 1721 otiosum
668 1689 764 1732 plane
789 1696 856 1722 est:

176 1738 248 1781 lego
259 1739 356 1782 igitur
367 1750 439 1771 cum
450 1740 664 1772 Ach.Statio:
691 1745 713 1758 “
733 1765 760 1773 ..
772 1766 780 1774 .
796 1742 859 1773 Vo-

177 1789 235 1821 mit
250 1801 302 1822 ore
319 1791 500 1822 cruorem.”
525 1793 623 1824 C1or.
662 1792 859 1825 MSS.v0mz‘t

175 1841 278 1878 illace,
291 1841 376 1884 quod
393 1842 484 1873 alteri
496 1843 688 1886 conjecturae
705 1854 784 1874 meae
801 1844 858 1875 ad-

174 1891 370 1934 stipulatur:
399 1895 521 1936 nigram
545 1896 637 1926 vomit
657 1895 742 1925 ilicet
763 1898 856 1933 iram,

172 1942 222 1974 vel
241 1945 369 1975 undam.
394 1944 494 1976 er.

220 1995 274 2026 21.
298 1996 480 2037 Avertitque
506 1996 613 2037 vices]
648 1997 691 2028 Et
716 1996 860 2039 pericula

174 2043 298 2087 effugit.
360 2047 452 2089 Virg.
486 2047 544 2078 lib.
579 2046 615 2078 ii.
648 2048 728 2079 AEn.
763 2049 825 2079 431
848 2062 853 2079 :

171 2095 302 2127 “Iliaci
332 2096 468 2134 cineres,
494 2105 527 2128 et
552 2098 683 2129 flamma
713 2106 857 2130 extrema

173 2157 327 2184 meorum,
343 2148 455 2179 Testor
473 2148 507 2180 in
528 2160 644 2180 occasu
660 2157 779 2187 vestro,
797 2162 855 2182 nec

172 2199 250 2235 tela,
272 2209 330 2230 nec
357 2199 439 2230 ullas
461 2199 623 2231 vitavisse
644 2203 720 2232 vices
744 2201 855 2233 Dana-

175 2250 270 2286 um,’'
301 2256 366 2282 etc.
416 2251 610 2282 Observavi't
639 2252 760 2284 Statius
795 2253 855 2285 hoc

172 2301 304 2332 verbum
331 2304 418 2338 vices,
440 2303 563 2333 nullum
590 2302 641 2334 hic
665 2303 770 2335 locum
796 2304 854 2335 ha-

173 2352 261 2388 bere,
289 2357 322 2383 et
352 2362 424 2383 cum
460 2352 632 2388 Ciaecono,
663 2359 695 2385 et
726 2354 855 2386 Mureto

170 2403 286 2434 sentio.
311 2404 407 2435 Cror.
435 2403 519 2435 Plin.
536 2404 578 2435 ix.
593 2405 648 2441 29,
667 2405 707 2436 de
728 2405 852 2448 Sepiis:

179 2454 238 2485 Ubi
258 2465 375 2486 sensere
390 2466 419 2485 se
440 2456 637 2495 apprehendi,
654 2455 749 2498 effuso
769 2464 854 2488 atra-

173 2512 283 2541 mento,
296 2507 374 2546 quod
387 2516 444 2545 pro
456 2508 605 2547 sanguine
621 2507 666 2536 his
682 2514 737 2542 est,
753 2508 853 2547 insus-

173 2562 242 2586 cata
268 2567 347 2597 aqua
371 2557 615 2587 abscondantur.
661 2557 701 2587 Et
723 2558 763 2588 ad
786 2569 854 2589 ver-

172 2606 248 2636 bum
270 2605 449 2648 Oppianus,
470 2605 551 2636 libro
575 2605 621 2637 iii.
639 2618 669 2637 v.
690 2607 771 2637 162:
798 2609 853 2639 καὶ

170 2654 342 2698 ἡμάλδυνε
374 2654 523 2693 κέλευθα,
551 2659 749 2698 obscuratque
779 2660 852 2690 vias.

173 2706 271 2737 Ver.
301 2707 370 2737 Vias
385 2706 512 2749 scripti:
540 2707 662 2749 opinor,
681 2710 852 2750 avertitque

160 2757 281 2799 sugas,
302 2758 351 2789 vel
376 2760 548 2799 avertitque
572 2760 682 2790 minas.
709 2759 752 2790 H.
800 2760 851 2791 Ita

172 2810 226 2839 via’
247 2815 279 2838 et
304 2810 378 2840 vices
400 2810 551 2844 confusae,
569 2809 626 2840 lib.
646 2821 696 2840 xv.
715 2810 850 2841 Metam.

936 981 1020 1018 2383
1053 985 1085 1011 et
1109 980 1194 1023 apud
1223 981 1299 1012 Val.
1323 981 1412 1013 Flac.
1435 980 1459 1012 i.
1483 981 1561 1012 283.
1585 987 1618 1013 et

936 1031 1024 1062 alibi.
1048 1032 1169 1063 Banu.
1427 1038 1430 1039 ’

978 1084 1033 1113 22.
1061 1082 1193 1113 Clausus
1218 1088 1282 1113 rete
1309 1082 1444 1124 Lupus]
1480 1081 1617 1120 Graecis,

933 1133 1069 1175 λάβραξ
1085 1145 1092 1170 ;
1119 1132 1222 1170 Italis,
1238 1134 1364 1175 spigola.

978 1185 1032 1215 23.
1059 1184 1194 1215 Dimotis
1209 1185 1332 1221 cauda3
1356 1184 1519 1215 submissus
1536 1183 1618 1226 sedet

932 1238 1026 1267 armis
1043 1238 1077 1266 in
1098 1235 1228 1277 austri]
1278 1235 1378 1277 Lego,
1401 1235 1526 1266 Latitat
1545 1235 1616 1266 sub·

932 1288 1038 1317 missas
1057 1287 1170 1317 arenis.
1218 1286 1296 1317 Post
1316 1285 1401 1317 hunc
1422 1295 1546 1326 versum
1568 1284 1617 1316 in·

931 1337 1084 1368 seruerim
1111 1336 1230 1368 alium:
1259 1340 1281 1353 ¹‘
1296 1336 1343 1367 At
1367 1335 1464 1378 piscis
1488 1340 1616 1377 captus,

932 1388 987 1430 qui
998 1388 1096 1430 Grajo
1109 1393 1157 1419 est
1168 1386 1297 1418 nomine
1311 1386 1496 1418 Cestreus.”
1530 1386 1616 1417 Nam

931 1438 991 1470 hoc
1010 1439 1050 1470 de
1073 1438 1206 1470 Cestreo
1223 1437 1274 1480 (id
1299 1443 1347 1469 est
1365 1436 1497 1479 Mugili,
1519 1448 1616 1480 quem

931 1490 1010 1522 forte
1029 1489 1177 1521 eumdem
1199 1499 1268 1520 esse
1290 1487 1449 1531 ignoravit
1464 1487 1614 1525 Ovidius,

930 1552 1029 1583 quum
1053 1539 1184 1572 inferius
1208 1539 1323 1570 iterum
1346 1538 1387 1569 de
1408 1538 1543 1580 Mugilis
1566 1549 1617 1570 as·

930 1592 1012 1623 tutia
1032 1591 1170 1630 scribat3
1196 1597 1252 1622 aut
1271 1590 1332 1621 hoc
1351 1589 1430 1621 nihil
1446 1589 1613 1633 prohibet:

929 1653 1004 1674 nam
1019 1648 1052 1674 et
1064 1642 1104 1674 de
1116 1643 1274 1673 Muraenae
1290 1641 1409 1673 astutia
1424 1640 1529 1672 denuo
1540 1640 1617 1672 scri-

928 1693 994 1732 bit>
1010 1693 1150 1726 ostendit
1166 1692 1348 1736 Oppianus,
1359 1691 1417 1724 lib.
1429 1691 1476 1723 iii.
1489 1691 1529 1723 de
1544 1691 1614 1723 Pis-

929 1744 1039 1776 cibus:
1067 1745 1123 1775 ubi
1144 1751 1176 1775 et
1197 1743 1261 1775 alia
1283 1743 1434 1786 quaedam
1455 1742 1614 1780 similiter,

929 1801 964 1826 ut
1003 1795 1062 1826 hoc
1100 1794 1133 1826 in
1171 1795 1241 1826 loco
1272 1793 1420 1830 Ovidius,
1450 1792 1614 1825 describit.

929 1846 1059 1888 Lupum
1078 1845 1202 1877 Plinius
1221 1856 1259 1876 ex
1283 1843 1400 1876 Ovidio
1423 1843 1536 1876 scribit
1554 1843 1614 1875 reti

928 1895 1173 1932 circumdatum,
1190 1906 1302 1927 arenas
1319 1905 1408 1926 arare
1429 1894 1546 1931 cauda,
1565 1899 1613 1926 at-

930 1958 991 1990 que
1006 1947 1051 1979 ita
1067 1947 1231 1979 conditum
1250 1945 1383 1978 transire
1398 1951 1478 1977 rete.
1506 1948 1613 1978 (inssi.

928 1999 1109 2029 —Dimotis
1122 1999 1224 2029 cauda
1238 1998 1398 2029 submissus
1413 1999 1498 2029 cedet
1509 1999 1614 2028 arenis

929 2051 961 2080 in
979 2051 1093 2080 austri.
1140 2048 1364 2091 Pantagathus
1384 2048 1533 2090 legebat:
1561 2048 1610 2079 Si-

926 2101 974 2131 dit
988 2103 1101 2131 arenis.
1147 2100 1209 2131 Sed
1223 2099 1306 2130 inter
1320 2100 1418 2136 hunc,
1429 2105 1460 2131 et
1473 2110 1610 2142 sequen-

925 2157 990 2181 tem
1019 2161 1146 2182 versum
1177 2150 1299 2193 aliquot
1327 2151 1470 2182 carmina
1498 2149 1610 2182 deesse

924 2201 1157 2243 suspicabatur.
1182 2202 1279 2233 Cror.
1315 2201 1398 2232 Siait
1412 2202 1525 2232 arenis.
1558 2201 1611 2232 Ita

924 2262 1003 2293 ego:
1035 2251 1123 2283 Pith.
1144 2253 1222 2283 sidet
1245 2253 1360 2283 arenis.
1408 2252 1503 2282 MSS.
1527 2253 1610 2283 ridet

923 2305 1036 2334 arenis.
1083 2303 1217 2334 Gesner.
1233 2304 1339 2334 latitat
1360 2304 1521 2334 submissus
1540 2314 1608 2334 are-

924 2356 991 2385 nis.-
1016 2365 1070 2397 pro
1086 2364 1134 2390 eo,
1150 2353 1236 2396 quod
1252 2359 1300 2385 est
1315 2354 1347 2384 in
1367 2354 1406 2385 A.
1418 2355 1499 2385 sedet
1513 2356 1608 2386 armis

924 2407 955 2437 in
986 2407 1100 2437 aastri.
1146 2407 1290 2444 Quorum
1321 2405 1434 2437 ultima
1464 2404 1607 2448 proximo

923 2468 1004 2489 vers.
1023 2462 1107 2494 sunt,
1124 2468 1196 2499 quae
1220 2462 1417 2499 sequuntur:
1444 2459 1477 2488 in
1501 2468 1608 2488 auras.

923 2509 974 2540 lta
998 2509 1092 2539 MSS.
1110 2515 1142 2540 et
1157 2508 1244 2539 Pith.
1291 2508 1419 2546 Quibus
1441 2518 1502 2550 ego
1524 2518 1603 2551 prae-

923 2559 997 2590 fixi:
1033 2562 1133 2600 Atque
1161 2560 1213 2589 abi
1231 2560 1304 2599 jam
1335 2561 1469 2590 transire
1495 2560 1606 2601 plagas

921 2612 1080 2650 persentit,
1113 2611 1145 2640 in
1175 2620 1279 2645 auras,
1311 2615 1375 2640 etc.
1434 2609 1604 2640 Praeeuute

922 2660 1048 2692 Plinio:
1088 2661 1248 2703 “Lupum
1279 2659 1337 2691 reti
1367 2659 1600 2691 circumdatum

921 2721 1033 2742 arenas
1058 2721 1146 2742 arare
1170 2710 1287 2746 cauda,
1309 2717 1406 2752 atque
1427 2709 1472 2741 ita
1496 2709 1602 2746 condi,

920 2762 996 2793 dum
1014 2767 1153 2794 transeat
1168 2761 1269 2792 rete.’'
1316 2760 1475 2792 Isidorus:
1498 2764 1519 2777 “
1534 2760 1601 2791 De-

920 2811 1018 2854 nique
1043 2819 1107 2843 rete
1132 2811 1348 2844 circumdatus
1367 2812 1466 2843 fertur
1490 2821 1601 2843 arenas
