1809 3220
229 176 317 218 402
768 175 1117 218 EXCURSUS

230 293 394 342 Terrae,
421 293 550 335 Maiae
583 292 755 335 nomina
782 294 824 334 in
851 308 983 335 unum
1014 306 1174 335 numen
1203 293 1421 335 cumulata
1445 297 1561 342 sunt,
1583 292 1652 334 vel

230 363 454 418 utriusque
478 363 637 404 festum
667 363 836 406 nonnisi
863 364 907 404 in
934 378 1065 405 unum
1089 363 1205 405 diem
1229 363 1463 405 incidebat.
1525 361 1656 404 Com-

231 433 411 475 mutatio
433 433 526 489 ejus
547 448 643 474 cum
667 432 786 475 Maia
809 433 1016 475 Mercurii
1037 433 1244 489 frequens
1266 433 1310 475 in
1332 432 1637 489 grammaticis·

291 502 480 544 Multum
502 503 701 552 referret,
721 503 755 544 si
779 509 965 558 tempus,
988 517 1073 558 quo
1094 503 1221 559 hujus
1243 503 1314 545 vel
1333 503 1447 545 illius
1469 501 1654 544 numinis

231 572 372 613 cultus
406 572 447 612 in
482 571 655 613 Italiam
688 573 872 627 primum
905 573 1114 614 advectus
1147 572 1216 621 sit,
1252 573 1455 628 persequi
1486 572 1652 620 liceret,

230 643 304 684 ubi
326 643 367 684 in
390 643 539 698 paucis
562 643 629 684 vel
658 643 912 698 conjectura
933 643 1094 698 aliquid
1123 643 1295 685 efficere
1324 644 1440 686 licet.
1504 642 1653 685 Serius

231 718 396 768 aperte,
421 718 466 753 et
488 712 556 753 vel
579 718 676 768 post
699 712 860 754 Numae
882 717 1078 768 tempora
1099 713 1361 755 transierunt
1381 729 1422 754 v.
1442 728 1479 754 c.
1499 712 1656 768 Apollo

229 789 274 824 et
292 783 442 826 Venus.
494 782 756 837 Apollinem,
773 797 902 837 quem
921 797 1018 823 cum
1036 782 1127 837 ipso
1146 783 1318 824 nomine
1339 782 1496 825 Graeco
1520 782 1652 837 adop-

229 858 389 901 tarunt,
408 868 434 894 a
449 853 609 895 Numae
626 853 981 909 indigitamentis,
996 853 1064 894 vel
1084 868 1248 894 canone
1265 854 1442 895 deorum
1461 868 1486 894 a
1503 851 1654 894 Numa

230 923 472 978 agnitorum
513 923 701 964 alienum
742 922 875 963 fuisse
916 922 1136 963 Arnobius
1180 929 1337 972 narrat,
1381 928 1426 964 et
1467 921 1655 964 Veneris

228 1006 387 1034 nomen
414 1007 557 1047 neque
583 993 625 1034 in
656 993 844 1034 carmine
874 992 1016 1034 saliari
1040 1007 1282 1042 occurrere,
1306 1007 1449 1048 neque
1481 992 1653 1034 omnino

229 1063 308 1104 sub
337 1062 513 1118 regibus
544 1063 765 1118 cognitum
791 1062 939 1111 fuisse,
965 1062 1142 1105 Cincius
1167 1070 1212 1104 et
1234 1063 1375 1105 Varro
1405 1062 1601 1105 Macrob.
1624 1061 1653 1103 i.

230 1132 300 1174 12.
326 1132 517 1174 tradunt.

293 1201 496 1257 Denique
509 1201 762 1257 adjiciamus
776 1203 972 1258 quaedam
994 1204 1047 1244 de
1066 1202 1276 1253 Hercule,
1293 1203 1554 1252 divitiarum,
1571 1202 1653 1243 for-

230 1278 346 1312 tunae
370 1277 415 1313 et
437 1272 562 1313 sortis
587 1272 788 1326 praeside,
813 1272 866 1314 ad
892 1272 1010 1314 Fast.
1035 1274 1090 1315 vi.
1112 1273 1223 1315 21⁶2:

390 1374 530 1414 Altera
549 1390 636 1427 pars
658 1376 775 1421 Circi,
797 1376 954 1414 custode
974 1377 1046 1415 sub
1068 1377 1241 1415 Hercule
1263 1384 1349 1415 tuta
1369 1383 1439 1414 est.

445 1439 488 1478 Si
509 1441 646 1479 titulos
667 1441 816 1492 quaeris,
842 1440 952 1493 Sylla
968 1441 1152 1493 probavit
1172 1455 1279 1493 opus.

293 1554 396 1595 Huc
429 1555 625 1596 referunt
655 1554 795 1596 locum
824 1554 1045 1596 Plutarch.
1070 1554 1188 1611 Sylla
1218 1554 1299 1596 35:
1332 1558 1501 1594 Ἀποθύων
1531 1555 1565 1593 δὲ
1594 1557 1654 1601 τῆς

230 1628 346 1669 οὐσίας
374 1628 515 1671 ἁπάσης
542 1628 556 1663 ὅ
587 1628 725 1669 Σύλλας
752 1630 801 1674 τῷ
828 1628 996 1675 “Ηρακλεὶ
1025 1627 1196 1671 &exdram
1241 1639 1265 1664 e
1297 1638 1415 1665 more
1446 1623 1654 1665 Romanis

230 1694 330 1735 satis
359 1701 566 1736 consueto
590 1695 772 1736 Herculi
799 1695 1004 1736 bonorum
1036 1695 1261 1736 decumam
1289 1695 1512 1743 offerendi,
1536 1709 1654 1736 eum-

230 1777 315 1818 que
337 1763 438 1804 inde
462 1778 666 1805 novarum
697 1764 938 1806 divitiarum
964 1764 1322 1820 acquirendarum
1352 1764 1431 1805 sibi
1453 1764 1655 1820 sperandi

230 1832 470 1888 adjutorem
483 1839 510 1874 ἕ.
575 1833 721 1886 Quum
752 1840 797 1875 et
831 1834 913 1876 alia
946 1834 1041 1876 loca
1075 1834 1300 1883 accedant,
1331 1833 1404 1875 ubi
1435 1834 1653 1875 Hercules

230 1908 434 1958 tanquam
467 1903 640 1952 divitiis,
671 1903 775 1945 sorti
807 1909 851 1945 et
881 1903 1064 1946 fortunae
1096 1904 1352 1959 praepositus
1383 1904 1578 1959 adparet,
1610 1909 1655 1945 et

231 1986 364 2027 quum
388 1978 559 2013 veteres
584 1978 628 2013 et
650 1972 825 2028 quidam
851 1973 1114 2015 recentiores
1138 1974 1226 2029 jam
1255 1973 1332 2014 hac
1354 1974 1408 2015 de
1430 1988 1476 2015 re
1500 1973 1654 2029 quaesi-

231 2041 386 2090 verint,
408 2042 571 2096 paucis,
596 2042 698 2096 quid
733 2042 929 2091 sentiam,
961 2042 1151 2097 profiteri
1187 2043 1328 2085 liceat.
1394 2042 1500 2084 Post
1534 2042 1654 2098 polli-

231 2110 357 2151 cendi
391 2110 509 2151 illuni
547 2125 722 2160 morem,
759 2117 963 2167 tanquam
1005 2112 1249 2154 divitiarum
1293 2113 1652 2168 acquirendarum

231 2178 341 2219 viam
380 2179 678 2234 superstitiose
715 2181 938 2230 creditam,
974 2181 1164 2222 thesauri
1201 2182 1329 2223 etiam
1368 2182 1652 2230 subterranei,

231 2249 372 2290 subito
401 2255 446 2290 et
476 2256 633 2304 praeter
663 2265 782 2306 spem
813 2252 939 2300 eruti,
964 2251 1057 2307 ejus
1081 2252 1215 2293 favori
1238 2252 1388 2293 deberi
1417 2253 1652 2294 credeban-

232 2325 314 2365 tur,
339 2325 382 2359 et
415 2319 612 2361 universe
642 2326 690 2361 ut
720 2320 787 2361 cui
818 2321 1005 2362 maxime
1036 2336 1105 2362 res
1128 2337 1217 2364 suae
1239 2322 1424 2363 feliciter
1444 2323 1651 2377 procede-

231 2387 348 2437 bant,
372 2388 431 2429 ita
454 2388 660 2430 Hercule·
678 2404 724 2431 se
755 2390 1017 2431 dexterrimo
1046 2391 1107 2432 uti
1128 2392 1348 2440 credebat,
1372 2406 1559 2448 eumque
1581 2406 1651 2434 co-

230 2457 320 2499 lere
353 2458 532 2499 solebat.
597 2459 699 2501 Huc
732 2462 922 2515 pertinet
950 2460 1122 2503 Horatii
1151 2460 1253 2502 illud
1285 2461 1377 2504 Sat.
1403 2461 1468 2503 II.
1492 2462 1549 2504 vi.
1572 2462 1654 2503 10:

275 2601 290 2623 ἕ
315 2596 419 2628 Plaut.
435 2597 557 2629 Bacch.
576 2597 635 2629 IV.
652 2597 695 2628 iv.
717 2599 776 2636 15;
800 2598 901 2629 Stich.
972 2600 1027 2631 ναὶ
1045 2598 1114 2631 κατ’
1126 2599 1236 2642 εὐχάς.
1283 2600 1392 2638 Quare
1409 2606 1440 2631 et
1456 2600 1604 2633 Crassum
1619 2605 1651 2633 et

230 2646 277 2677 11.
298 2645 318 2677 i.
339 2648 401 2688 (al.
420 2648 446 2678 1.
462 2648 504 2678 iii.
521 2649 562 2679 80
578 2648 603 2689 3)
631 2649 742 2684 varro,
762 2649 798 2679 L.
818 2649 853 2679 L.
872 2661 902 2680 v.
974 2649 1147 2681 Lucullum
1180 2651 1359 2692 frequenter
1396 2651 1564 2682 decumam
1595 2650 1650 2682 de-

231 2698 293 2735 ⁵43
320 2697 455 2740 Dionys.
480 2699 501 2729 i.
524 2700 576 2730 40.
600 2699 638 2730 de
665 2709 719 2729 ara
743 2699 901 2730 maxima:
973 2699 1056 2731 disse
1082 2699 1226 2741 legimus,
1243 2706 1273 2732 et
1297 2711 1315 2732 a
1335 2700 1564 2732 mercatoribus
1585 2699 1652 2732 sac-

229 2746 429 2786 Fenccurcu'muc
449 2748 632 2791 χρημάτων
649 2748 802 2791 γίνονται
822 2760 901 2791 ang-
973 2756 1038 2780 tum
1056 2760 1122 2782 esse
1138 2761 1154 2782 e
1171 2750 1313 2782 Varrone
1332 2756 1474 2794 apparet.
