1830 3220
531 149 604 191 IN
639 148 854 191 OVIDII
892 148 1142 191 FASTos.
1457 149 1543 190 377

120 266 238 308 Fast.
263 266 307 308 ii.
328 268 399 309 55.
432 267 472 307 in
505 267 691 308 denariis
724 266 936 315 Prociliae,
968 268 1081 309 «luno
1111 267 1287 308 Moneta
1319 265 1457 320 (Fast.
1483 267 1537 308 vi.

119 335 240 388 183.)
261 336 302 376 in
327 335 510 377 nummis
533 335 675 391 gentis
698 335 877 377 Carisiae
900 342 1056 378 exstat.

177 404 249 447 Ad
273 405 393 447 Fast.
419 405 473 447 iv,
495 405 595 447 945.
620 405 661 446 in
684 404 783 454 fine,
807 405 880 445 ubi
903 406 1001 447 vide
1031 412 1154 447 notas
1183 405 1428 461 argumenti
1457 405 1538 447 his-

120 475 243 516 torici
263 475 317 516 ad
340 476 472 516 instar
493 475 609 516 nobis
636 481 698 516 est
720 490 911 516 nummus
933 476 1120 525 Servilii,
1146 476 1243 517 vide
1268 475 1422 518 Ekhel.
1446 476 1539 518 loco

120 543 180 585 ibi
202 544 390 586 citando.

177 615 266 656 Sed
290 615 476 657 omnium
498 615 885 657 fructuosissimum
916 615 1029 656 haud
1058 615 1187 657 dubie
1218 621 1297 664 est,
1322 616 1355 656 si
1384 630 1469 656 uno
1496 615 1538 656 in

119 684 213 726 loco
243 686 332 741 jam
365 685 587 735 Ekhelius,
611 686 674 726 vir
709 700 889 741 magnus
922 691 1041 739 (tom.
1068 701 1107 726 v.
1131 701 1172 741 p.
1194 686 1313 734 ⁶276.)
1344 685 1540 726 lectionis

120 754 389 796 vindicandae
412 755 525 796 viam
547 770 570 796 e
593 769 767 796 nummo
792 754 994 796 ostendit.

180 823 303 865 Fast.
329 824 384 865 vi.
407 825 493 865 651
515 839 608 879 sqq.
631 824 704 878 (cf.
730 824 823 866 Liv.
846 824 905 865 ix.
923 824 1004 872 30;
1037 830 1082 865 et
1104 823 1201 865 Val.
1227 823 1407 865 Maxim.
1433 824 1476 865 ii.
1495 825 1538 865 5.

121 907 208 934 sec.
229 894 292 943 4.)
354 893 537 935 Ovidius
559 893 767 949 originem
791 893 1144 948 Quinquatruum
1174 893 1383 934 minorum
1409 909 1541 949 expo-

120 961 293 1012 siturus,
329 963 526 1004 tibicines
568 962 788 1005 Romanos
827 963 1059 1018 aliquando
1089 963 1190 1018 jura
1227 963 1424 1018 quaedam
1462 963 1541 1004 sibi

121 1033 293 1074 ademta
321 1048 435 1089 aegre
465 1048 614 1088 passos
640 1033 775 1073 Tibur
799 1033 1036 1081 exsulasse,
1066 1032 1206 1082 canit3
1240 1034 1415 1074 alterius
1442 1048 1540 1074 cen-

121 1104 226 1159 soris
247 1109 392 1145 autem
414 1103 586 1154 astutia,
610 1118 739 1158 quum
765 1103 916 1158 religio
940 1103 1033 1157 ejus
1056 1102 1118 1143 rei
1139 1109 1334 1144 senatum
1358 1108 1540 1152 teneret,

121 1178 243 1227 potos
265 1174 306 1213 in
331 1172 519 1227 plaustro
543 1179 671 1214 noctu
702 1173 744 1213 in
773 1173 923 1213 urbem
954 1172 1147 1213 invectos
1177 1187 1299 1214 esse:
1334 1187 1422 1213 ver.
1439 1172 1539 1214 (583.

121 1242 181 1284 ita
203 1243 369 1298 pergit:

227 1328 394 1379 Jamque
412 1341 481 1379 per
502 1328 707 1379 Exquilias
729 1327 945 1366 Romanam
966 1329 1178 1366 intraverat
1198 1329 1333 1366 urbem
1354 1344 1362 1373 ;

280 1393 337 1432 Et
355 1407 468 1432 mane
487 1394 528 1431 in
548 1393 674 1431 medio
694 1393 867 1445 plaustra
886 1394 995 1432 fuere
1015 1393 1107 1431 foro.

231 1456 422 1503 Callidus,
443 1465 487 1495 ut
507 1465 662 1509 possent
682 1458 809 1509 specie
829 1470 1066 1508 numeroque
1085 1464 1263 1495 senatum
1469 1456 1544 1494 685

283 1521 450 1567 Fallere,
470 1522 644 1574 personis
664 1521 830 1573 imperat
850 1535 915 1559 ora
933 1522 1026 1572 tegi.

229 1585 509 1638 Admiscetque
529 1586 644 1624 alios:
675 1593 715 1624 et
734 1592 779 1624 ut
797 1586 900 1624 hunc
919 1585 1081 1623 tibicina
1100 1594 1244 1623 coetum

283 1650 456 1701 Augeat,
477 1651 517 1688 in
537 1650 661 1702 longis
680 1651 854 1689 vestibus
873 1651 928 1688 ire
943 1650 1068 1701 jubet.

235 1713 301 1752 Sic
319 1714 480 1752 reduces
499 1715 599 1752 bene
618 1728 727 1766 posse
746 1714 840 1765 tegi,
861 1728 910 1752 ne
930 1714 1030 1751 forte
1050 1720 1233 1752 notentur

284 1778 429 1817 Contra
453 1777 617 1830 Collegoe
632 1779 740 1829 jussa
759 1777 902 1816 redisse
923 1777 995 1814 sui.
1470 1777 1550 1816 690

128 1877 228 1918 Duo
246 1875 289 1916 in
308 1890 489 1916 censura
511 1875 689 1930 collegae
711 1881 813 1916 tunc
840 1875 978 1924 fuere,
1003 1874 1174 1929 Appius
1198 1874 1406 1916 Claudius
1429 1880 1475 1915 et
1496 1874 1548 1916 C.

126 1945 350 1994 Plautius;
383 1945 478 1986 Liv.
504 1944 541 1986 Ι.
565 1959 600 1985 c.
664 1944 807 1986 Versu
838 1944 938 1986 690.
963 1944 1041 1985 sub
1073 1944 1230 2001 colleya
1262 1944 1348 1998 qui,
1373 1958 1426 1984 ne
1459 1943 1550 1984 irri-

127 2021 218 2056 tum
247 2014 414 2055 faceret
443 2013 681 2062 consilium,
706 2014 894 2062 timetur,
919 2013 1033 2054 haud
1064 2013 1193 2054 dubie
1220 2012 1392 2068 Appius
1421 2012 1550 2054 Clau-

127 2084 223 2126 dius
245 2083 580 2139 intelligendus;
611 2083 667 2124 cf.
686 2099 725 2124 v.
744 2082 844 2124 663.
909 2082 1104 2124 Alterius
1128 2097 1283 2124 nomen
1305 2083 1347 2123 in
1367 2082 1553 2138 vulgatis

127 2155 267 2202 deest,
284 2153 361 2194 sed
381 2168 404 2194 e
424 2153 543 2194 varia
564 2152 750 2194 lectione
775 2152 961 2194 Cautius
982 2166 1059 2207 pro
1085 2152 1280 2194 Callidus
1295 2153 1552 2208 jamdudum

128 2222 309 2278 Pighius
332 2237 355 2263 e
379 2222 628 2278 conjectura
648 2221 897 2263 restituerat
920 2221 1143 2269 Plautius,
1167 2221 1283 2275 quod
1310 2221 1433 2262 unice
1456 2236 1552 2262 sen-

127 2307 223 2334 sum
246 2292 477 2346 praebebat,
503 2306 635 2347 quum
664 2305 820 2332 nomen
849 2290 1069 2345 proprium
1094 2290 1154 2330 ibi
1176 2291 1418 2332 necessario
1441 2290 1554 2332 desi-

129 2362 369 2404 deraretur.
432 2361 471 2402 E
505 2361 646 2416 gentis
683 2361 868 2403 Plautiae
902 2375 1075 2402 nummo
1109 2360 1213 2412 (vid.
1244 2360 1400 2402 Ekhel.
1437 2360 1464 2401 l.
1498 2362 1556 2412 c.)

130 2445 261 2486 quem
292 2431 384 2485 ipse
418 2430 461 2471 in
495 2430 667 2479 Museo,
693 2430 806 2485 quod
841 2429 1046 2472 Cassellis
1079 2435 1159 2479 est,
1181 2429 1368 2485 inspexi,
1393 2429 1466 2470 ubi
1501 2429 1556 2470 ad

129 2501 319 2557 lepidam
350 2500 458 2542 hanc
492 2500 794 2556 catastrophen
827 2500 1044 2549 alluditur,
1069 2500 1144 2542 vix
1175 2500 1352 2542 dubium
1379 2514 1556 2541 manere

129 2571 303 2627 poterit,
330 2570 547 2612 Plautium
570 2577 670 2613 tunc
702 2571 914 2612 restitutae
939 2570 1056 2626 pacis
1079 2576 1124 2611 et
1150 2570 1233 2625 piae
1262 2570 1425 2611 fraudis
1456 2583 1555 2610 auc-

132 2647 269 2683 torem
290 2640 440 2691 fuisse,
458 2647 504 2683 et
519 2641 664 2697 Pighii
686 2641 978 2697 conjecturam
996 2641 1121 2682 unice
1144 2646 1303 2681 rectam
1323 2652 1556 2694 veramque

132 2726 245 2753 esse.
316 2710 468 2752 Habet
506 2725 702 2752 nummus
736 2711 778 2751 in
814 2709 918 2752 Ant.
956 2711 1196 2753 Personam
1233 2710 1459 2757 mulierem,
1494 2707 1556 2748 in-

194 2794 296 2821 vor..
323 2794 364 2821 V.
1079 2780 1105 2819 3
1132 2793 1155 2819 c
