1830 3220
596 176 667 219 IN
703 177 921 220 OVIDII
958 178 1211 221 FASTOS.
1525 181 1612 224 895

187 291 385 347 antiqua;
409 293 502 336 Cic.
524 294 630 336 Nat.
649 295 782 337 Deor.
802 297 844 337 ii.
859 296 930 338 26.
971 296 1248 338 Ambarvalia
1269 296 1339 338 illa
1358 296 1471 351 (Tib.
1488 298 1530 339 ii.
1551 298 1612 348 1.)

186 361 342 415 quibus
365 363 549 418 junctim
581 379 678 406 cum
702 365 860 408 Libero
890 365 1143 421 plerumque
1173 366 1288 408 culta
1310 371 1389 415 est,
1413 367 1465 408 ad
1490 374 1608 408 vete-

186 444 280 471 rum
298 432 392 487 ejus
409 433 449 474 in
472 432 599 475 Italia
617 435 778 476 cultum
796 436 1013 489 pertinere
1030 436 1245 484 videntur,
1263 450 1392 490 quum
1414 435 1612 478 Cerealia

189 506 338 541 contra
362 501 522 543 urbana
544 518 716 557 prorsus
736 518 854 544 more
875 503 1033 545 Graeco
1051 505 1389 552 celebrarentur,
1410 511 1455 546 et
1476 520 1500 546 a
1522 506 1611 547 De-

185 570 348 612 metriis
369 570 621 613 Graecorum
639 573 826 628 repetita
849 579 1016 622 essent3
1040 573 1132 616 Cic.
1155 589 1229 629 pro
1252 575 1402 623 Balbo,
1424 590 1517 630 cap.
1537 575 1609 618 24.

247 638 310 688 Si,
341 641 456 695 quod
489 648 652 683 certum
687 648 767 691 est,
794 642 883 684 vita
914 644 1135 697 pastoritia
1168 659 1366 699 agrorum
1398 645 1609 687 culturam

187 707 229 748 in
253 707 379 751 Italia
401 712 636 764 praecessit‚
653 711 827 753 numina
850 712 930 753 huc
954 714 1207 767 spectantia,
1228 720 1275 755 ut
1297 714 1431 755 Pales
1452 720 1496 755 et
1519 715 1611 770 Ops

186 777 300 820 forte
329 780 459 822 etiam
489 782 730 837 antiquiora
759 787 859 823 sunt
887 782 967 823 illis
997 783 1178 824 culturae
1207 784 1468 830 auctoribus,
1490 790 1535 825 et
1557 785 1610 826 ad

187 847 319 890 vitam
343 849 434 891 fere
458 852 727 893 nomadicam
752 852 988 893 ascendere
1008 858 1197 907 possunt.
1242 852 1396 893 Palilia
1417 853 1487 894 illa
1505 854 1609 905 (vid.

187 917 307 959 Fast.
330 918 386 960 iv.
409 918 530 969 721.)
550 920 643 975 ipsa
666 920 808 962 Roma
832 921 1074 976 antiquiora
1100 922 1349 963 memoriam
1377 923 1496 964 nobis
1524 938 1611 964 ser-

187 995 343 1029 varunt
375 989 513 1038 Palis,
540 991 595 1031 de
629 1005 713 1045 quo
749 991 922 1032 numine
958 998 1045 1032 tam
1078 1006 1229 1046 parum
1264 992 1415 1047 liquet,
1441 999 1486 1033 ut.
1520 993 1611 1033 aliis

186 1056 361 1106 femina,
387 1058 480 1100 aliis
502 1074 592 1101 mas
613 1061 826 1109 videatur,
851 1062 965 1116 quod
990 1062 1042 1102 ad
1066 1062 1286 1117 antiquam
1314 1068 1516 1111 statuam,
1540 1078 1612 1104 cu-

180 1126 253 1182 jus
285 1143 414 1169 sexus
443 1144 527 1171 non
556 1130 738 1185 amplius
765 1132 1015 1186 apparebat,
1037 1133 1171 1173 refert
1196 1132 1264 1173 Ill.
1288 1132 1422 1173 Lenz.
1445 1133 1498 1174 ad
1522 1133 1548 1173 l.
1573 1148 1611 1175 c.

189 1195 383 1240 Plurima
412 1213 464 1240 eo
493 1200 691 1248 redeunt,
717 1201 1001 1255 procreationi
1027 1207 1073 1242 et
1094 1202 1362 1257 generationi
1385 1217 1478 1243 eam
1502 1217 1610 1257 prae-

188 1265 336 1316 fuisse,
360 1269 474 1323 quod
506 1276 550 1311 et
580 1270 718 1324 ipsum
750 1270 850 1311 festi
881 1285 1033 1311 nomen
1066 1271 1252 1320 indicat;
1284 1286 1366 1313 non
1396 1272 1509 1313 enim
1536 1287 1610 1327 pro

187 1338 368 1392 pecudis
391 1338 544 1388 solum,
571 1340 647 1381 sed
671 1346 716 1380 et
742 1340 967 1381 mulierum
991 1341 1273 1389 fecunditate,
1299 1356 1350 1382 eo
1378 1341 1488 1382 festo
1512 1348 1612 1383 vota

188 1413 391 1463 suscepta
411 1408 633 1464 legimuse,
657 1415 702 1450 et
726 1409 862 1450 altera
883 1409 1093 1464 scriptura
1117 1410 1295 1451 Parilia
1316 1415 1359 1464 (a
1386 1411 1612 1465 pariendo)

188 1475 268 1518 hoc
289 1483 440 1532 aperte
462 1478 614 1519 innuit.
678 1478 948 1533 comparatis
970 1479 1163 1533 pluribus
1187 1480 1375 1528 vocibus,
1397 1480 1502 1521 ubil
1523 1490 1567 1521 et
1587 1496 1611 1520 r

188 1553 453 1589 commutata
484 1554 598 1597 sunt,
621 1554 665 1589 et
694 1548 737 1589 in
764 1563 806 1589 se
836 1549 1021 1590 invicem
1055 1549 1267 1597 abierunt,
1291 1550 1450 1603 (caeria,
1474 1550 1609 1597 caelia,

187 1618 320 1669 λείριον,
344 1617 502 1666 lilium;
535 1617 591 1658 cf.
613 1618 726 1673 quod
753 1618 882 1659 Ovid.
903 1623 1043 1659 tentat
1065 1619 1119 1659 de
1146 1618 1364 1660 Remuriis
1385 1626 1430 1660 et
1453 1619 1610 1660 Lemu-

186 1688 278 1740 riis)
304 1687 386 1743 ipsi
415 1687 638 1742 scripturae
663 1688 795 1729 Pales
823 1693 865 1728 et
889 1688 1056 1729 Palilia
1086 1687 1192 1729 hanc
1225 1688 1441 1730 notionem
1470 1688 1610 1730 inesse

188 1758 282 1800 fere
305 1758 544 1799 crederem.

252 1827 362 1883 Opis
384 1841 538 1867 nomen
557 1826 728 1868 divitias
747 1832 791 1867 et
809 1826 1069 1882 opulentiam
1092 1827 1222 1882 prisci
1245 1826 1424 1869 hominis
1445 1828 1610 1877 rustici,

188 1913 287 1954 quae
319 1897 362 1938 in
394 1897 457 1938 rei
493 1896 708 1952 pecuariae
744 1902 788 1937 et
821 1911 1003 1952 gregum
1033 1896 1253 1937 affluentia
1282 1902 1382 1938 totae
1416 1911 1610 1952 compre-

187 1967 502 2016 hendebantur,
531 1966 695 2007 referre
722 1966 908 2008 videtur.
972 1966 1066 2022 Ops
1098 1981 1192 2008 esse
1222 1968 1298 2015 ois,
1321 1966 1426 2015 ovis,
1453 1974 1499 2007 ut
1524 1971 1610 2013 δαὶς,

189 2038 311 2093 dapS,
352 2043 397 2078 et
438 2051 463 2078 a
501 2037 671 2092 pecude
711 2036 764 2077 ad
807 2050 976 2078 omnem
1017 2036 1333 2091 possessionem
1374 2036 1611 2091 antiquitus

187 2107 440 2150 translatum
477 2121 573 2149 esse
602 2106 694 2162 jam
725 2106 843 2161 prius
875 2107 1083 2148 monitum
1116 2105 1228 2156 estf3
1270 2107 1355 2148 vid.
1390 2105 1520 2148 Voss.
1555 2106 1609 2147 ad

230 2248 245 2265 θ
266 2241 387 2274 Tibull.
415 2240 461 2274 II.
482 2253 513 2272 v.
529 2242 592 2273 91:
620 2241 662 2272 Et
681 2240 772 2283 fetus
802 2253 864 2272 ma-

188 2302 278 2328 trona
293 2295 388 2329 dabit,
405 2299 467 2324 etc.
491 2294 624 2324 Festus:
651 2292 770 2323 Parilia
788 2291 867 2324 festa

188 2344 247 2378 sibi
262 2343 458 2375 observanda
467 2343 615 2386 judicant
627 2342 775 2385 privatim
788 2342 865 2384 ipsae

187 2406 314 2440 quoque
339 2405 503 2438 puerperae
529 2393 614 2424 domi
639 2392 671 2424 in
698 2392 815 2429 stratis,
833 2399 866 2424 ut

187 2445 341 2490 pariendo
358 2446 397 2476 ab
413 2444 452 2475 iis
469 2443 683 2475 stabiliantur.
718 2443 769 2474 De
786 2443 866 2474 votis

187 2508 243 2541 pro
260 2495 391 2539 pecudis
407 2502 510 2537 partu,
526 2493 598 2525 vide
613 2493 710 2525 etiam
726 2493 864 2536 Dionys.

188 2547 211 2579 i.
227 2548 282 2578 88.
301 2552 332 2577 et
349 2545 445 2577 Ovid.
462 2545 483 2576 l.
495 2555 522 2576 e.

231 2597 242 2619 s
264 2597 317 2629 Ab
345 2598 413 2639 ipsa
438 2596 537 2627 forma
561 2595 630 2637 opis
730 2593 797 2625 ovis
819 2598 868 2625 est

188 2647 298 2692 opilio,
325 2658 380 2690 pro
408 2657 471 2689 quo
506 2651 539 2677 et
573 2644 669 2677 ovilio
698 2644 865 2688 reperitur.

188 2698 270 2730 Inde
289 2697 471 2741 opulentus,
495 2696 599 2738 inops.
645 2696 691 2728 Ut
714 2700 821 2727 autern
848 2706 866 2726 a

188 2747 325 2792 pecude,
344 2748 377 2780 in
393 2758 456 2790 quo
479 2757 587 2778 omnes
607 2746 670 2777 fere
694 2744 788 2788 prisci
812 2745 865 2776 ho-

935 2238 1030 2271 minis
1051 2239 1150 2282 copiae
1170 2240 1390 2276 versabantur,
1407 2238 1610 2281 πολύμηλοι,

936 2289 1127 2333 πολύαρνες
1148 2289 1236 2333 apud
1253 2291 1426 2321 Homerum
1449 2299 1533 2332 saepe
1553 2299 1609 2320 no-

935 2340 1052 2372 tionem
1077 2340 1211 2371 divitum
1235 2341 1389 2383 praebent,
1410 2345 1445 2371 ut
1466 2339 1541 2371 inde
1558 2351 1611 2380 pe-

935 2394 1028 2423 cunia
1046 2391 1172 2428 dicitur,
1187 2398 1223 2423 ut
1239 2391 1324 2434 apud
1337 2392 1512 2423 Homerum
1529 2389 1611 2432 repo<

933 2441 1025 2483 βατα
1051 2452 1121 2484 quae
1145 2441 1320 2483 κειμηλίοις
1343 2447 1556 2484 opponuntur,
1581 2447 1614 2472 et

935 2491 1092 2534 hodieque
1117 2492 1234 2535 passim
1263 2493 1296 2523 in
1322 2492 1497 2524 Germania
1527 2493 1612 2522 tauri

933 2542 1003 2574 κατ’
1017 2543 1144 2584 ἐξοχὴν
1156 2545 1211 2573 das
1228 2543 1296 2574 Gut
1310 2548 1474 2576 vocantur,
1484 2542 1530 2572 ita
1545 2552 1611 2582 opes

934 2598 1044 2635 postea
1056 2593 1095 2624 de
1105 2593 1262 2630 omnibus,
1271 2601 1482 2635 quaecumque
1494 2591 1611 2634 aliquis

933 2643 1107 2686 possideat,
1126 2643 1190 2675 dici
1210 2648 1397 2686 coeperunt5
1426 2642 1490 2673 vid.
1515 2643 1610 2673 Voss.

934 2695 1029 2738 epist.
1044 2694 1147 2736 myth.
1160 2695 1182 2726 i.
1203 2695 1251 2726 17.
