1830 3220
664 186 1095 230 CONSOLATIO.

1506 189 1595 230 435

161 299 388 349 Consule
409 318 517 358 nos,
535 302 667 352 duce
688 320 798 360 nos,
817 304 950 353 duce
971 306 1079 369 jam
1099 305 1304 363 victore,
1322 321 1553 354 caremus
1573 325 1582 355 :

228 378 427 428 Invenit
451 397 515 429 en
542 389 648 430 tota
672 400 855 431 moeror
880 384 930 431 in
956 385 1082 432 urbe
1109 384 1293 432 locum.

156 458 227 506 At
251 461 496 508 comitum
523 462 761 526 squalent
787 463 1025 512 immissis
1052 481 1140 512 ora
1164 464 1379 529 capillis,

1487 467 1586 513 295

228 537 430 595 Infelix,
461 539 631 588 Druso
658 541 748 589 sed
776 542 861 605 pia
885 542 1032 590 turba
1055 559 1162 591 suo.

157 614 385 670 Quorum
413 618 613 682 aliquiS,
635 619 853 667 tendens
881 619 930 666 in
958 627 1007 667 te
1035 637 1126 668 sua
1153 621 1376 677 brachia,
1397 621 1556 669 dixit:

227 695 334 744 Cur
359 698 468 745 sine
496 714 593 754 me,
623 714 713 745 cur
738 698 809 746 sic
838 699 1164 747 incomitatus
1191 700 1335 747 abis?

157 773 293 829 Quid
319 776 530 825 referam
557 778 621 825 de
648 785 714 835 te,
743 778 1043 841 dignissima
1067 779 1285 842 conjuge
1315 778 1499 835 Druso,

223 853 395 919 Atque
422 856 599 904 eadem
632 856 783 904 Drusi
813 857 966 921 digna
993 866 1202 922 parente
1229 857 1424 904 nurus?
1486 860 1585 904 300

157 932 258 982 Par
283 935 414 984 bene
441 936 809 1001 compositum;
837 939 1082 1000 juvenum
1111 936 1413 985 fortissimus
1440 937 1582 992 alter,

222 1011 398 1062 Altera
423 1022 527 1063 tam
553 1015 669 1062 forti
697 1024 874 1064 mutua
893 1033 1016 1064 cura
1042 1016 1160 1063 viro.

156 1090 366 1141 Femina
392 1101 445 1141 tu
473 1095 737 1159 princeps;
779 1103 833 1142 tu
862 1096 967 1143 filia
995 1095 1241 1143 Caesaris:
1284 1095 1355 1142 illi

223 1170 335 1219 Nec
362 1173 525 1221 minor
544 1190 598 1222 es
620 1175 788 1238 magni
815 1176 1035 1239 conjuge
1060 1175 1168 1222 visa
1192 1173 1349 1222 Jovis.

152 1250 230 1299 Tu
257 1268 534 1301 concessus
561 1270 716 1310 amor,
745 1264 798 1301 tu
827 1255 963 1302 solus
990 1264 1041 1302 et
1068 1254 1276 1302 ultimus
1303 1253 1392 1309 illi,

1483 1256 1582 1301 305

220 1329 297 1378 Tu
324 1332 526 1396 requies
550 1332 684 1381 fesso
711 1341 856 1396 grata
881 1334 1067 1382 laboris
1095 1350 1222 1382 eras.

151 1409 225 1459 Te
251 1411 488 1469 moriens,
518 1429 608 1476 per
632 1414 787 1461 verba
812 1413 1100 1469 novissima,
1124 1418 1339 1476 questus
1367 1412 1577 1468 abesse;

223 1488 291 1537 Et
315 1498 452 1538 mota
479 1490 527 1538 in
554 1507 739 1540 nomen
765 1491 948 1555 frigida
973 1491 1146 1555 lingua
1172 1498 1332 1538 tuum.

152 1567 338 1617 Infelix
365 1570 568 1635 recipis,
597 1587 697 1618 non
728 1588 882 1635 quem
910 1570 1212 1635 promiserat
1237 1569 1376 1634 ipse3

219 1647 330 1696 Nec
357 1649 445 1712 qui
473 1649 657 1698 missus
684 1657 807 1707 erat,
837 1667 930 1698 nec
958 1658 1076 1698 tuus
1103 1649 1186 1696 ille
1211 1649 1370 1706 redit;

150 1845 184 1876 in
200 1844 306 1876 animo
319 1844 378 1876 tibi
394 1845 540 1882 sedebat,
552 1851 588 1876 ut
599 1846 738 1877 Romam
752 1857 831 1878 nun-

150 1906 260 1938 quam,
277 1897 335 1926 nisi
349 1899 447 1927 victor
461 1895 589 1927 redires.
631 1896 734 1927 Victor
747 1908 830 1928 eras:

150 1945 327 1977 debuerant
352 1944 450 1986 igitur
471 1946 656 1978 incolumen
686 1952 716 1977 te
742 1946 833 1978 nobis

152 2002 285 2037 tempora
301 1995 445 2028 reddere.

195 2046 272 2077 299.
299 2045 383 2081 Quid
399 2046 531 2089 referam
548 2048 585 2077 de
601 2052 640 2082 te,
657 2046 736 2087 eto]
762 2047 833 2077 Ser-

150 2107 277 2128 monem
303 2107 388 2128 nunc
416 2095 573 2128 convertit
597 2097 639 2128 ad
665 2097 834 2140 conjugem

151 2147 262 2183 Drusi,
292 2146 467 2178 Antoniam
506 2146 672 2183 minorem,
704 2147 835 2179 Antonii

148 2197 319 2229 Triumviri
339 2209 378 2229 ex
395 2197 546 2233 Octavia,
566 2197 704 2239 Augusti
721 2208 834 2232 sorore,

150 2247 262 2279 filiam.
300 2247 352 2278 De
376 2258 414 2279 ea
438 2247 484 2278 sic
501 2247 577 2278 Val.
602 2248 696 2278 Max.
720 2247 764 2278 iv.
791 2249 831 2278 3:

150 2303 171 2316 ‘⁸
187 2297 330 2330 Antonia
343 2308 470 2340 quoque
486 2297 606 2329 femina
622 2297 772 2328 laudibus
790 2297 834 2329 vi-

150 2348 239 2381 rilem
266 2348 395 2380 familiae
425 2359 490 2379 suae
518 2348 695 2379 claritatem
723 2359 831 2390 super-

150 2410 271 2443 gressa,
299 2410 438 2430 amorem
469 2399 574 2430 mariti
604 2399 732 2440 egregia
769 2399 831 2430 fide

148 2449 322 2493 pensavit;
356 2459 428 2491 quae
459 2455 530 2492 post
559 2449 628 2492 ejus
654 2449 832 2487 decessum,

150 2500 253 2531 forma
274 2505 306 2531 et
321 2505 415 2531 aetate
434 2500 561 2535 florens,
580 2498 764 2531 cubiculum
782 2510 831 2531 so-

149 2561 223 2582 crus
242 2561 297 2593 pro
321 2549 469 2592 conjugio
491 2549 623 2580 habuit:
649 2549 682 2581 in
704 2549 832 2580 eodem-

151 2610 213 2643 que
243 2606 310 2631 toro
340 2599 472 2631 alterius
496 2599 719 2630 adolescentiae
745 2599 832 2640 vigor

151 2649 331 2681 exstinctus
353 2654 401 2680 est
415 2661 424 2688 ;
448 2649 579 2681 alterius
596 2648 761 2681 viduitatis
776 2659 830 2679 ex-

149 2699 308 2742 perientia
331 2699 530 2731 consenuit.''
575 2700 690 2730 Totam
713 2709 747 2729 se
768 2704 831 2730 tra-

152 2749 234 2781 didit
260 2748 369 2781 liberis
395 2748 583 2786 educandis,
610 2748 664 2791 qui
690 2754 754 2779 tres
775 2759 832 2780 nu-

152 2810 257 2831 mero:
286 2800 510 2836 Germanicus,
535 2798 693 2841 Caligulae
721 2804 831 2840 pater:

1479 1651 1579 1695 310

902 1846 1072 1883 Claudius,
1102 1845 1157 1889 qui
1192 1845 1309 1877 deinde
1340 1845 1521 1888 imperator,
1552 1851 1585 1876 et

903 1897 1003 1933 Livia,
1020 1907 1075 1928 seu
1092 1895 1218 1933 Livilla,
1235 1906 1355 1927 morum
1378 1895 1585 1927 dissolutione

903 1947 983 1979 adeo
1002 1946 1139 1978 infamis.
1187 1946 1322 1977 Veneno
1342 1945 1550 1988 interceptam
1567 1956 1585 1977 a

904 1997 1056 2039 Caligula
1073 1996 1148 2028 dato
1164 1996 1340 2027 Antoniam
1365 1996 1470 2027 innuit
1491 1997 1583 2028 Suet.

904 2047 1022 2079 Claud.
1039 2048 1092 2078 23.

950 2099 1025 2129 305.
1051 2097 1097 2128 Τιι
1120 2108 1274 2129 concessus
1290 2108 1385 2132 amor,
1403 2103 1437 2127 tu
1460 2098 1539 2127 solus
1555 2104 1584 2128 et

905 2149 1034 2179 ultimus
1050 2148 1127 2189 itti]
1153 2147 1297 2179 Laudem
1314 2147 1396 2178 hane
1408 2147 1515 2178 Druso
1531 2147 1583 2178 tri·

904 2199 975 2229 buit
992 2199 1067 2230 Val.
1082 2199 1174 2229 Max.
1190 2198 1261 2229 loco
1275 2198 1344 2240 jam
1362 2197 1481 2232 adlato,
1499 2197 1584 2240 quod

909 2249 1031 2280 Veneris
1046 2260 1134 2280 usum
1150 2250 1235 2279 intra
1249 2249 1388 2289 conjugis
1403 2247 1585 2278 charitatem

904 2299 1043 2329 clausum
1066 2300 1212 2329 tenuerit.
1257 2296 1410 2335 Quidam,
1433 2297 1585 2340 confessus

905 2360 999 2385 amor,
1016 2348 1189 2390 legitimus.

947 2399 1022 2430 308.
1049 2399 1090 2429 Et
1111 2405 1189 2429 mota
1211 2400 1244 2428 in
1264 2397 1505 2440 riornenfi·igida
1522 2399 1583 2428 lin-

900 2460 965 2491 gua
982 2449 1100 2490 tuum]
1150 2448 1289 2480 Volebat
1304 2446 1459 2478 Francius
1473 2449 1514 2478 ud
1530 2459 1582 2478 ⁷10-

901 2511 981 2536 men,
1005 2499 1109 2542 quasi,
1135 2498 1246 2530 audito
1275 2497 1420 2540 conjugis
1445 2497 1584 2534 nomine,

902 2550 1008 2582 adhuc
1039 2549 1258 2592 compellaret.
1305 2548 1357 2579 Sic
1388 2547 1427 2578 de
1454 2547 1585 2590 Orpheo

901 2611 958 2631 suo
973 2599 1090 2641 virgil.
1106 2599 1225 2640 Georg.
1240 2598 1283 2629 iv.
1300 2599 1384 2629 525:
1411 2601 1434 2614 “
1457 2619 1465 2627 .
1476 2619 1484 2628 .
1497 2620 1503 2626 .
1518 2597 1582 2628 Eu-

901 2649 1032 2692 rydicen
1045 2660 1105 2680 vox
1120 2648 1191 2692 ipsa
1206 2654 1239 2680 et
1253 2647 1368 2689 frigida
1385 2646 1505 2688 lingua,
1518 2646 1584 2678 Ah!

901 2699 1050 2731 miseram
1075 2698 1270 2741 Eurydicen,
1297 2696 1403 2728 anima
1428 2696 1584 2738 fugiente,

904 2750 1040 2782 vocabat
1052 2749 1084 2780 !'’
