1830 3220
615 143 969 187 FASTORUM
1001 144 1126 187 LIB.
1150 144 1243 188 III.

1563 150 1650 192 129

214 259 259 306 Ο
289 260 478 324 pariter
498 270 674 326 raptae,
697 262 939 327 quoniam
965 263 1061 311 hoc
1087 279 1359 312 commune
1386 271 1640 324 tenemus,

281 338 399 387 Non
426 341 557 388 ultra
584 341 722 390 lente
745 358 1017 406 possumus
1045 359 1159 391 esse
1186 343 1282 407 piae
1307 361 1317 392 :

211 416 363 466 Stant
389 419 553 478 acies3
584 421 674 468 sed
703 427 815 468 utra
843 421 908 468 Di
936 421 1037 469 sint
1063 438 1152 486 pro
1180 429 1325 487 parte
1352 424 1582 487 rogandi,

278 494 496 560 Eligite;
529 498 646 547 hinc
673 500 785 563 conj
797 516 881 555 ux,
906 499 1022 547 hinc
1049 507 1196 564 pater
1222 514 1361 550 arina
1385 509 1581 551 tenent.

208 573 750 633 Quaerendum,viduae
770 577 877 625 fieri
906 578 1160 636 malimus,
1190 595 1252 627 an
1280 580 1446 628 orbae:

1539 583 1633 628 211

277 653 561 703 Consilium
590 655 733 703 vobis
760 656 888 704 forte
915 657 1162 721 piumque
1188 658 1340 706 dabo.

209 731 495 781 Consilium
517 734 759 783 dederat:
790 745 998 799 parent3
1030 736 1328 801 crinemque
1348 737 1636 795 resolvunt;

278 811 574 876 Moestaque
600 812 812 861 funerea
836 829 1050 878 corpora
1074 821 1217 862 veste
1243 822 1442 878 tegunt.

204 889 235 937 J
242 905 322 938 am
349 891 555 938 stabant
581 891 719 939 acies
745 890 876 940 ferro
903 892 1159 957 mortique
1186 901 1405 958 paratae3

1539 897 1638 941 215

270 967 388 1016 Jam
416 968 572 1017 lituus
599 986 784 1035 pugnae
811 970 957 1034 signa
982 971 1194 1020 daturus
1223 980 1358 1030 erat3

204 1045 377 1102 Quum
404 1055 562 1112 raptae
589 1048 800 1096 veniunt
825 1049 956 1097 inter
977 1057 1254 1115 patresque
1279 1052 1546 1115 virosque3

273 1126 439 1191 Inque
467 1127 580 1175 sinu
606 1135 772 1185 natos,
802 1128 1016 1193 pignora
1041 1146 1175 1188 cara,
1204 1130 1389 1179 ferunt.

206 1205 278 1254 Ut
303 1206 529 1254 medium
555 1208 724 1272 campi
750 1208 917 1273 passis
944 1209 1161 1273 tetigere
1182 1209 1398 1274 capillis,

270 1285 331 1333 In
358 1294 544 1334 terram
570 1287 739 1351 posito
767 1289 1087 1352 procubuere
1114 1304 1249 1352 genu
1273 1305 1282 1336 :

1537 1290 1637 1334 220

201 1363 285 1423 Et,
313 1365 461 1429 quasi
489 1366 754 1423 sentirent,
784 1367 972 1416 blando
999 1368 1221 1416 clamore
1249 1373 1465 1432 nepotes

268 1443 574 1493 Tendebant
594 1445 660 1493 ad
682 1462 802 1494 avos
829 1447 1039 1495 brachia
1064 1462 1219 1512 parva
1244 1462 1380 1493 suos.

199 1521 303 1578 Qui
329 1530 546 1588 poterat,
576 1525 833 1574 clamabat
858 1543 1023 1584 avum,
1052 1533 1162 1573 tum
1187 1524 1413 1588 denique
1439 1524 1632 1572 visum:

269 1601 336 1650 Et
362 1603 450 1668 qui
477 1603 561 1651 vix
589 1612 806 1669 poterat,
834 1622 987 1670 posse
1013 1612 1222 1654 coactus
1249 1613 1374 1653 erat.

196 1680 325 1730 Tela
348 1682 466 1730 viris
493 1682 798 1748 animusque
824 1685 1045 1742 cadunt3
1076 1683 1367 1747 gladiisque
1392 1681 1601 1730 remotis

269 1760 409 1808 Dant
434 1762 596 1809 soceri
623 1762 841 1825 generis,
866 1762 1231 1827 accipiuntque
1253 1777 1452 1809 manus.

240 1903 317 1933 214.
350 1902 457 1934 Etiam
498 1902 585 1945 apud
615 1902 809 1945 Dionysium
848 1909 880 1935 et

195 1952 423 1989 Plutarchum,
448 1953 590 1985 vestibus
615 1953 805 1995 lugubribus
830 1954 878 1985 in-

197 2003 299 2040 dutae,
329 2001 530 2046 infantesque
557 2002 590 2034 in
620 2003 691 2035 sinu
717 2009 880 2045 gestantes

195 2054 326 2085 avolant
349 2053 383 2085 in
403 2060 520 2091 castra,
536 2054 646 2097 ibique
663 2054 879 2097 procumbunt

193 2104 226 2136 in
256 2110 385 2136 terram.
433 2105 496 2136 Sed
521 2105 623 2147 magis
647 2105 710 2136 illae
736 2104 878 2147 placent,

194 2155 308 2197 quales
329 2166 348 2187 a
372 2154 463 2187 Livio
490 2161 661 2187 notantur:
691 2155 879 2187 “Crinibus

193 2206 296 2248 passis
313 2206 478 2248 scissaque
500 2212 600 2242 veste,
623 2217 709 2237 ausae
735 2216 769 2237 se
796 2205 878 2238 inter

192 2256 260 2287 tela
289 2256 431 2288 volantia
460 2257 589 2294 inferre,
621 2268 659 2288 ex
698 2263 878 2289 transverso

193 2306 315 2349 impetu
332 2307 452 2344 facto‚''
470 2313 536 2339 etc.

237 2357 314 2389 221.
341 2357 437 2392 Quasi
464 2359 613 2389 sentirent
646 2367 773 2400 nempe,
798 2357 876 2399 quid

193 2412 351 2449 ageretur.
401 2408 564 2439 Clamabat
583 2418 687 2444 avum,
704 2406 877 2437 clamando

193 2457 380 2500 appellabat
393 2468 502 2489 avum.
541 2458 630 2488 Posse
645 2463 768 2488 coactus
783 2463 850 2487 erat
864 2468 874 2494 ;

191 2508 387 2540 incitabatur
408 2519 428 2539 a
447 2513 562 2545 matre,
578 2514 615 2539 ut
636 2518 731 2539 avum
757 2507 874 2538 balbu-

191 2559 276 2591 tiret.
325 2558 435 2590 Fluxit
458 2570 476 2590 e
505 2557 633 2590 luxuria
660 2557 782 2600 ingenii
807 2557 876 2589 Na-

191 2609 327 2641 soniani.
386 2609 577 2641 Taubnerus
615 2615 720 2652 putat,
759 2613 877 2640 matres

189 2660 318 2692 dolores
344 2671 468 2693 creasse
498 2659 593 2696 natis,
622 2665 658 2691 ut
684 2659 874 2696 clamarent,

194 2712 245 2743 Ah
270 2711 337 2742 vae!
367 2710 453 2753 quod
480 2711 546 2743 fere
574 2715 717 2748 sonaret,
747 2715 784 2742 ut
808 2721 876 2742 ave.

196 2760 249 2792 Sic
263 2766 296 2792 et
311 2760 478 2793 Krebsius.
526 2760 717 2793 Ridiculum
733 2759 876 2792 scilicet!

243 2813 351 2844 VOL.
370 2813 414 2844 V.

1533 1762 1632 1808 226

996 1905 1073 1936 225.
1088 1902 1275 1946 Repentina
1291 1901 1471 1933 animorum
1487 1899 1634 1932 mutatio.

951 1955 1084 1991 Omnes,
1111 1953 1166 1996 qui
1203 1953 1349 1988 aderant,
1378 1962 1451 1983 cum
1487 1950 1636 1982 omnibus

952 2004 1049 2036 armis
1074 2003 1142 2035 suis
1165 2008 1395 2039 memorantur,
1423 2000 1563 2032 breviter
1586 2005 1634 2031 ta-

950 2064 1036 2085 men.
1086 2053 1339 2089 Tela—cadunt,
1359 2057 1392 2083 et
1415 2050 1470 2082 irae
1494 2050 1632 2082 virorum

950 2104 1150 2140 molliuntur,
1177 2108 1210 2134 et
1237 2103 1303 2134 tela
1327 2102 1366 2133 ad
1394 2107 1528 2132 mortem
1551 2099 1633 2131 infe-

950 2154 1083 2186 rendam
1105 2160 1217 2197 parata
1233 2153 1448 2196 deponuntur.
1494 2151 1633 2183 Metam.

948 2204 990 2236 iv.
1019 2206 1092 2236 175.
1124 2205 1274 2236 Vulcano
1304 2202 1529 2246 obstupefacto
1562 2206 1583 2219 “
1601 2208 1632 2233 et

948 2266 1049 2292 mens,
1078 2260 1110 2285 et
1139 2255 1225 2296 quod
1257 2264 1338 2296 opus
1365 2252 1490 2284 fabrilis
1517 2252 1632 2283 dextra

946 2306 1091 2342 tenebat,
1107 2304 1286 2342 Excidit;’'
1304 2304 1359 2336 ubi
1373 2315 1402 2335 v.
1419 2308 1486 2335 not.
1520 2303 1634 2334 Tenere

946 2356 1032 2388 idem
1060 2355 1137 2393 fere,
1161 2355 1248 2398 quod
1276 2354 1440 2398 amplecti,
1466 2365 1530 2397 quo
1557 2365 1631 2385 curn

946 2407 1042 2438 verbo
1060 2406 1220 2438 interdum
1246 2405 1463 2448 conjungitur,
1482 2411 1516 2436 ut
1536 2409 1629 2436 nota—

945 2463 1015 2489 tum
1027 2457 1069 2489 ad
1085 2457 1182 2489 Plinii
1197 2458 1258 2489 VI.
1275 2457 1338 2499 Ep.
1350 2456 1406 2487 vii.
1428 2458 1457 2487 l.
1483 2455 1630 2487 Affectus

947 2519 1077 2540 avorum
1111 2507 1258 2552 jucundo
1289 2508 1442 2549 figmento
1476 2505 1632 2549 proditur.

947 2560 1109 2601 scutoque.
1155 2560 1312 2590 Burman.
1352 2556 1492 2594 dubitat,
1522 2561 1629 2588 utrum

945 2621 1018 2641 mox
1034 2612 1114 2642 scuti
1129 2609 1303 2651 legendum
1328 2607 1380 2645 sit,
1398 2618 1439 2638 an
1460 2618 1534 2639 cum
1556 2605 1627 2648 qui-

945 2659 1084 2691 busdam
1115 2662 1221 2696 scutis,
1247 2658 1323 2700 quia
1353 2670 1426 2689 usus
1458 2663 1628 2697 utrumque

947 2720 1056 2742 casum
1069 2709 1202 2753 patitur.
1241 2709 1406 2745 OEbalides,
1423 2707 1499 2749 quia
1516 2705 1628 2737 Sabini

949 2771 988 2792 ex
1003 2759 1152 2803 opinione
1169 2758 1292 2802 vulgari
1315 2768 1416 2800 genus
1431 2756 1595 2788 (lucebant
1610 2766 1628 2787 e

1085 2811 1106 2841 S
