1830 3220
619 194 780 242 NUX,
816 193 1066 236 ELEGIA.

1453 196 1540 237 463

151 308 198 355 N
204 325 298 356 unc
325 324 488 372 neque
513 309 774 356 continuos
791 316 1063 356 nascuntur
1082 325 1232 372 poma
1246 325 1336 373 per
1355 325 1534 366 annos3

218 384 430 447 Uvaque
455 385 574 431 laesa
599 385 818 440 domum,
841 386 1062 448 laesaque
1087 386 1243 433 bacca
1261 386 1412 434 venit.

151 460 197 506 N
204 477 300 507 unc
326 468 523 508 uterum
549 461 704 517 vitiat,
728 476 839 523 quae
864 462 968 508 vult
992 461 1206 509 formosa
1228 462 1383 509 videri
1404 480 1414 518 ;

220 537 455 600 Raraque
480 537 531 583 in
556 538 650 584 hoc
678 553 781 584 aevo
808 544 900 593 est,
929 554 1041 600 quae
1066 539 1185 585 velit
1207 555 1318 586 esse
1343 553 1541 604 parens.

153 612 304 661 Certe
330 630 438 676 ego,
467 613 507 660 si
533 630 808 676 numquam
832 615 1158 678 peperissem,
1185 616 1339 662 tutior
1363 631 1542 664 essem.

222 689 327 737 Ista
353 690 725 753 Clytemnestra
750 690 901 752 digna
926 693 1130 754 querela
1152 691 1263 739 fuit.

1482 694 1545 738 26

156 767 210 813 Si
235 767 360 814 sciat
383 767 476 814 hoc
500 767 630 822 vitis,
660 774 924 816 nascentes
947 769 1225 832 supprimet
1249 784 1397 825 uvas3

223 843 481 907 Orbaque,
510 844 550 890 si
577 844 702 891 sciat
725 844 836 899 hoc,
865 844 1086 892 Palladis
1113 845 1259 892 arbor
1283 845 1392 892 erit.

157 918 266 966 Hoc
291 920 342 966 in
367 919 596 967 notitiam
620 921 788 968 veniat
811 922 1044 985 maloque
1071 938 1327 985 pyroque3

223 995 515 1044 Destituent
540 997 688 1045 silvas
713 1005 925 1062 utraque
950 1014 1099 1062 poma
1123 1014 1256 1046 suae.

155 1176 240 1202 cunt.
290 1171 527 1214 Frugiferarum
553 1173 731 1205 Columella
756 1186 818 1205 non

155 1220 251 1251 semel
275 1221 431 1252 meminit.
474 1222 603 1253 Tacitus
625 1223 664 1254 de
687 1224 819 1254 Germa-

155 1270 225 1300 nia:
253 1270 333 1300 Satis
351 1271 710 1313 fera1·‚frugiferarum
734 1274 818 1303 arbo-

155 1329 223 1349 rum
239 1320 406 1358 impatiens.
431 1320 470 1350 B.
509 1320 540 1351 Si
553 1332 616 1351 nuce
630 1323 714 1351 modo
726 1333 821 1361 ponor

155 1369 186 1397 in
202 1368 275 1398 illis.
311 1367 458 1399 Modeste
483 1368 612 1400 nimium
627 1369 678 1399 vix
694 1380 726 1400 se
741 1370 822 1401 inter

145 1416 335 1458 fructiferas
347 1418 465 1448 arbores
479 1418 567 1459 ponit
583 1419 820 1450 recensendam.

199 1466 254 1496 20.
272 1466 479 1507 L=u.1·w·iare.]
503 1467 674 1508 Eleganter
699 1468 757 1498 hoc
782 1468 821 1499 de

158 1515 318 1546 arboribus
339 1515 402 1546 late
424 1516 647 1548 crescentibus.
692 1517 743 1548 Sic
759 1517 822 1548 xiv.

159 1564 240 1595 Met.
252 1564 314 1594 629
329 1576 335 1594 :
360 1569 381 1581 ‘¹
399 1565 471 1601 Qua
482 1564 574 1595 modo
591 1566 741 1596 lium-iem
753 1577 822 1607 pre-

157 1611 228 1648 mit,
239 1618 271 1643 et
282 1612 452 1654 spatiantia
463 1612 580 1655 passim
593 1614 729 1645 Brachia
739 1625 823 1645 com-

159 1660 294 1702 pescit.''

203 1711 257 1740 21.
285 1710 378 1741 Nunc
401 1711 522 1752 nequa]
551 1711 732 1748 Maluerim,
754 1713 824 1743 hinc

157 1770 266 1800 neque.-
290 1770 417 1792 causam
435 1760 540 1791 reddit
555 1760 823 1793 infoecunditatis.

161 1809 284 1840 mes.

203 1859 257 1894 21,
273 1859 326 1888 22.
353 1858 517 1889 Continuos
536 1870 588 1899 per
608 1859 727 1900 annos]
752 1861 825 1891 Non

161 1918 223 1938 uno
238 1918 362 1949 quoque
377 1918 470 1944 anno,
486 1914 521 1938 ut
534 1908 704 1949 quondam.
743 1909 773 1939 U
775 1921 824 1940 va-

161 1968 216 1997 que
241 1958 317 1993 laesa,
335 1960 458 1997 laesaque
474 1958 572 1988 bacca.
619 1957 717 1988 Laesas
731 1957 820 1994 dicit,

162 2005 238 2047 quia
259 2006 326 2047 jam
352 2016 413 2036 non
438 2006 565 2036 Baccho
592 2016 648 2036 nec
669 2006 823 2037 Minervae

162 2053 245 2085 soliti
261 2054 391 2085 honores
412 2055 648 2096 persolvuntur3
673 2056 824 2097 neglecti-

163 2114 226 2145 que
242 2103 305 2134 Dei
330 2114 401 2134 suas
427 2114 551 2145 quoque
578 2104 701 2135 arbores
726 2105 824 2146 negli-

164 2159 258 2194 gunt:
282 2152 367 2183 unde
389 2153 422 2183 fit
444 2159 479 2184 ut
498 2163 555 2184 nec
575 2165 635 2184 uva
660 2164 718 2184 nee
737 2154 825 2184 bacca

164 2203 293 2237 domum,
319 2201 351 2232 id
381 2207 428 2232 est
453 2200 537 2243 apud
568 2201 748 2243 agricolam,
771 2202 825 2233 ad-

164 2250 314 2281 ferantur.

209 2300 262 2330 23.
280 2299 372 2329 Nunc
387 2304 507 2329 uterum
520 2301 622 2335 vitiat,
638 2299 715 2339 etc.]
733 2299 828 2330 Varie

165 2347 315 2378 exhibent
350 2347 474 2378 codices
508 2348 592 2379 hunc
625 2349 742 2384 locum,
773 2349 829 2379 sed

167 2395 300 2438 praesero
317 2401 475 2437 receptam
496 2407 515 2427 a
529 2397 602 2428 viris
617 2397 728 2434 doctis,
744 2402 775 2428 et
789 2397 829 2428 de

167 2446 278 2476 abortu
294 2444 445 2485 intelligo,
455 2445 509 2487 qui
522 2446 762 2477 medicamentis
776 2456 830 2477 cu-

169 2500 266 2530 ratus,
287 2493 374 2525 vitiat
398 2500 529 2531 uterum,
546 2506 583 2526 ne
606 2496 698 2527 facile
718 2496 831 2526 iterum

170 2543 338 2585 concipiat.
376 2544 415 2573 B.

212 2593 266 2623 26.
282 2592 345 2622 Ista
363 2592 580 2633 Clytemnestra
597 2595 691 2634 digna
711 2594 833 2633 querela

159 2641 264 2682 fnit.]
290 2641 396 2671 Tutior·
418 2641 544 2677 etenim,
559 2642 584 2672 si
604 2652 764 2683 nunquam
782 2653 832 2682 pe-

167 2691 289 2729 perisset
319 2690 562 2732 Clytemnestra,
592 2700 662 2731 quae
689 2691 831 2721 Orestem

172 2738 256 2776 tulit,
283 2749 301 2770 a
325 2749 387 2780 quo
412 2744 521 2781 postea
551 2738 738 2781 interempta
764 2739 833 2771 suit.

1483 1001 1548 1045 30

886 1175 947 1206 Sed
968 1175 1052 1217 juste
1077 1173 1190 1211 minus,
1216 1184 1311 1216 quam
1329 1174 1417 1210 Nux,
1439 1178 1551 1215 questa

885 1224 1007 1261 fuisset,
1031 1235 1139 1266 quum,
1164 1224 1267 1255 occiso
1286 1224 1428 1265 conjuge,
1450 1223 1552 1255 scelus

887 1274 956 1315 ipsa
970 1274 1085 1304 scelere
1098 1273 1326 1315 provocaverit.

931 1322 983 1352 27.
999 1322 1163 1352 Nascentes
1179 1323 1344 1362 supprimat
1359 1321 1461 1361 uvas.]
1487 1321 1551 1352 Vel

887 1370 921 1400 in
951 1371 1019 1412 ipso
1057 1370 1206 1401 nascendi
1239 1376 1377 1412 tempore
1412 1376 1552 1409 premat,-

889 1419 994 1449 enasci
1009 1425 1104 1450 vetet.
1141 1420 1215 1450 Jam
1235 1419 1274 1449 de
1292 1419 1384 1449 verbo
1404 1418 1462 1449 hoc
1483 1429 1551 1458 sup—

887 1470 1016 1507 primere
1039 1467 1188 1504 diximus,
1212 1479 1249 1499 eo
1275 1478 1367 1499 sensu
1395 1467 1551 1509 accipien—

890 1516 976 1548 dum.

933 1567 986 1596 28.
1004 1565 1325 1606 Orbaque—Palladis
1350 1566 1439 1594 arbor
1461 1565 1549 1605 erit.]

890 1616 995 1656 Ipsam
1011 1625 1044 1645 se
1060 1614 1212 1645 fructibus
1227 1613 1291 1644 suis
1305 1616 1435 1644 orbaret.

934 1665 987 1694 29.
1011 1664 1077 1693 Hoc
1103 1666 1136 1694 in
1165 1664 1304 1693 notitiam
1330 1664 1444 1698 veniat,
1471 1663 1550 1703 etc.]

890 1713 1024 1743 Discant
1038 1712 1111 1743 hinc
1127 1714 1184 1753 (ex
1198 1712 1235 1742 iis
1251 1722 1321 1752 quae
1337 1710 1466 1753 patior‚)
1476 1712 1552 1752 quid

889 1762 964 1803 ipsis
991 1767 1150 1800 servetur3
1182 1766 1214 1791 et
1242 1771 1313 1791 mox
1343 1771 1420 1801 quos
1451 1761 1554 1791 ferunt

889 1810 1019 1846 fructus,
1044 1811 1168 1841 arbores
1190 1819 1262 1840 suas
1284 1811 1458 1846 destituent,
1481 1819 1551 1850 quae

890 1860 968 1890 nihil
983 1866 1057 1890 tunc
1073 1859 1159 1890 aliud
1176 1869 1271 1900 quam
1290 1860 1380 1895 silvae,
1397 1863 1429 1889 et
1445 1860 1555 1889 inutile

892 1910 1020 1950 lignum,
1033 1908 1109 1939 focis
1123 1910 1316 1938 destinatum.

935 1959 986 1989 30.
1015 1958 1149 1998 Utraque
1162 1968 1249 1997 poma
1267 1956 1361 1997 suas]
1379 1957 1454 1987 Post
1469 1956 1552 1987 hunc

892 2017 1013 2037 versum
1037 2006 1069 2037 in
1095 2006 1203 2037 multis
1224 2005 1386 2036 codicibus
1405 2005 1554 2047 adscripti

892 2062 981 2086 erant
1000 2054 1185 2096 ineptissimi
1207 2054 1335 2096 quidam
1351 2065 1468 2090 versus,
1484 2064 1554 2095 quae

892 2104 1120 2136 Monachorum
1147 2103 1252 2135 sordes
1281 2103 1374 2135 facile
1401 2103 1555 2146 produnt:

893 2153 1050 2184 “Audiat
1080 2152 1138 2183 hoe
1171 2163 1300 2194 prunus,
1331 2152 1404 2183 dare
1434 2152 1557 2183 desinet

894 2203 971 2233 utile
999 2213 1133 2233 munus:
1168 2201 1288 2232 Audiat
1319 2201 1388 2232 haec
1421 2211 1558 2238 cerasus,

894 2252 989 2293 stipes
1012 2250 1113 2281 inanis
1132 2250 1202 2281 erit.
1248 2250 1369 2281 Audiat
1383 2250 1450 2281 haec
1467 2251 1556 2288 ficus,

895 2300 957 2330 ficu
985 2299 1122 2341 privabit
1150 2299 1285 2330 amicum
1315 2301 1378 2341 (vel
1407 2299 1556 2340 amicos.)

896 2348 1023 2384 Escule,
1038 2359 1077 2378 ne
1097 2348 1220 2390 parias!
1244 2359 1284 2379 ne
1306 2358 1431 2390 quoque
1452 2353 1485 2379 tu
1502 2359 1557 2390 pe-

896 2407 979 2428 reas.
1012 2397 1165 2428 Fraxinus
1179 2397 1311 2428 horroris
1323 2407 1449 2428 causam
1460 2407 1558 2438 quum

897 2445 990 2477 vestit
1003 2445 1137 2476 honoris.
1156 2468 1164 2476 .
1183 2446 1213 2476 .’'
1238 2447 1279 2476 Et
1294 2445 1361 2476 haec
1376 2445 1444 2487 ipsa
1463 2445 1558 2476 etiam

898 2495 1019 2526 diverso
1034 2494 1126 2525 modo
1136 2494 1282 2536 leguntur
1296 2494 1328 2524 in
1341 2493 1514 2530 codicibus,
1529 2499 1561 2524 et

899 2544 999 2575 multa
1024 2543 1119 2574 etiam
1142 2543 1250 2574 deesse
1280 2544 1373 2585 hujus
1400 2543 1559 2584 poetastri‚

899 2592 1051 2624 indicium
1077 2593 1174 2623 dabat
1195 2593 1351 2623 Junianus
1372 2592 1483 2628 codex,
1506 2591 1559 2622 ubi

900 2641 980 2673 inter
1016 2642 1148 2683 primum
1181 2647 1213 2671 et
1239 2640 1413 2671 secundum
1438 2650 1560 2670 versum

899 2690 1100 2721 intervallum
1115 2695 1193 2726 erat,
1208 2689 1292 2720 unde
1308 2689 1461 2721 excidisse
1474 2698 1559 2730 quae-

900 2739 973 2770 dam
989 2744 1120 2770 constat.
1155 2739 1272 2769 BunM.
