1809 3220
237 171 322 212 400
774 167 1120 210 EXCURSUS

245 295 408 343 tempus
431 287 528 328 inde
554 285 651 333 dici,
675 286 747 328 vix
770 287 1031 327 monendum
1054 290 1133 326 est.
1197 284 1326 337 Quod
1353 285 1387 326 si
1412 285 1542 341 igitur
1564 284 1656 326 haec

240 357 377 412 prima
398 357 491 411 ejus
513 355 628 396 notio
652 362 758 403 erat,
782 361 830 396 ut
851 355 1031 410 primam
1055 355 1141 396 diei
1163 354 1304 395 lucem
1327 355 1588 409 designaret,
1613 360 1658 396 et

240 427 342 467 inde
377 426 564 473 Matuta,
591 425 633 466 id
668 430 748 472 est,
783 423 938 471 lucida,
970 423 1207 479 splendida,
1240 429 1307 477 (ut
1339 424 1472 464 solem
1509 422 1657 465 Graeci

241 498 372 547 φοῖβον,
396 495 682 550 splendidum,
708 494 998 549 appellabant)
1019 493 1261 542 diceretur;
1292 493 1418 534 facile
1441 493 1655 548 conjicere

241 565 356 613 licet,
383 565 597 619 quomodo
620 579 716 605 cum
740 566 911 612 Λευκοθέᾳ
936 563 1189 605 Graecorum
1212 568 1474 604 commutata
1494 563 1563 611 sit,
1588 562 1658 605 oui

241 634 561 675 commutationi
588 633 702 674 haud
729 633 857 674 dubie
888 632 1067 673 nominis
1097 632 1352 688 significatio
1377 647 1523 674 ansam
1548 646 1658 687 prae-

241 704 397 751 bebat;
438 717 539 743 mox
573 703 657 743 dici
694 710 886 756 coeptum
919 707 986 743 est
1018 701 1312 743 Leucotheam
1347 716 1444 742 cum
1483 701 1659 743 Matuta

243 773 439 814 eamdem
461 786 571 820 esse,
597 778 641 813 et
663 772 818 813 fabulae
843 771 1013 813 Graecae
1036 772 1090 812 de
1113 771 1194 812 Ino
1215 771 1306 812 sive
1330 770 1581 812 Leucothea
1602 771 1656 812 ad

244 841 444 883 Matralia
484 841 613 882 etiam
656 841 853 883 Romana
895 841 1074 881 transire
1118 848 1284 882 mature
1326 847 1569 896 coeperunt,
1608 846 1657 881 ut

242 912 497 952 ceremoniae
532 911 656 966 hujus
691 911 787 952 festi
820 911 1032 951 solemnes
1062 909 1202 964 (Fast.
1230 910 1284 950 vi.
1312 909 1431 959 431.)
1462 910 1516 951 ad
1549 909 1656 950 Inus

240 979 425 1021 fabulam
465 980 736 1028 adludentes,
778 986 823 1021 et
865 979 1035 1021 Graecae
1082 979 1252 1034 proprie
1302 978 1475 1035 originis
1514 979 1652 1033 (Plut.

243 1049 409 1102 Quaest.
435 1049 563 1091 Rom.
586 1049 676 1099 16.)
698 1055 845 1104 aperte
868 1050 1069 1104 produnt.
1134 1049 1247 1101 Quae
1267 1049 1302 1089 si
1325 1049 1580 1090 ceremoniae
1602 1049 1656 1090 ad

240 1119 380 1174 ipsum
406 1118 604 1160 Servium
631 1119 781 1174 templi
810 1120 1074 1161 conditorem
1105 1119 1355 1175 adsurgunt,
1384 1118 1656 1174 interpolatio

244 1187 402 1230 Graeca
424 1189 501 1230 hoc
528 1189 620 1244 ipso
647 1192 712 1241 (ut
736 1203 781 1229 re
808 1203 908 1229 vera
931 1189 1119 1239 videtur)
1145 1188 1360 1243 antiquior
1385 1202 1479 1229 esse
1510 1188 1655 1229 debet.

244 1257 398 1299 Cultus
436 1257 690 1300 Volscorum
732 1273 784 1300 an
825 1273 943 1300 more
982 1258 1139 1301 Graeco
1181 1259 1425 1300 celebratus
1465 1258 1533 1307 sit,
1572 1273 1655 1299 non

241 1334 435 1383 apparet.

250 1433 252 1436 ,
301 1397 352 1439 In
378 1398 552 1440 Sabinae
573 1399 713 1453 gentis
736 1399 992 1447 numinibus,
1014 1399 1137 1454 hujus
1155 1399 1296 1455 gentis
1313 1404 1461 1440 auctor
1476 1398 1654 1446 Sancus,

244 1468 296 1509 ob
320 1468 527 1522 templum
555 1469 669 1523 quod
695 1468 847 1509 Romae
875 1468 1035 1516 habuit,
1060 1474 1103 1509 et
1129 1468 1263 1509 varias
1285 1468 1378 1522 ejus
1402 1467 1656 1522 interpreta-

243 1537 380 1578 tiones
408 1536 581 1577 celeber
611 1544 701 1585 est;
733 1537 871 1590 (Fast.
898 1537 952 1577 vi.
979 1537 1079 1578 213.
1101 1537 1224 1586 214.)
1287 1537 1356 1578 De
1387 1536 1656 1591 popularium

242 1606 360 1647 cultu
383 1605 501 1646 locus
524 1606 701 1660 insignis
723 1607 836 1660 apud
862 1606 939 1646 Sil.
958 1606 1043 1647 viii.
1061 1606 1161 1648 421.
1206 1606 1356 1655 Ibant,
1377 1613 1418 1648 et
1440 1607 1531 1648 laeti
1543 1621 1656 1661 pars

240 1677 426 1717 Sancum
461 1690 555 1717 voce
592 1675 797 1716 canebant
831 1677 1063 1717 Auctorem
1089 1676 1243 1732 yemis,
1269 1691 1382 1731 pars
1409 1676 1554 1718 laudes
1584 1691 1656 1718 ore

227 1745 448 1801 serebant,
474 1744 596 1792 Sabe,
623 1751 734 1792 tuas,
758 1750 841 1785 etc.
863 1744 973 1786 Coll.
998 1745 1196 1787 Lactant.
1221 1745 1256 1787 I.
1279 1761 1351 1787 xv.
1375 1760 1460 1787 sec.
1481 1745 1535 1795 ὃς
1565 1746 1655 1800 qui,

241 1821 288 1856 ut
315 1814 513 1855 Faunum
545 1814 725 1861 Latinae,
757 1814 986 1866 Quirinum
1019 1814 1242 1862 Romanae,
1268 1816 1328 1856 ita
1357 1815 1546 1857 Sancum
1577 1815 1655 1857 Sa-

243 1885 351 1925 binae
379 1885 518 1940 gentis
545 1890 766 1925 auctorem
791 1891 928 1926 vocat.
993 1884 1177 1926 Romani
1205 1885 1506 1940 etymologiam
1531 1884 1656 1940 hujus

241 1954 422 1995 nominis
445 1954 618 2009 proprii,
639 1955 753 2009 quod
777 1954 868 1994 fere
893 1969 990 1995 cum
1008 1954 1134 1996 Anco
1149 1955 1340 2005 (nomine
1357 1955 1460 1996 item
1479 1954 1657 2004 Sabino)

240 2023 470 2064 convenire
505 2023 688 2070 videtur,
723 2038 746 2063 a
776 2024 1000 2065 sanciendo
1033 2030 1290 2079 quaerentes,
1322 2024 1421 2066 inde
1451 2039 1550 2065 eum
1579 2024 1654 2066 Jo-

239 2107 350 2140 vem,
379 2092 703 2133 sanciendorum
732 2093 947 2134 soederum
976 2095 1218 2149 praesidem,
1247 2094 1653 2148 interpretabantur,

237 2167 283 2202 et
315 2162 483 2202 foedera
514 2162 554 2202 ei
587 2177 706 2203 sacra
739 2163 961 2217 putabant.
1029 2163 1209 2218 Dionys.
1238 2162 1321 2203 IV.
1349 2177 1444 2217 cap.
1477 2162 1578 2204 lviii.
1610 2177 1652 2217 p.

238 2231 324 2272 957
342 2249 351 2279 ς
385 2231 442 2272 ῙΧ.
464 2246 504 2285 p.
524 2231 622 2271 617.
649 2232 702 2279 (ἐν
725 2237 795 2282 ἱερᾷ
812 2235 887 2277 Διὸς
906 2236 1051 2270 Πιστίου
1067 2233 1102 2270 ἲν
1121 2237 1280 2282 Ῥωμαῖοι
1302 2236 1459 2282 Σάγκτον
1473 2234 1652 2282 καλοῦσι.)

246 2300 346 2341 Post
387 2314 480 2340 eam
522 2300 918 2354 interpretationem
961 2301 1133 2342 demum
1175 2301 1246 2342 dei
1289 2300 1415 2348 Fidii,
1458 2299 1653 2342 Fidionis

239 2383 394 2410 nomen
422 2370 460 2410 ei
489 2369 669 2410 inditum
694 2368 878 2418 videtur,
902 2375 947 2410 et
973 2384 1029 2410 ex
1055 2385 1107 2411 eo
1135 2375 1227 2410 orta
1253 2368 1528 2411 commutatio
1555 2383 1654 2410 cum

242 2437 453 2484 Hercule,
493 2452 622 2492 quem
664 2438 705 2479 in
741 2438 1023 2492 jurejurando
1061 2439 1163 2480 alias
1202 2439 1404 2480 invocare
1445 2437 1652 2480 solebant.

239 2506 608 2562 Frequentissima
627 2507 813 2548 omnium
831 2507 920 2549 Izoec
939 2508 1228 2556 commutatio,
1249 2514 1294 2549 et
1311 2507 1476 2549 Sancus
1494 2507 1652 2563 passim

238 2576 403 2617 nonnisi
428 2590 664 2631 cognomen
690 2576 894 2617 Herculis
918 2578 1173 2631 putabatur;
1205 2577 1320 2631 quod
1343 2576 1541 2631 Propert.
1566 2575 1650 2617 IV.

241 2647 298 2687 ix.
327 2645 397 2687 74.
425 2645 476 2686 ab
508 2645 608 2686 orbe
638 2651 845 2686 terrarum
876 2646 1069 2686 manibus
1101 2646 1188 2687 suis
1219 2645 1466 2694 sanciendo,
1495 2645 1538 2686 id
1569 2650 1651 2692 est,

242 2716 478 2771 purgando,
495 2715 674 2756 derivat.
697 2715 748 2767 (ἶ)
792 2716 921 2756 Aliud
949 2731 1186 2771 cognomen
1209 2717 1344 2765 Semo,
1361 2715 1501 2757 Sanco
1523 2715 1652 2769 vulgo
