1830 3220
786 163 930 204 IBIS.

1477 162 1563 203 479

150 272 265 323 Huc
293 293 485 340 precor,
515 277 612 324 huc
639 285 832 325 vestras
858 293 1032 325 omnes
1059 276 1305 325 advertite
1330 282 1545 334 mentes,

217 352 285 401 Et
309 354 458 402 sinite
485 355 674 418 optatis
700 356 900 419 pondus
927 354 1093 402 inesse
1119 353 1262 402 meis.
1501 357 1565 401 70

148 429 370 494 Ipsaque
396 438 451 479 tu
477 431 667 489 Tellus,
695 432 863 496 ipsum
888 448 1005 479 cum
1031 431 1270 478 fluctibus
1297 430 1505 494 AEquor,

216 508 336 572 Ipse
362 525 517 566 meas,
539 509 732 567 AEther,
756 510 948 574 accipe,
969 525 1182 565 summe,
1205 525 1384 573 preces
1404 526 1414 557 :

151 585 450 650 Sideraque,
479 594 532 635 et
553 587 706 635 radiis
726 587 1043 635 circumdata
1071 587 1204 634 Solis
1230 586 1396 650 imago
1412 605 1423 645 ;

219 662 482 728 Lunaque,
511 681 625 728 quae
652 680 930 729 nunquam,
959 680 1061 729 quo
1088 664 1244 728 prius,
1266 679 1350 712 ore
1376 663 1562 722 micas3

151 741 375 805 Noxque
402 743 726 791 tenebrarum
752 743 923 807 specie
948 742 1224 790 reverenda
1248 749 1472 800 tuarum3
1502 743 1566 789 75

218 817 450 883 Quaeque
476 829 641 868 ratum
665 821 852 885 triplici
878 820 1060 885 pollice
1086 820 1217 867 netis
1243 835 1400 882 opus;

150 894 356 958 Quique
382 913 472 961 per
497 897 718 945 infernas
744 898 994 945 horrendo
1015 912 1270 944 murmure
1294 896 1450 944 valles

218 972 566 1038 Imperjuratae
592 976 775 1023 laberis
803 975 964 1023 amnis
991 991 1136 1039 aquae
1160 992 1170 1033 ;

150 1050 395 1114 Quasque
422 1052 590 1101 ferunt
614 1060 745 1101 torto
772 1053 962 1100 vittatis
989 1068 1153 1114 angue
1179 1050 1378 1116 capillis

219 1128 451 1178 Carceris
477 1132 719 1179 obscuras
747 1136 863 1178 ante
891 1130 1066 1178 sedere
1091 1129 1252 1187 fores;
1506 1132 1570 1177 80

149 1204 253 1254 Vos
293 1223 517 1272 quoque,
557 1210 702 1274 plebs
744 1208 1015 1273 Superum,
1057 1207 1232 1264 Fauni,
1276 1206 1567 1271 Satyrique,

356 1286 633 1351 Laresque,

219 1363 572 1428 Fluminaque,
592 1371 643 1412 et
666 1365 939 1430 Nymphae,
966 1364 1365 1428 Semideumque
1392 1380 1568 1428 genUS,

153 1440 390 1505 Denique
417 1443 480 1490 ab
507 1443 717 1506 antiquo
745 1442 861 1489 Divi
886 1449 1189 1506 veteresque
1216 1443 1451 1506 novique,

220 1518 281 1566 In
306 1527 532 1568 nostrum
558 1521 728 1569 cuncti
754 1528 957 1585 tempus
984 1521 1178 1577 adeste,
1200 1520 1372 1568 Chao!

154 1596 396 1646 Carmina
415 1598 536 1646 dum
563 1600 717 1663 capiti
743 1600 979 1648 malefido
1004 1599 1111 1647 dira
1135 1605 1402 1654 canuntur,
1508 1599 1571 1645 85

221 1674 289 1722 Et
313 1683 564 1740 peragunt
589 1683 759 1741 partes
785 1678 858 1725 ira
882 1676 1130 1741 dolorque
1156 1691 1302 1724 suas:

153 1751 378 1801 Adnuite
404 1755 595 1818 optatis
621 1771 798 1803 omnes
825 1771 891 1803 ex
917 1754 1092 1802 ordine
1117 1753 1320 1810 nostris,

223 1829 292 1878 Et
316 1848 432 1895 pars
458 1833 525 1880 sit
549 1832 651 1880 voti
677 1833 817 1881 nulla
842 1832 1038 1880 caduca
1062 1831 1178 1879 mei.

155 1908 388 1973 Quaeque
414 1927 608 1974 precor,
636 1911 789 1959 fiant:
823 1916 879 1958 ut
903 1927 1004 1958 non
1028 1925 1142 1957 mea
1167 1908 1321 1965 dicta,
1350 1906 1441 1956 sed
1465 1907 1550 1956 illa

223 1986 508 2051 Pasiphaes
534 1988 706 2050 generi
730 1988 886 2036 verba
908 1987 1065 2035 fuisse
1090 1993 1254 2051 putet.

197 2101 252 2131 77.
280 2101 427 2142 Quique]
458 2101 594 2133 Invocat
615 2103 745 2144 Stygem
770 2113 825 2145 pa-

152 2150 272 2186 ludem,
291 2151 381 2193 cujus
404 2150 470 2183 filia
492 2151 648 2189 Victoria,
672 2163 770 2194 quum
795 2152 827 2183 in

150 2200 235 2231 bello
273 2200 433 2242 Giganteo
470 2212 561 2243 opem
599 2202 707 2232 tulerit
742 2200 826 2238 Jovi,

152 2249 268 2280 meruit
286 2255 322 2280 ut
343 2250 451 2282 matris
471 2261 585 2282 nomen
604 2251 828 2293 jusjurandum

153 2304 236 2331 esset
251 2300 413 2331 Deorum:
440 2301 526 2343 quod
542 2301 596 2343 qui
613 2301 755 2338 fallebat,
772 2312 827 2332 no-

153 2359 226 2380 vem
253 2349 366 2381 diebus
390 2351 517 2382 carebat
541 2355 688 2390 nectare;
712 2351 743 2381 V
746 2350 828 2392 irgil.

155 2400 232 2431 AEn.
247 2398 290 2431 vi.
305 2409 372 2431 ver.
395 2401 478 2431 324:
506 2404 525 2418 “
544 2400 598 2431 Dii
616 2401 706 2442 cujus
721 2401 829 2443 jurare

155 2448 280 2486 timent,
294 2454 325 2480 et
340 2449 451 2481 fallere
467 2450 617 2482 numen.’'

200 2499 253 2530 79.
281 2499 416 2536 Vittatis,
433 2499 512 2540 eto]
540 2499 663 2541 Ligatis
678 2504 830 2540 tanquam

153 2547 259 2579 vittis:
292 2559 366 2580 nam
397 2549 547 2580 vittarum
586 2550 656 2581 loco
688 2549 832 2580 tribuunt

156 2597 313 2639 anguibus
325 2598 476 2629 contortis
489 2598 666 2630 revinctum
681 2604 788 2641 caput.

201 2649 254 2679 81.
282 2649 337 2680 Vos
361 2660 486 2690 quoque,
509 2649 619 2690 plebs]
647 2649 704 2680 Dii
730 2648 829 2680 mino-

157 2708 226 2729 rum
252 2698 411 2740 gendum,
437 2710 517 2741 quos
543 2705 574 2731 et
603 2699 745 2742 plebeios
775 2698 831 2730 ad-

156 2747 268 2790 pellat.
316 2748 479 2790 Laresque.
528 2749 583 2780 Dii
611 2747 776 2780 domestici
802 2754 834 2779 et

1509 1988 1574 2033 90

896 2101 1004 2144 patrii.
1030 2100 1058 2132 Ii
1075 2100 1215 2143 compita
1230 2106 1366 2132 servant.
1391 2099 1472 2131 Inde
1488 2110 1574 2131 com-

896 2151 1008 2194 pitalia
1024 2151 1114 2187 festa,
1131 2157 1162 2182 et
1178 2150 1246 2182 dies
1263 2149 1407 2181 attributi
1424 2149 1571 2187 Laribus,

898 2201 1015 2244 quibus
1030 2201 1062 2231 in
1078 2200 1224 2243 compitis
1239 2199 1489 2231 sacrificabatur.

941 2252 997 2282 82.
1015 2251 1241 2292 Semidei‘rmque
1253 2250 1380 2292 genus]
1408 2248 1573 2280 Hierocles

897 2300 929 2332 in
946 2301 1054 2332 Carm.
1069 2300 1210 2342 Pythag.
1225 2311 1288 2331 ver.
1304 2299 1333 2332 l.
1348 2299 1409 2330 hoc
1425 2299 1470 2330 ita
1482 2299 1570 2330 illus-

898 2357 978 2382 trat:
1009 2353 1149 2393 Πρῶτον
1164 2349 1355 2388 ἀθανάτους
1371 2350 1464 2387 θεοὺς
1476 2349 1493 2380 ὁ
1510 2360 1575 2381 πα-

898 2399 967 2442 ρὼν
982 2399 1085 2442 λόγος
1103 2399 1259 2442 ἐσήμανε,
1280 2401 1318 2432 τὸ
1339 2398 1371 2430 δὲ
1385 2398 1499 2441 μέσον,
1512 2398 1575 2431 ‘'H-

899 2462 987 2493 ρωας
1011 2450 1171 2493 ἀγαυοὺς,
1192 2451 1246 2482 καὶ
1273 2451 1311 2482 τὸ
1335 2450 1481 2491 ἔσχατον
1505 2448 1574 2480 δαί-

899 2512 1007 2543 μονας
1022 2499 1277 2542 καταχθονίους
1302 2504 1427 2542 propter
1443 2499 1576 2530 virtutes

900 2549 1033 2582 enimin
1056 2550 1144 2581 Deos
1159 2550 1387 2581 referebantur,
1433 2547 1496 2579 Hic
1519 2559 1575 2580 au-

901 2606 964 2631 tem
982 2605 1076 2642 poeta
1091 2599 1247 2631 minorum
1261 2597 1404 2640 gentium
1416 2598 1503 2629 Deos
1518 2597 1574 2630 ad·

900 2650 1001 2692 pellat
1015 2649 1190 2681 Semideos.

946 2700 1000 2731 90.
1017 2700 1181 2740 Pasiphaes
1193 2698 1332 2741 generi.]
1350 2697 1510 2729 Theseum
1526 2697 1574 2730 in-

903 2748 983 2786 nuit,
1014 2750 1054 2780 ob
1082 2749 1213 2781 ductam
1239 2747 1427 2784 Ariadnam,
1455 2746 1576 2779 Minois
