<?xml version="1.0" encoding="UTF-8"?>
<!DOCTYPE html PUBLIC "-//W3C//DTD XHTML 1.0 Transitional//EN"
    "http://www.w3.org/TR/xhtml1/DTD/xhtml1-transitional.dtd">
<html xmlns="http://www.w3.org/1999/xhtml" xml:lang="en" lang="en">
 <head>
  <title>
</title>
<meta http-equiv="Content-Type" content="text/html;charset=utf-8" />
  <meta name='ocr-system' content='tesseract 3.04.00' />
  <meta name='ocr-capabilities' content='ocr_page ocr_carea ocr_par ocr_line ocrx_word'/>
</head>
<body>
  <div class='ocr_page' id='page_1' title='image "./povidiinasonisop05oviduoft_0424.png"; bbox 0 0 1809 3220; ppageno 0'>
   <div class='ocr_carea' id='block_1_1' title="bbox 182 175 1072 218">
    <p class='ocr_par' dir='ltr' id='par_1_1' title="bbox 182 175 1072 218">
     <span class='ocr_line' id='line_1_1' title="bbox 182 175 1072 218; baseline -0.002 0"><span class='ocrx_word' id='word_1_1' title='bbox 182 176 269 218; x_wconf 73' lang='lat'>396</span> <span class='ocrx_word' id='word_1_2' title='bbox 722 175 1030 218; x_wconf 86' lang='lat' dir='ltr'><strong>EXCURSU</strong></span> <span class='ocrx_word' id='word_1_3' title='bbox 1042 176 1072 216; x_wconf 90' lang='lat' dir='ltr'>S</span> 
     </span>
    </p>
   </div>
   <div class='ocr_carea' id='block_1_2' title="bbox 179 292 1611 2787">
    <p class='ocr_par' dir='ltr' id='par_1_2' title="bbox 183 292 1610 768">
     <span class='ocr_line' id='line_1_2' title="bbox 187 292 1609 349; baseline -0.001 -14"><span class='ocrx_word' id='word_1_4' title='bbox 187 294 282 335; x_wconf 82' lang='lat' dir='ltr'>Eel.</span> <span class='ocrx_word' id='word_1_5' title='bbox 312 293 388 342; x_wconf 90' lang='lat' dir='ltr'>X;</span> <span class='ocrx_word' id='word_1_6' title='bbox 423 294 582 348; x_wconf 82' lang='lat' dir='ltr'>Scalig.</span> <span class='ocrx_word' id='word_1_7' title='bbox 616 294 669 335; x_wconf 90' lang='lat' dir='ltr'>ad</span> <span class='ocrx_word' id='word_1_8' title='bbox 699 293 820 335; x_wconf 87' lang='lat' dir='ltr'>Fest.</span> <span class='ocrx_word' id='word_1_9' title='bbox 851 294 891 335; x_wconf 85' lang='lat' dir='ltr'>h.</span> <span class='ocrx_word' id='word_1_10' title='bbox 916 309 956 335; x_wconf 89' lang='lat' dir='ltr'>v.</span> <span class='ocrx_word' id='word_1_11' title='bbox 985 293 1072 335; x_wconf 93' lang='lat' dir='ltr'>Pro</span> <span class='ocrx_word' id='word_1_12' title='bbox 1105 292 1281 334; x_wconf 77' lang='lat' dir='ltr'>Saturni</span> <span class='ocrx_word' id='word_1_13' title='bbox 1310 293 1495 348; x_wconf 86' lang='lat' dir='ltr'>conjuge</span> <span class='ocrx_word' id='word_1_14' title='bbox 1518 293 1609 349; x_wconf 84' lang='lat' dir='ltr'>jam</span> 
     </span>
     <span class='ocr_line' id='line_1_3' title="bbox 185 362 1608 419; baseline -0.001 -15"><span class='ocrx_word' id='word_1_15' title='bbox 185 370 288 405; x_wconf 89' lang='lat' dir='ltr'>tunc</span> <span class='ocrx_word' id='word_1_16' title='bbox 319 364 454 405; x_wconf 83' lang='lat' dir='ltr'>fuisse</span> <span class='ocrx_word' id='word_1_17' title='bbox 485 364 688 414; x_wconf 83' lang='lat' dir='ltr'>habitam,</span> <span class='ocrx_word' id='word_1_18' title='bbox 719 364 877 419; x_wconf 81' lang='lat' dir='ltr'>Opalia</span> <span class='ocrx_word' id='word_1_19' title='bbox 905 378 1004 405; x_wconf 90' lang='lat' dir='ltr'>cum</span> <span class='ocrx_word' id='word_1_20' title='bbox 1035 362 1334 405; x_wconf 84' lang='lat' dir='ltr'>Saturnalibus</span> <span class='ocrx_word' id='word_1_21' title='bbox 1365 362 1608 418; x_wconf 86' lang='lat' dir='ltr'>conjuncta,</span> 
     </span>
     <span class='ocr_line' id='line_1_4' title="bbox 186 431 1610 488; baseline 0 -14"><span class='ocrx_word' id='word_1_22' title='bbox 186 440 231 474; x_wconf 89' lang='lat' dir='ltr'>et</span> <span class='ocrx_word' id='word_1_23' title='bbox 269 433 376 488; x_wconf 89' lang='lat' dir='ltr'>Opis</span> <span class='ocrx_word' id='word_1_24' title='bbox 416 449 513 475; x_wconf 90' lang='lat' dir='ltr'>cum</span> <span class='ocrx_word' id='word_1_25' title='bbox 553 433 694 483; x_wconf 84' lang='lat' dir='ltr'>Rhea,</span> <span class='ocrx_word' id='word_1_26' title='bbox 737 433 870 475; x_wconf 87' lang='lat' dir='ltr'>Croni</span> <span class='ocrx_word' id='word_1_27' title='bbox 906 447 1058 481; x_wconf 86' lang='lat' dir='ltr'>uxore,</span> <span class='ocrx_word' id='word_1_28' title='bbox 1093 431 1371 474; x_wconf 85' lang='lat' dir='ltr'>commutatio</span> <span class='ocrx_word' id='word_1_29' title='bbox 1410 432 1610 474; x_wconf 88' lang='lat' dir='ltr'>innuunt.</span> 
     </span>
     <span class='ocr_line' id='line_1_5' title="bbox 185 501 1610 559; baseline -0.002 -14"><span class='ocrx_word' id='word_1_30' title='bbox 185 503 412 545; x_wconf 86' lang='lat' dir='ltr'>Macrobio</span> <span class='ocrx_word' id='word_1_31' title='bbox 441 503 487 555; x_wconf 88' lang='lat' dir='ltr'>(i.</span> <span class='ocrx_word' id='word_1_32' title='bbox 521 503 615 555; x_wconf 86' lang='lat'>10.)</span> <span class='ocrx_word' id='word_1_33' title='bbox 644 504 737 559; x_wconf 89' lang='lat' dir='ltr'>ipso</span> <span class='ocrx_word' id='word_1_34' title='bbox 767 517 864 544; x_wconf 87' lang='lat' dir='ltr'>cum</span> <span class='ocrx_word' id='word_1_35' title='bbox 895 502 1082 544; x_wconf 88' lang='lat' dir='ltr'>Saturno</span> <span class='ocrx_word' id='word_1_36' title='bbox 1111 502 1286 556; x_wconf 87' lang='lat' dir='ltr'>frugum</span> <span class='ocrx_word' id='word_1_37' title='bbox 1317 508 1363 543; x_wconf 90' lang='lat' dir='ltr'>et</span> <span class='ocrx_word' id='word_1_38' title='bbox 1390 501 1610 543; x_wconf 89' lang='lat' dir='ltr'>fructuum</span> 
     </span>
     <span class='ocr_line' id='line_1_6' title="bbox 183 571 1610 628; baseline -0.001 -14"><span class='ocrx_word' id='word_1_39' title='bbox 183 579 430 627; x_wconf 83' lang='lat' dir='ltr'>repertores</span> <span class='ocrx_word' id='word_1_40' title='bbox 459 573 674 622; x_wconf 86' lang='lat' dir='ltr'>dicuntur,</span> <span class='ocrx_word' id='word_1_41' title='bbox 700 588 814 614; x_wconf 91' lang='lat' dir='ltr'>nunc</span> <span class='ocrx_word' id='word_1_42' title='bbox 839 580 1043 628; x_wconf 89' lang='lat' dir='ltr'>tanquam</span> <span class='ocrx_word' id='word_1_43' title='bbox 1066 572 1167 613; x_wconf 83' lang='lat' dir='ltr'>vitae</span> <span class='ocrx_word' id='word_1_44' title='bbox 1189 571 1380 613; x_wconf 85' lang='lat' dir='ltr'>cultioris</span> <span class='ocrx_word' id='word_1_45' title='bbox 1408 579 1610 613; x_wconf 85' lang='lat' dir='ltr'>auctores</span> 
     </span>
     <span class='ocr_line' id='line_1_7' title="bbox 185 641 1607 697; baseline -0.001 -14"><span class='ocrx_word' id='word_1_46' title='bbox 185 642 268 684; x_wconf 90' lang='lat' dir='ltr'>coli</span> <span class='ocrx_word' id='word_1_47' title='bbox 293 643 418 683; x_wconf 89' lang='lat' dir='ltr'>soliti.</span> <span class='ocrx_word' id='word_1_48' title='bbox 481 641 593 684; x_wconf 88' lang='lat' dir='ltr'>Aliis</span> <span class='ocrx_word' id='word_1_49' title='bbox 617 653 731 684; x_wconf 87' lang='lat' dir='ltr'>terra</span> <span class='ocrx_word' id='word_1_50' title='bbox 753 643 994 691; x_wconf 84' lang='lat' dir='ltr'>videbatur,</span> <span class='ocrx_word' id='word_1_51' title='bbox 1016 642 1130 697; x_wconf 92' lang='lat' dir='ltr'>quod</span> <span class='ocrx_word' id='word_1_52' title='bbox 1153 656 1302 683; x_wconf 89' lang='lat' dir='ltr'>semen</span> <span class='ocrx_word' id='word_1_53' title='bbox 1324 641 1607 696; x_wconf 84' lang='lat' dir='ltr'>recipiebant,</span> 
     </span>
     <span class='ocr_line' id='line_1_8' title="bbox 187 713 1245 768; baseline -0.001 -15"><span class='ocrx_word' id='word_1_54' title='bbox 187 727 271 767; x_wconf 93' lang='lat' dir='ltr'>quo</span> <span class='ocrx_word' id='word_1_55' title='bbox 295 713 425 753; x_wconf 88' lang='lat' dir='ltr'>etiam</span> <span class='ocrx_word' id='word_1_56' title='bbox 453 713 561 768; x_wconf 78' lang='lat' dir='ltr'>Opis</span> <span class='ocrx_word' id='word_1_57' title='bbox 582 713 779 754; x_wconf 75' lang='lat' dir='ltr'>consz&#39;vz‘ce</span> <span class='ocrx_word' id='word_1_58' title='bbox 801 726 1041 768; x_wconf 82' lang='lat' dir='ltr'>cognomen</span> <span class='ocrx_word' id='word_1_59' title='bbox 1064 717 1245 766; x_wconf 85' lang='lat' dir='ltr'>spectat.</span> 
     </span>
    </p>

    <p class='ocr_par' dir='ltr' id='par_1_3' title="bbox 185 781 1611 1188">
     <span class='ocr_line' id='line_1_9' title="bbox 252 781 1610 838; baseline -0.003 -12"><span class='ocrx_word' id='word_1_60' title='bbox 252 782 475 826; x_wconf 79' lang='lat' dir='ltr'>Vertumni</span> <span class='ocrx_word' id='word_1_61' title='bbox 497 797 670 838; x_wconf 88' lang='lat' dir='ltr'>quoque</span> <span class='ocrx_word' id='word_1_62' title='bbox 700 789 745 824; x_wconf 88' lang='lat' dir='ltr'>et</span> <span class='ocrx_word' id='word_1_63' title='bbox 767 783 972 824; x_wconf 81' lang='lat' dir='ltr'>Pomonae</span> <span class='ocrx_word' id='word_1_64' title='bbox 997 783 1202 823; x_wconf 90' lang='lat' dir='ltr'>memoria</span> <span class='ocrx_word' id='word_1_65' title='bbox 1225 781 1480 831; x_wconf 79' lang='lat' dir='ltr'>flaminibus,</span> <span class='ocrx_word' id='word_1_66' title='bbox 1503 787 1610 823; x_wconf 86' lang='lat' dir='ltr'>tem-</span> 
     </span>
     <span class='ocr_line' id='line_1_10' title="bbox 185 850 1608 906; baseline 0 -14"><span class='ocrx_word' id='word_1_67' title='bbox 185 850 281 906; x_wconf 88' lang='lat' dir='ltr'>plis,</span> <span class='ocrx_word' id='word_1_68' title='bbox 299 858 344 892; x_wconf 89' lang='lat' dir='ltr'>et</span> <span class='ocrx_word' id='word_1_69' title='bbox 361 852 478 893; x_wconf 87' lang='lat' dir='ltr'>seriis</span> <span class='ocrx_word' id='word_1_70' title='bbox 497 852 716 894; x_wconf 87' lang='lat' dir='ltr'>celebrata</span> <span class='ocrx_word' id='word_1_71' title='bbox 733 858 813 894; x_wconf 88' lang='lat' dir='ltr'>est.</span> <span class='ocrx_word' id='word_1_72' title='bbox 864 852 1070 893; x_wconf 83' lang='lat' dir='ltr'>Pomonae</span> <span class='ocrx_word' id='word_1_73' title='bbox 1090 867 1244 893; x_wconf 89' lang='lat' dir='ltr'>munus</span> <span class='ocrx_word' id='word_1_74' title='bbox 1265 866 1423 893; x_wconf 89' lang='lat' dir='ltr'>nomen</span> <span class='ocrx_word' id='word_1_75' title='bbox 1446 852 1608 906; x_wconf 89' lang='lat' dir='ltr'>prodit;</span> 
     </span>
     <span class='ocr_line' id='line_1_11' title="bbox 186 920 1608 977; baseline 0 -16"><span class='ocrx_word' id='word_1_76' title='bbox 186 921 241 962; x_wconf 89' lang='lat' dir='ltr'>de</span> <span class='ocrx_word' id='word_1_77' title='bbox 264 920 506 962; x_wconf 88' lang='lat' dir='ltr'>Vertumno</span> <span class='ocrx_word' id='word_1_78' title='bbox 530 921 612 977; x_wconf 91' lang='lat' dir='ltr'>ipsi</span> <span class='ocrx_word' id='word_1_79' title='bbox 634 929 805 963; x_wconf 89' lang='lat' dir='ltr'>veteres</span> <span class='ocrx_word' id='word_1_80' title='bbox 829 921 1046 962; x_wconf 88' lang='lat' dir='ltr'>interdum</span> <span class='ocrx_word' id='word_1_81' title='bbox 1070 921 1354 970; x_wconf 80' lang='lat' dir='ltr'>dissentiunt3</span> <span class='ocrx_word' id='word_1_82' title='bbox 1387 936 1439 962; x_wconf 91' lang='lat' dir='ltr'>eo</span> <span class='ocrx_word' id='word_1_83' title='bbox 1463 926 1608 962; x_wconf 87' lang='lat' dir='ltr'>tamen</span> 
     </span>
     <span class='ocr_line' id='line_1_12' title="bbox 185 991 1611 1047; baseline 0 -15"><span class='ocrx_word' id='word_1_84' title='bbox 185 991 369 1046; x_wconf 86' lang='lat' dir='ltr'>plurima</span> <span class='ocrx_word' id='word_1_85' title='bbox 398 998 641 1040; x_wconf 89' lang='lat' dir='ltr'>recurrunt,</span> <span class='ocrx_word' id='word_1_86' title='bbox 665 993 804 1047; x_wconf 85' lang='lat' dir='ltr'>ipsum</span> <span class='ocrx_word' id='word_1_87' title='bbox 835 1007 991 1034; x_wconf 90' lang='lat' dir='ltr'>nomen</span> <span class='ocrx_word' id='word_1_88' title='bbox 1018 1006 1173 1033; x_wconf 90' lang='lat' dir='ltr'>munus</span> <span class='ocrx_word' id='word_1_89' title='bbox 1201 992 1294 1047; x_wconf 86' lang='lat' dir='ltr'>ejus</span> <span class='ocrx_word' id='word_1_90' title='bbox 1322 991 1527 1041; x_wconf 88' lang='lat' dir='ltr'>indicare,</span> <span class='ocrx_word' id='word_1_91' title='bbox 1549 992 1611 1033; x_wconf 87' lang='lat' dir='ltr'>ita</span> 
     </span>
     <span class='ocr_line' id='line_1_13' title="bbox 186 1062 1608 1118; baseline 0.001 -16"><span class='ocrx_word' id='word_1_92' title='bbox 186 1068 234 1102; x_wconf 87' lang='lat' dir='ltr'>ut</span> <span class='ocrx_word' id='word_1_93' title='bbox 264 1062 380 1103; x_wconf 87' lang='lat' dir='ltr'>omni</span> <span class='ocrx_word' id='word_1_94' title='bbox 409 1077 550 1104; x_wconf 88' lang='lat' dir='ltr'>rerum</span> <span class='ocrx_word' id='word_1_95' title='bbox 581 1063 879 1112; x_wconf 87' lang='lat' dir='ltr'>vicissitudini,</span> <span class='ocrx_word' id='word_1_96' title='bbox 907 1062 1007 1104; x_wconf 84' lang='lat' dir='ltr'>anni</span> <span class='ocrx_word' id='word_1_97' title='bbox 1036 1063 1167 1104; x_wconf 90' lang='lat' dir='ltr'>etiam</span> <span class='ocrx_word' id='word_1_98' title='bbox 1197 1062 1378 1104; x_wconf 87' lang='lat' dir='ltr'>diversis</span> <span class='ocrx_word' id='word_1_99' title='bbox 1407 1062 1608 1118; x_wconf 87' lang='lat' dir='ltr'>tempori-</span> 
     </span>
     <span class='ocr_line' id='line_1_14' title="bbox 185 1131 1306 1188; baseline 0.001 -16"><span class='ocrx_word' id='word_1_100' title='bbox 185 1131 264 1172; x_wconf 88' lang='lat' dir='ltr'>bus</span> <span class='ocrx_word' id='word_1_101' title='bbox 289 1139 511 1186; x_wconf 84' lang='lat' dir='ltr'>praeesset.</span> <span class='ocrx_word' id='word_1_102' title='bbox 577 1133 720 1175; x_wconf 84' lang='lat' dir='ltr'>Locus</span> <span class='ocrx_word' id='word_1_103' title='bbox 743 1133 866 1174; x_wconf 82' lang='lat' dir='ltr'>class.</span> <span class='ocrx_word' id='word_1_104' title='bbox 893 1133 1007 1188; x_wconf 87' lang='lat' dir='ltr'>apud</span> <span class='ocrx_word' id='word_1_105' title='bbox 1031 1132 1163 1187; x_wconf 90' lang='lat' dir='ltr'>Prop.</span> <span class='ocrx_word' id='word_1_106' title='bbox 1186 1132 1242 1173; x_wconf 90' lang='lat' dir='ltr'>iv.</span> <span class='ocrx_word' id='word_1_107' title='bbox 1264 1131 1306 1173; x_wconf 76' lang='grc'>2.</span> 
     </span>
    </p>

    <p class='ocr_par' dir='ltr' id='par_1_4' title="bbox 179 1200 1610 2425">
     <span class='ocr_line' id='line_1_15' title="bbox 246 1200 1609 1244; baseline 0.001 -2"><span class='ocrx_word' id='word_1_108' title='bbox 246 1200 452 1243; x_wconf 83' lang='lat' dir='ltr'>Proxime</span> <span class='ocrx_word' id='word_1_109' title='bbox 485 1203 682 1244; x_wconf 88' lang='lat' dir='ltr'>eamdem</span> <span class='ocrx_word' id='word_1_110' title='bbox 716 1204 769 1244; x_wconf 93' lang='lat' dir='ltr'>ob</span> <span class='ocrx_word' id='word_1_111' title='bbox 807 1203 1018 1244; x_wconf 87' lang='lat' dir='ltr'>rationem</span> <span class='ocrx_word' id='word_1_112' title='bbox 1054 1203 1107 1244; x_wconf 89' lang='lat' dir='ltr'>ad</span> <span class='ocrx_word' id='word_1_113' title='bbox 1144 1217 1243 1244; x_wconf 91' lang='lat' dir='ltr'>eum</span> <span class='ocrx_word' id='word_1_114' title='bbox 1277 1202 1447 1244; x_wconf 86' lang='lat' dir='ltr'>accedit</span> <span class='ocrx_word' id='word_1_115' title='bbox 1477 1203 1609 1244; x_wconf 86' lang='lat' dir='ltr'>Anna</span> 
     </span>
     <span class='ocr_line' id='line_1_16' title="bbox 187 1272 1608 1329; baseline 0.001 -17"><span class='ocrx_word' id='word_1_116' title='bbox 187 1272 405 1322; x_wconf 79' lang='lat' dir='ltr'>Perenna,</span> <span class='ocrx_word' id='word_1_117' title='bbox 430 1272 472 1313; x_wconf 89' lang='lat' dir='ltr'>in</span> <span class='ocrx_word' id='word_1_118' title='bbox 495 1273 617 1329; x_wconf 86' lang='lat' dir='ltr'>cujus</span> <span class='ocrx_word' id='word_1_119' title='bbox 640 1273 752 1314; x_wconf 88' lang='lat' dir='ltr'>sesto</span> <span class='ocrx_word' id='word_1_120' title='bbox 775 1287 864 1321; x_wconf 89' lang='lat' dir='ltr'>ver,</span> <span class='ocrx_word' id='word_1_121' title='bbox 892 1273 1036 1315; x_wconf 77' lang='lat' dir='ltr'>laetmn</span> <span class='ocrx_word' id='word_1_122' title='bbox 1061 1273 1164 1313; x_wconf 81' lang='lat' dir='ltr'>anm‘</span> <span class='ocrx_word' id='word_1_123' title='bbox 1187 1279 1350 1328; x_wconf 79' lang='lat' dir='ltr'>tempus</span> <span class='ocrx_word' id='word_1_124' title='bbox 1369 1272 1513 1328; x_wconf 79' lang='lat' dir='ltr'>spatio</span> <span class='ocrx_word' id='word_1_125' title='bbox 1532 1287 1608 1313; x_wconf 83' lang='lat' dir='ltr'>suo</span> 
     </span>
     <span class='ocr_line' id='line_1_17' title="bbox 183 1342 1608 1397; baseline 0.001 -15"><span class='ocrx_word' id='word_1_126' title='bbox 183 1342 372 1390; x_wconf 83' lang='lat' dir='ltr'>rediens,</span> <span class='ocrx_word' id='word_1_127' title='bbox 393 1342 566 1397; x_wconf 89' lang='lat' dir='ltr'>publica</span> <span class='ocrx_word' id='word_1_128' title='bbox 582 1342 731 1383; x_wconf 83' lang='lat' dir='ltr'>laetitia</span> <span class='ocrx_word' id='word_1_129' title='bbox 748 1342 1039 1397; x_wconf 86' lang='lat' dir='ltr'>excipiebant.</span> <span class='ocrx_word' id='word_1_130' title='bbox 1074 1343 1259 1384; x_wconf 88' lang='lat' dir='ltr'>Ovidius</span> <span class='ocrx_word' id='word_1_131' title='bbox 1282 1342 1442 1384; x_wconf 90' lang='lat' dir='ltr'>multus</span> <span class='ocrx_word' id='word_1_132' title='bbox 1464 1348 1531 1383; x_wconf 88' lang='lat' dir='ltr'>est</span> <span class='ocrx_word' id='word_1_133' title='bbox 1553 1342 1608 1383; x_wconf 88' lang='lat' dir='ltr'>de</span> 
     </span>
     <span class='ocr_line' id='line_1_18' title="bbox 184 1410 1606 1467; baseline 0.001 -16"><span class='ocrx_word' id='word_1_134' title='bbox 184 1410 399 1452; x_wconf 87' lang='lat' dir='ltr'>hilaritate</span> <span class='ocrx_word' id='word_1_135' title='bbox 429 1418 474 1452; x_wconf 86' lang='lat' dir='ltr'>et</span> <span class='ocrx_word' id='word_1_136' title='bbox 503 1412 661 1467; x_wconf 80' lang='lat' dir='ltr'>gaudio</span> <span class='ocrx_word' id='word_1_137' title='bbox 693 1412 910 1453; x_wconf 91' lang='lat' dir='ltr'>interdum</span> <span class='ocrx_word' id='word_1_138' title='bbox 941 1412 1092 1461; x_wconf 83' lang='lat' dir='ltr'>effuso,</span> <span class='ocrx_word' id='word_1_139' title='bbox 1123 1412 1193 1453; x_wconf 90' lang='lat' dir='ltr'>cui</span> <span class='ocrx_word' id='word_1_140' title='bbox 1223 1427 1300 1453; x_wconf 89' lang='lat' dir='ltr'>suo</span> <span class='ocrx_word' id='word_1_141' title='bbox 1330 1411 1469 1453; x_wconf 84' lang='lat' dir='ltr'>adhuc</span> <span class='ocrx_word' id='word_1_142' title='bbox 1500 1417 1606 1453; x_wconf 87' lang='lat' dir='ltr'>tem-</span> 
     </span>
     <span class='ocr_line' id='line_1_19' title="bbox 183 1481 1606 1536; baseline 0.001 -15"><span class='ocrx_word' id='word_1_143' title='bbox 183 1495 287 1535; x_wconf 85' lang='lat' dir='ltr'>pore</span> <span class='ocrx_word' id='word_1_144' title='bbox 317 1481 519 1530; x_wconf 87' lang='lat' dir='ltr'>bibendo,</span> <span class='ocrx_word' id='word_1_145' title='bbox 537 1481 740 1536; x_wconf 87' lang='lat' dir='ltr'>jocando,</span> <span class='ocrx_word' id='word_1_146' title='bbox 764 1482 978 1523; x_wconf 85' lang='lat' dir='ltr'>cantando</span> <span class='ocrx_word' id='word_1_147' title='bbox 1008 1488 1051 1522; x_wconf 91' lang='lat' dir='ltr'>et</span> <span class='ocrx_word' id='word_1_148' title='bbox 1077 1481 1271 1522; x_wconf 85' lang='lat' dir='ltr'>saltando</span> <span class='ocrx_word' id='word_1_149' title='bbox 1298 1482 1341 1522; x_wconf 91' lang='lat' dir='ltr'>in</span> <span class='ocrx_word' id='word_1_150' title='bbox 1363 1482 1505 1522; x_wconf 83' lang='lat' dir='ltr'>Annae</span> <span class='ocrx_word' id='word_1_151' title='bbox 1534 1496 1606 1523; x_wconf 89' lang='lat' dir='ltr'>ne-</span> 
     </span>
     <span class='ocr_line' id='line_1_20' title="bbox 184 1550 1608 1606; baseline 0.001 -15"><span class='ocrx_word' id='word_1_152' title='bbox 184 1564 302 1591; x_wconf 89' lang='lat' dir='ltr'>more</span> <span class='ocrx_word' id='word_1_153' title='bbox 327 1550 381 1591; x_wconf 85' lang='lat' dir='ltr'>ad</span> <span class='ocrx_word' id='word_1_154' title='bbox 405 1555 581 1605; x_wconf 90' lang='lat' dir='ltr'>pontem</span> <span class='ocrx_word' id='word_1_155' title='bbox 605 1550 807 1592; x_wconf 85' lang='lat' dir='ltr'>Milvium</span> <span class='ocrx_word' id='word_1_156' title='bbox 830 1551 1128 1606; x_wconf 87' lang='lat' dir='ltr'>indulgebant.</span> <span class='ocrx_word' id='word_1_157' title='bbox 1172 1550 1371 1599; x_wconf 87' lang='lat' dir='ltr'>Ovidius,</span> <span class='ocrx_word' id='word_1_158' title='bbox 1396 1551 1469 1606; x_wconf 88' lang='lat' dir='ltr'>qui</span> <span class='ocrx_word' id='word_1_159' title='bbox 1491 1552 1534 1592; x_wconf 91' lang='lat' dir='ltr'>in</span> <span class='ocrx_word' id='word_1_160' title='bbox 1555 1565 1608 1592; x_wconf 87' lang='lat' dir='ltr'>ea</span> 
     </span>
     <span class='ocr_line' id='line_1_21' title="bbox 184 1619 1610 1674; baseline 0.001 -14"><span class='ocrx_word' id='word_1_161' title='bbox 184 1619 442 1674; x_wconf 79' lang='lat' dir='ltr'>explicanda</span> <span class='ocrx_word' id='word_1_162' title='bbox 462 1620 637 1674; x_wconf 89' lang='lat' dir='ltr'>quidem</span> <span class='ocrx_word' id='word_1_163' title='bbox 660 1620 826 1661; x_wconf 87' lang='lat' dir='ltr'>fabulas</span> <span class='ocrx_word' id='word_1_164' title='bbox 850 1620 1129 1661; x_wconf 86' lang='lat' dir='ltr'>alienissimas</span> <span class='ocrx_word' id='word_1_165' title='bbox 1152 1620 1377 1669; x_wconf 87' lang='lat' dir='ltr'>admiscet,</span> <span class='ocrx_word' id='word_1_166' title='bbox 1396 1627 1441 1661; x_wconf 92' lang='lat' dir='ltr'>et</span> <span class='ocrx_word' id='word_1_167' title='bbox 1461 1620 1502 1662; x_wconf 88' lang='lat' dir='ltr'>in</span> <span class='ocrx_word' id='word_1_168' title='bbox 1526 1621 1610 1663; x_wconf 89' lang='lat' dir='ltr'>alia</span> 
     </span>
     <span class='ocr_line' id='line_1_22' title="bbox 184 1688 1609 1745; baseline 0.003 -17"><span class='ocrx_word' id='word_1_169' title='bbox 184 1688 326 1729; x_wconf 82' lang='lat' dir='ltr'>omnia</span> <span class='ocrx_word' id='word_1_170' title='bbox 357 1688 459 1738; x_wconf 91' lang='lat' dir='ltr'>abit,</span> <span class='ocrx_word' id='word_1_171' title='bbox 494 1688 593 1730; x_wconf 86' lang='lat' dir='ltr'>alibi</span> <span class='ocrx_word' id='word_1_172' title='bbox 626 1695 768 1730; x_wconf 86' lang='lat' dir='ltr'>tamen</span> <span class='ocrx_word' id='word_1_173' title='bbox 806 1689 1037 1731; x_wconf 88' lang='lat' dir='ltr'>manifesto</span> <span class='ocrx_word' id='word_1_174' title='bbox 1074 1690 1211 1745; x_wconf 82' lang='lat' dir='ltr'>ipsam</span> <span class='ocrx_word' id='word_1_175' title='bbox 1249 1690 1302 1730; x_wconf 88' lang='lat' dir='ltr'>ad</span> <span class='ocrx_word' id='word_1_176' title='bbox 1335 1689 1453 1731; x_wconf 90' lang='lat' dir='ltr'>Anni</span> <span class='ocrx_word' id='word_1_177' title='bbox 1488 1690 1609 1732; x_wconf 87' lang='lat' dir='ltr'>initia</span> 
     </span>
     <span class='ocr_line' id='line_1_23' title="bbox 183 1758 1606 1814; baseline 0.001 -15"><span class='ocrx_word' id='word_1_178' title='bbox 183 1758 327 1799; x_wconf 79' lang='lat' dir='ltr'>fausta</span> <span class='ocrx_word' id='word_1_179' title='bbox 357 1758 491 1799; x_wconf 83' lang='lat' dir='ltr'>refert</span> <span class='ocrx_word' id='word_1_180' title='bbox 520 1759 597 1813; x_wconf 90' lang='lat' dir='ltr'>(iii.</span> <span class='ocrx_word' id='word_1_181' title='bbox 636 1758 738 1800; x_wconf 74' lang='lat'>145.</span> <span class='ocrx_word' id='word_1_182' title='bbox 774 1759 896 1810; x_wconf 80' lang='lat'>146.)</span> <span class='ocrx_word' id='word_1_183' title='bbox 928 1759 962 1800; x_wconf 90' lang='lat' dir='ltr'>si</span> <span class='ocrx_word' id='word_1_184' title='bbox 994 1759 1170 1814; x_wconf 90' lang='lat' dir='ltr'>quidem</span> <span class='ocrx_word' id='word_1_185' title='bbox 1208 1759 1309 1800; x_wconf 88' lang='lat' dir='ltr'>anni</span> <span class='ocrx_word' id='word_1_186' title='bbox 1342 1760 1502 1801; x_wconf 84' lang='lat' dir='ltr'>veteris</span> <span class='ocrx_word' id='word_1_187' title='bbox 1533 1774 1606 1801; x_wconf 85' lang='lat' dir='ltr'>au-</span> 
     </span>
     <span class='ocr_line' id='line_1_24' title="bbox 184 1827 1608 1884; baseline 0.002 -16"><span class='ocrx_word' id='word_1_188' title='bbox 184 1827 317 1881; x_wconf 88' lang='lat' dir='ltr'>spicia</span> <span class='ocrx_word' id='word_1_189' title='bbox 338 1827 445 1869; x_wconf 86' lang='lat' dir='ltr'>hanc</span> <span class='ocrx_word' id='word_1_190' title='bbox 468 1828 599 1869; x_wconf 89' lang='lat' dir='ltr'>etiam</span> <span class='ocrx_word' id='word_1_191' title='bbox 620 1828 673 1869; x_wconf 93' lang='lat' dir='ltr'>ob</span> <span class='ocrx_word' id='word_1_192' title='bbox 697 1843 870 1869; x_wconf 89' lang='lat' dir='ltr'>causam</span> <span class='ocrx_word' id='word_1_193' title='bbox 895 1843 919 1869; x_wconf 87' lang='lat' dir='ltr'>a</span> <span class='ocrx_word' id='word_1_194' title='bbox 938 1828 1095 1869; x_wconf 89' lang='lat' dir='ltr'>Martio</span> <span class='ocrx_word' id='word_1_195' title='bbox 1118 1829 1243 1883; x_wconf 90' lang='lat' dir='ltr'>petit,</span> <span class='ocrx_word' id='word_1_196' title='bbox 1263 1829 1378 1884; x_wconf 89' lang='lat' dir='ltr'>quod</span> <span class='ocrx_word' id='word_1_197' title='bbox 1400 1829 1459 1870; x_wconf 91' lang='lat' dir='ltr'>ibi</span> <span class='ocrx_word' id='word_1_198' title='bbox 1476 1828 1608 1872; x_wconf 87' lang='lat' dir='ltr'>Anna</span> 
     </span>
     <span class='ocr_line' id='line_1_25' title="bbox 186 1896 1608 1953; baseline 0.003 -16"><span class='ocrx_word' id='word_1_199' title='bbox 186 1896 388 1939; x_wconf 83' lang='lat' dir='ltr'>Perenna</span> <span class='ocrx_word' id='word_1_200' title='bbox 421 1898 599 1939; x_wconf 89' lang='lat' dir='ltr'>colatur.</span> <span class='ocrx_word' id='word_1_201' title='bbox 665 1898 755 1940; x_wconf 89' lang='lat' dir='ltr'>Nec</span> <span class='ocrx_word' id='word_1_202' title='bbox 789 1897 891 1939; x_wconf 73' lang='lat' dir='ltr'>mihi</span> <span class='ocrx_word' id='word_1_203' title='bbox 918 1912 1067 1953; x_wconf 69' lang='lat' dir='ltr'>parva</span> <span class='ocrx_word' id='word_1_204' title='bbox 1082 1897 1211 1952; x_wconf 77' lang='lat' dir='ltr'>fideS,</span> <span class='ocrx_word' id='word_1_205' title='bbox 1238 1913 1371 1939; x_wconf 81' lang='lat' dir='ltr'>annos</span> <span class='ocrx_word' id='word_1_206' title='bbox 1400 1898 1498 1940; x_wconf 75' lang='lat' dir='ltr'>hinc</span> <span class='ocrx_word' id='word_1_207' title='bbox 1528 1900 1608 1942; x_wconf 79' lang='lat' dir='ltr'>isse</span> 
     </span>
     <span class='ocr_line' id='line_1_26' title="bbox 179 1967 1606 2025; baseline 0.002 -17"><span class='ocrx_word' id='word_1_208' title='bbox 179 1967 363 2021; x_wconf 80' lang='lat' dir='ltr'>priores,</span> <span class='ocrx_word' id='word_1_209' title='bbox 386 1969 519 2009; x_wconf 81' lang='lat' dir='ltr'>Anna</span> <span class='ocrx_word' id='word_1_210' title='bbox 544 1968 658 2025; x_wconf 82' lang='lat' dir='ltr'>quod</span> <span class='ocrx_word' id='word_1_211' title='bbox 682 1968 758 2009; x_wconf 82' lang='grc' dir='ltr'><strong><em>Ιιοσ</em></strong></span> <span class='ocrx_word' id='word_1_212' title='bbox 782 1973 921 2023; x_wconf 78' lang='lat' dir='ltr'>coepta</span> <span class='ocrx_word' id='word_1_213' title='bbox 950 1974 1011 2008; x_wconf 81' lang='lat' dir='ltr'>est</span> <span class='ocrx_word' id='word_1_214' title='bbox 1041 1983 1174 2009; x_wconf 77' lang='lat' dir='ltr'>mense</span> <span class='ocrx_word' id='word_1_215' title='bbox 1196 1968 1401 2010; x_wconf 82' lang='lat' dir='ltr'>Perenna</span> <span class='ocrx_word' id='word_1_216' title='bbox 1425 1969 1532 2017; x_wconf 81' lang='lat' dir='ltr'>coli,·</span> <span class='ocrx_word' id='word_1_217' title='bbox 1563 1970 1606 2011; x_wconf 89' lang='lat' dir='ltr'>in</span> 
     </span>
     <span class='ocr_line' id='line_1_27' title="bbox 185 2037 1607 2094; baseline 0.004 -17"><span class='ocrx_word' id='word_1_218' title='bbox 185 2051 270 2090; x_wconf 87' lang='lat' dir='ltr'>qua</span> <span class='ocrx_word' id='word_1_219' title='bbox 292 2045 641 2093; x_wconf 86' lang='lat' dir='ltr'>argumentorum</span> <span class='ocrx_word' id='word_1_220' title='bbox 665 2039 776 2079; x_wconf 89' lang='lat' dir='ltr'>serie</span> <span class='ocrx_word' id='word_1_221' title='bbox 799 2038 973 2079; x_wconf 84' lang='lat' dir='ltr'>eosdem</span> <span class='ocrx_word' id='word_1_222' title='bbox 993 2052 1088 2079; x_wconf 88' lang='lat' dir='ltr'>curn</span> <span class='ocrx_word' id='word_1_223' title='bbox 1109 2037 1334 2079; x_wconf 87' lang='lat' dir='ltr'>Macrobio</span> <span class='ocrx_word' id='word_1_224' title='bbox 1355 2038 1400 2090; x_wconf 91' lang='lat' dir='ltr'>(i.</span> <span class='ocrx_word' id='word_1_225' title='bbox 1419 2038 1490 2080; x_wconf 78' lang='lat'>12.</span> <span class='ocrx_word' id='word_1_226' title='bbox 1508 2046 1607 2094; x_wconf 90' lang='lat' dir='ltr'>post</span> 
     </span>
     <span class='ocr_line' id='line_1_28' title="bbox 182 2105 1603 2163; baseline 0.004 -18"><span class='ocrx_word' id='word_1_227' title='bbox 182 2105 294 2156; x_wconf 87' lang='lat' dir='ltr'>init.)</span> <span class='ocrx_word' id='word_1_228' title='bbox 315 2107 470 2157; x_wconf 91' lang='lat' dir='ltr'>fontes,</span> <span class='ocrx_word' id='word_1_229' title='bbox 491 2107 604 2148; x_wconf 89' lang='lat' dir='ltr'>haud</span> <span class='ocrx_word' id='word_1_230' title='bbox 626 2107 755 2149; x_wconf 91' lang='lat' dir='ltr'>dubie</span> <span class='ocrx_word' id='word_1_231' title='bbox 777 2106 1074 2163; x_wconf 85' lang='lat' dir='ltr'>fastographos</span> <span class='ocrx_word' id='word_1_232' title='bbox 1092 2106 1184 2148; x_wconf 89' lang='lat' dir='ltr'>illos</span> <span class='ocrx_word' id='word_1_233' title='bbox 1206 2107 1310 2161; x_wconf 91' lang='lat' dir='ltr'>(vid.</span> <span class='ocrx_word' id='word_1_234' title='bbox 1329 2123 1423 2163; x_wconf 83' lang='lat' dir='ltr'>sup.</span> <span class='ocrx_word' id='word_1_235' title='bbox 1443 2123 1484 2163; x_wconf 91' lang='lat' dir='ltr'>p.</span> <span class='ocrx_word' id='word_1_236' title='bbox 1502 2109 1603 2150; x_wconf 87' lang='grc'><strong><em>454.</em></strong></span> 
     </span>
     <span class='ocr_line' id='line_1_29' title="bbox 185 2174 1603 2232; baseline 0.002 -16"><span class='ocrx_word' id='word_1_237' title='bbox 185 2174 297 2217; x_wconf 79' lang='lat' dir='ltr'>Exc.</span> <span class='ocrx_word' id='word_1_238' title='bbox 324 2176 370 2227; x_wconf 85' lang='lat' dir='ltr'>i.)</span> <span class='ocrx_word' id='word_1_239' title='bbox 399 2177 609 2232; x_wconf 85' lang='lat' dir='ltr'>respexit.</span> <span class='ocrx_word' id='word_1_240' title='bbox 674 2176 797 2218; x_wconf 88' lang='lat' dir='ltr'>Inter</span> <span class='ocrx_word' id='word_1_241' title='bbox 829 2176 933 2218; x_wconf 89' lang='lat' dir='ltr'>alios</span> <span class='ocrx_word' id='word_1_242' title='bbox 969 2176 1232 2231; x_wconf 89' lang='lat' dir='ltr'>antiquiores</span> <span class='ocrx_word' id='word_1_243' title='bbox 1264 2176 1377 2218; x_wconf 83' lang='lat' dir='ltr'>Latii</span> <span class='ocrx_word' id='word_1_244' title='bbox 1404 2177 1508 2219; x_wconf 88' lang='lat' dir='ltr'>deos</span> <span class='ocrx_word' id='word_1_245' title='bbox 1538 2192 1603 2220; x_wconf 91' lang='lat' dir='ltr'>re-</span> 
     </span>
     <span class='ocr_line' id='line_1_30' title="bbox 185 2245 1601 2297; baseline 0.003 -12"><span class='ocrx_word' id='word_1_246' title='bbox 185 2251 386 2286; x_wconf 86' lang='lat' dir='ltr'>censetur</span> <span class='ocrx_word' id='word_1_247' title='bbox 427 2245 489 2287; x_wconf 89' lang='lat' dir='ltr'>his</span> <span class='ocrx_word' id='word_1_248' title='bbox 532 2245 739 2288; x_wconf 89' lang='lat' dir='ltr'>Varronis</span> <span class='ocrx_word' id='word_1_249' title='bbox 779 2246 998 2287; x_wconf 89' lang='lat' dir='ltr'>versibus:</span> <span class='ocrx_word' id='word_1_250' title='bbox 1041 2251 1084 2286; x_wconf 90' lang='lat' dir='ltr'>te</span> <span class='ocrx_word' id='word_1_251' title='bbox 1127 2245 1258 2287; x_wconf 86' lang='lat' dir='ltr'>Anna</span> <span class='ocrx_word' id='word_1_252' title='bbox 1297 2252 1342 2287; x_wconf 91' lang='lat' dir='ltr'>et</span> <span class='ocrx_word' id='word_1_253' title='bbox 1385 2245 1601 2297; x_wconf 88' lang='lat' dir='ltr'>Perenna,</span> 
     </span>
     <span class='ocr_line' id='line_1_31' title="bbox 183 2314 1602 2366; baseline 0.003 -11"><span class='ocrx_word' id='word_1_254' title='bbox 183 2314 338 2356; x_wconf 85' lang='lat' dir='ltr'>Panda</span> <span class='ocrx_word' id='word_1_255' title='bbox 377 2320 435 2354; x_wconf 77' lang='grc' dir='ltr'>καὶ</span> <span class='ocrx_word' id='word_1_256' title='bbox 476 2320 572 2354; x_wconf 72' lang='grc' dir='ltr'>’Λάτω</span> <span class='ocrx_word' id='word_1_257' title='bbox 611 2316 754 2366; x_wconf 83' lang='lat' dir='ltr'>Pales,</span> <span class='ocrx_word' id='word_1_258' title='bbox 794 2315 1027 2365; x_wconf 85' lang='lat' dir='ltr'>Nerienes,</span> <span class='ocrx_word' id='word_1_259' title='bbox 1069 2315 1280 2365; x_wconf 84' lang='lat' dir='ltr'>Minerva,</span> <span class='ocrx_word' id='word_1_260' title='bbox 1321 2316 1515 2359; x_wconf 89' lang='lat' dir='ltr'>Fortuna</span> <span class='ocrx_word' id='word_1_261' title='bbox 1553 2331 1602 2359; x_wconf 88' lang='lat' dir='ltr'>ac</span> 
     </span>
     <span class='ocr_line' id='line_1_32' title="bbox 185 2384 336 2425; baseline 0.007 -1"><span class='ocrx_word' id='word_1_262' title='bbox 185 2384 336 2425; x_wconf 75' lang='lat' dir='ltr'>Ceres,</span> 
     </span>
    </p>

    <p class='ocr_par' dir='ltr' id='par_1_5' title="bbox 181 2453 1601 2787">
     <span class='ocr_line' id='line_1_33' title="bbox 246 2453 1600 2511; baseline 0.004 -18"><span class='ocrx_word' id='word_1_263' title='bbox 246 2453 390 2508; x_wconf 77' lang='lat' dir='ltr'>[psum</span> <span class='ocrx_word' id='word_1_264' title='bbox 421 2469 575 2495; x_wconf 86' lang='lat' dir='ltr'>nornen</span> <span class='ocrx_word' id='word_1_265' title='bbox 605 2471 729 2511; x_wconf 83' lang='lat' dir='ltr'>aeque</span> <span class='ocrx_word' id='word_1_266' title='bbox 759 2471 808 2497; x_wconf 87' lang='lat' dir='ltr'>ac</span> <span class='ocrx_word' id='word_1_267' title='bbox 835 2471 972 2497; x_wconf 75' lang='lat' dir='ltr'>annus</span> <span class='ocrx_word' id='word_1_268' title='bbox 998 2470 1093 2498; x_wconf 84' lang='lat' dir='ltr'>esse</span> <span class='ocrx_word' id='word_1_269' title='bbox 1121 2471 1145 2496; x_wconf 89' lang='lat' dir='ltr'>a</span> <span class='ocrx_word' id='word_1_270' title='bbox 1170 2457 1343 2498; x_wconf 87' lang='lat' dir='ltr'>notione</span> <span class='ocrx_word' id='word_1_271' title='bbox 1370 2457 1498 2506; x_wconf 89' lang='lat' dir='ltr'>orbis,</span> <span class='ocrx_word' id='word_1_272' title='bbox 1522 2458 1600 2499; x_wconf 88' lang='lat' dir='ltr'>cir-</span> 
     </span>
     <span class='ocr_line' id='line_1_34' title="bbox 182 2523 1600 2582; baseline 0.002 -17"><span class='ocrx_word' id='word_1_273' title='bbox 182 2523 336 2572; x_wconf 85' lang='lat' dir='ltr'>cuitus,</span> <span class='ocrx_word' id='word_1_274' title='bbox 376 2524 443 2564; x_wconf 88' lang='lat' dir='ltr'>cui</span> <span class='ocrx_word' id='word_1_275' title='bbox 486 2539 633 2566; x_wconf 86' lang='lat' dir='ltr'>omnes</span> <span class='ocrx_word' id='word_1_276' title='bbox 672 2525 763 2566; x_wconf 85' lang='lat' dir='ltr'>fere</span> <span class='ocrx_word' id='word_1_277' title='bbox 807 2524 952 2580; x_wconf 89' lang='lat' dir='ltr'>populi</span> <span class='ocrx_word' id='word_1_278' title='bbox 995 2540 1152 2566; x_wconf 88' lang='lat' dir='ltr'>annum</span> <span class='ocrx_word' id='word_1_279' title='bbox 1192 2526 1373 2567; x_wconf 87' lang='lat' dir='ltr'>similem</span> <span class='ocrx_word' id='word_1_280' title='bbox 1415 2525 1600 2582; x_wconf 84' lang='lat' dir='ltr'>fingunt,</span> 
     </span>
     <span class='ocr_line' id='line_1_35' title="bbox 181 2594 1599 2648; baseline 0.003 -15"><span class='ocrx_word' id='word_1_281' title='bbox 181 2608 432 2647; x_wconf 81' lang='lat' dir='ltr'>persuasum</span> <span class='ocrx_word' id='word_1_282' title='bbox 479 2595 577 2634; x_wconf 74' lang='lat' dir='ltr'>milii</span> <span class='ocrx_word' id='word_1_283' title='bbox 624 2600 703 2635; x_wconf 87' lang='lat' dir='ltr'>est.</span> <span class='ocrx_word' id='word_1_284' title='bbox 778 2594 949 2635; x_wconf 71' lang='lat' dir='ltr'>Voces:</span> <span class='ocrx_word' id='word_1_285' title='bbox 1002 2595 1156 2635; x_wconf 80' lang='lat' dir='ltr'>Annus</span> <span class='ocrx_word' id='word_1_286' title='bbox 1205 2601 1249 2635; x_wconf 85' lang='lat' dir='ltr'>et</span> <span class='ocrx_word' id='word_1_287' title='bbox 1288 2594 1488 2637; x_wconf 90' lang='lat' dir='ltr'>Annulus</span> <span class='ocrx_word' id='word_1_288' title='bbox 1536 2596 1599 2648; x_wconf 89' lang='lat' dir='ltr'>(id</span> 
     </span>
     <span class='ocr_line' id='line_1_36' title="bbox 181 2662 1601 2721; baseline 0.002 -18"><span class='ocrx_word' id='word_1_289' title='bbox 181 2670 261 2709; x_wconf 71' lang='lat' dir='ltr'>est,</span> <span class='ocrx_word' id='word_1_290' title='bbox 297 2662 463 2714; x_wconf 86' lang='lat' dir='ltr'>circuli)</span> <span class='ocrx_word' id='word_1_291' title='bbox 502 2664 587 2708; x_wconf 69' lang='grc' dir='ltr'>ἔτος,</span> <span class='ocrx_word' id='word_1_292' title='bbox 615 2667 777 2709; x_wconf 67' lang='grc' dir='ltr'>ἐνιαυτὸς,</span> <span class='ocrx_word' id='word_1_293' title='bbox 809 2664 930 2713; x_wconf 85' lang='lat' dir='ltr'>Jahr,</span> <span class='ocrx_word' id='word_1_294' title='bbox 966 2680 1069 2720; x_wconf 80' lang='lat' dir='ltr'>year</span> <span class='ocrx_word' id='word_1_295' title='bbox 1107 2665 1159 2706; x_wconf 85' lang='lat' dir='ltr'>ab</span> <span class='ocrx_word' id='word_1_296' title='bbox 1198 2666 1375 2720; x_wconf 87' lang='lat' dir='ltr'>antiquo</span> <span class='ocrx_word' id='word_1_297' title='bbox 1410 2680 1485 2721; x_wconf 83' lang='lat' dir='ltr'>yra</span> <span class='ocrx_word' id='word_1_298' title='bbox 1522 2666 1601 2707; x_wconf 89' lang='lat' dir='ltr'>cir—</span> 
     </span>
     <span class='ocr_line' id='line_1_37' title="bbox 181 2732 1597 2787; baseline 0.003 -15"><span class='ocrx_word' id='word_1_299' title='bbox 181 2732 312 2780; x_wconf 80' lang='lat' dir='ltr'>cuire,</span> <span class='ocrx_word' id='word_1_300' title='bbox 343 2732 433 2786; x_wconf 84' lang='lat' dir='ltr'>jam</span> <span class='ocrx_word' id='word_1_301' title='bbox 469 2740 769 2787; x_wconf 79' lang='lat' dir='ltr'>compararunt</span> <span class='ocrx_word' id='word_1_302' title='bbox 806 2735 990 2776; x_wconf 80' lang='lat' dir='ltr'>Brcdow</span> <span class='ocrx_word' id='word_1_303' title='bbox 1021 2743 1066 2777; x_wconf 87' lang='lat' dir='ltr'>ct</span> <span class='ocrx_word' id='word_1_304' title='bbox 1096 2735 1302 2785; x_wconf 83' lang='lat' dir='ltr'>Vossius;</span> <span class='ocrx_word' id='word_1_305' title='bbox 1337 2736 1413 2777; x_wconf 85' lang='lat' dir='ltr'>sed</span> <span class='ocrx_word' id='word_1_306' title='bbox 1447 2742 1491 2777; x_wconf 81' lang='lat' dir='ltr'>et</span> <span class='ocrx_word' id='word_1_307' title='bbox 1522 2750 1597 2776; x_wconf 82' lang='lat' dir='ltr'>cm-</span> 
     </span>
    </p>
   </div>
  </div>
 </body>
</html>
