1830 3220
540 145 893 189 FASTORUM
927 145 1048 188 LlB.
1083 146 1164 188 IV.
1477 149 1564 189 205

138 261 281 319 Filia,
308 263 566 311 consuetis
592 271 649 311 ut
674 271 782 312 erat
807 263 1050 312 comitata
1075 263 1277 328 puellis,
1465 266 1564 312 425

207 340 424 389 Errabat
448 341 585 388 nudo
613 358 703 406 per
729 358 821 390 sua
845 351 991 406 prata
1015 342 1164 407 pede.

134 417 282 468 Valle
308 419 404 467 sub
430 420 669 467 umbrosa
695 420 836 468 locus
864 428 958 477 est,
987 420 1292 485 adspergine
1318 420 1478 469 multa

206 497 404 546 Uvidus
431 515 496 547 ex
518 499 619 546 alto
646 498 930 547 desilientis
952 498 1119 563 aquae.

134 575 234 624 Tot
257 575 457 624 fuerant
481 576 600 634 illic,
625 584 752 640 quot
773 577 932 626 habet
956 584 1153 634 natura,
1177 578 1401 638 colores;

203 653 456 719 Pictaque
481 654 716 703 dissimili
741 655 863 704 flore
890 655 1087 704 nitebat
1112 656 1314 704 humus.

1463 659 1563 705 430

136 732 303 789 Quam
330 733 480 782 simul
508 734 773 799 adspexit3
819 734 1064 791 Comites,
1094 734 1340 791 accedite,
1368 735 1526 794 dixit3

206 811 273 860 Et
298 829 498 861 mecum
525 821 718 862 vestros
744 813 867 862 flore
892 814 1086 878 replete
1111 813 1269 861 sinus.

138 890 322 940 Praeda
346 892 601 956 puellares
629 892 822 941 animos
849 893 1099 958 prolectat
1124 892 1303 950 inanis,

206 969 276 1018 Et
300 987 401 1018 non
428 971 645 1019 sentitur
671 971 941 1020 sedulitate
968 972 1128 1019 labor.

139 1047 265 1097 Haec
290 1050 470 1115 implet
495 1052 634 1099 lento
659 1051 890 1099 calathos
917 1067 944 1099 e
971 1050 1156 1098 vimine
1181 1057 1379 1108 textos3

1467 1053 1565 1098 435

208 1127 335 1177 Haec
362 1130 629 1193 gremium,
653 1131 797 1179 laxos
823 1130 1067 1194 degravat
1093 1129 1177 1177 illa
1203 1129 1358 1177 sinus.

181 1292 256 1324 425.
269 1293 402 1329 Locum,
414 1291 500 1324 unde
515 1299 604 1335 rapta
617 1294 818 1337 Proserpina,

136 1353 175 1373 ex
204 1341 334 1385 ingenio
363 1354 420 1375 suo
448 1342 601 1374 describit
628 1345 765 1376 Metam.
791 1356 818 1375 ν.

137 1393 202 1424 385
214 1403 303 1435 sqq.;
320 1403 336 1424 e
353 1393 398 1425 rei
414 1399 529 1425 natura
539 1393 611 1425 Cic.
625 1393 711 1426 dicto
726 1395 796 1426 loco
810 1407 816 1425 ε

136 1446 156 1460 “
173 1443 212 1473 In
230 1443 300 1475 loco
315 1454 438 1475 summo
458 1450 506 1475 est
521 1450 649 1487 aequata
665 1444 731 1486 agri
748 1445 816 1487 pla-

138 1493 245 1531 nities,
262 1499 295 1525 et
319 1505 410 1536 aquae
433 1505 600 1537 perennes.
647 1495 728 1526 Tota
745 1506 818 1528 vero

137 1544 177 1575 ab
200 1543 286 1575 omni
315 1543 404 1576 aditu
432 1545 622 1577 circumcisa
648 1552 745 1588 atque
768 1545 815 1576 di-

136 1600 238 1626 remta
253 1600 320 1627 est:
347 1606 444 1638 quam
466 1595 553 1627 circa
574 1596 663 1627 lacus
686 1596 816 1638 lucique

137 1650 212 1677 suut
236 1645 376 1688 plurimi,
393 1651 425 1677 et
445 1646 599 1677 laetissimi
620 1646 711 1678 flores
733 1646 818 1677 omni

138 1700 280 1738 tempore
318 1695 429 1727 anni.’'
485 1695 579 1727 Conf.
616 1702 649 1727 et
686 1695 819 1727 Diodor.

137 1745 236 1777 Sicul.
251 1757 283 1777 v.
295 1757 326 1789 p.
342 1747 420 1777 287.
453 1745 582 1777 Florum
598 1756 726 1788 genera,
740 1758 820 1789 quos

137 1795 278 1839 collegit,
292 1803 497 1828 recensentur
521 1796 554 1828 in
578 1796 668 1838 hym.
686 1797 819 1829 Homer.

138 1857 204 1878 ver.
229 1849 249 1878 5
279 1858 351 1890 sqq.
397 1847 514 1879 Noster
543 1847 683 1878 suaviter
712 1849 822 1879 colores

140 1902 245 1934 vocat,
261 1897 356 1940 eique
373 1899 443 1929 voci
467 1898 549 1929 bene
565 1898 713 1929 convenit
725 1900 821 1938 picta.

141 1947 252 1988 Nive-ere
267 1958 340 1979 vero
356 1958 440 1979 nunc
458 1958 520 1979 non
536 1948 640 1978 minus
659 1947 822 1990 eleganter

139 1997 274 2035 dictum,
299 2008 396 2040 quam
427 1999 591 2035 renidere5
615 1999 753 2030 Metam.
779 1998 820 2030 vi.

139 2049 204 2080 65:
232 2053 252 2066 ‘⁸
270 2048 310 2079 In
339 2059 403 2091 quo
431 2047 547 2080 diversi
575 2049 699 2079 niteant
722 2059 821 2091 quum

140 2097 228 2130 mille
249 2097 416 2138 colores;''
442 2109 494 2129 xv.
508 2098 588 2129 202:
615 2103 635 2115 “
654 2098 752 2129 herba
773 2098 820 2129 ni-

139 2148 249 2180 tens.''
289 2148 404 2191 Neque
420 2159 496 2190 ager
512 2154 637 2180 tantum
652 2149 758 2180 cultus
768 2151 818 2180 ηἰ-

141 2200 224 2230 tidus
239 2198 365 2236 dicitur,
383 2198 455 2231 Cic.
474 2199 567 2230 Vei-r.
584 2198 631 2230 iii.
652 2200 705 2230 18.
717 2198 773 2230 sed
789 2204 821 2230 et

138 2249 171 2280 in
194 2251 338 2290 picturis,
362 2248 448 2281 unde
471 2259 557 2281 nunc
581 2255 686 2281 sumta
714 2250 821 2287 verba,

141 2299 206 2331 alia
232 2303 333 2332 nitida
363 2305 448 2337 sunt,
480 2300 545 2332 alia
574 2299 722 2340 horrida3
747 2299 820 2332 Cic.

141 2350 233 2381 Orat.
244 2349 266 2382 i.
285 2352 334 2382 18.
381 2350 550 2381 Dissimiles
565 2349 682 2382 varius.

186 2401 264 2431 431.
289 2400 435 2443 Pampho
455 2405 596 2437 auctore,
618 2410 712 2442 quem
730 2399 821 2431 dein-

142 2461 219 2493 ceps
234 2449 342 2482 caeteri
357 2449 457 2482 secuti
473 2456 559 2487 sunt,
571 2456 663 2492 rapta
678 2455 726 2481 est
742 2449 819 2481 παί-

141 2501 246 2537 ζουσα
261 2501 315 2532 καὶ
334 2501 422 2540 ἄνθη
444 2499 667 2543 συλλέγουσα.
714 2500 823 2531 Mores

142 2558 251 2584 autem
279 2558 311 2583 et
342 2550 446 2582 studia
478 2551 631 2582 comitum
659 2550 740 2582 bene
769 2550 822 2582 hic

142 2608 266 2639 notata,
290 2607 326 2633 ut
347 2603 484 2633 Metam.
505 2613 538 2632 v.
565 2602 626 2633 391
651 2611 700 2643 sq.
723 2600 824 2643 ipsius

142 2652 341 2696 Proserpinae
365 2651 531 2684 sedulitas.
583 2651 712 2682 Comites
735 2657 768 2683 et
790 2651 824 2683 in

144 2704 263 2745 hymno
286 2703 415 2735 Homer.
432 2713 497 2734 ver.
512 2704 544 2734 5.
559 2701 677 2734 dantur
697 2701 821 2734 Oceani

145 2754 230 2792 filiae,
247 2754 303 2787 sed
319 2765 385 2786 ver.
401 2754 476 2786 424.
499 2753 648 2786 Minerva
669 2758 701 2785 et
717 2752 824 2785 Diana

890 1293 1065 1330 adduntur,
1084 1305 1156 1336 quae
1173 1300 1205 1326 et
1220 1294 1296 1337 ipsae
1308 1294 1457 1336 virgines.
1483 1294 1568 1324 Prae-

889 1346 929 1375 da
951 1347 1053 1375 inanis
1070 1344 1213 1387 jucunde
1232 1344 1272 1375 de
1288 1344 1417 1376 floribus
1436 1344 1568 1386 decerp-

888 1394 943 1426 tis.
994 1395 1064 1426 Non
1090 1397 1235 1432 sentitur,
1259 1401 1321 1427 etc.
1346 1396 1430 1426 Met.
1448 1394 1491 1427 vi.
1514 1394 1568 1425 60.

888 1445 1138 1486 studiofallenle
1155 1446 1295 1476 laborem.

933 1496 1011 1526 435.
1037 1496 1088 1527 De
1120 1496 1250 1526 calathis
1275 1495 1315 1527 ad
1345 1495 1428 1526 Met.
1454 1495 1496 1526 iv.
1518 1496 1568 1528 10.

887 1545 926 1576 In
949 1545 987 1576 iis
1013 1545 1110 1577 etiam
1130 1546 1219 1588 Virg.
1235 1546 1305 1577 Ecl.
1324 1545 1358 1577 ii.
1387 1547 1443 1577 46.
1465 1546 1567 1588 Nym-

886 1595 958 1639 phae
979 1596 1071 1628 flores
1088 1596 1202 1628 ferunt.
1250 1596 1410 1628 Gremium
1428 1602 1460 1628 et
1475 1598 1570 1633 sinus,

887 1651 923 1678 ut
938 1646 1138 1688 grammatici
1150 1646 1278 1683 docent,
1294 1646 1339 1678 ita
1354 1646 1516 1683 differunt,
1534 1653 1570 1678 ut

889 1699 973 1727 sinus
995 1695 1035 1727 sit
1058 1696 1140 1728 inter
1154 1695 1291 1739 pectoris
1305 1702 1338 1728 et
1351 1695 1566 1735 brachiorum,

888 1748 1039 1790 gremium
1067 1746 1148 1778 inter
1174 1747 1327 1778 femorum
1357 1747 1571 1790 complexum.

891 1797 990 1828 Laxos
1010 1799 1096 1828 sinus
1111 1796 1274 1828 habebant
1292 1796 1516 1837 βαθύκολποι,
1534 1804 1571 1829 ut

891 1858 910 1878 a
942 1846 1046 1890 poetis
1075 1846 1199 1878 Graecis
1228 1852 1394 1883 vocantur,
1426 1853 1457 1878 et
1492 1847 1569 1890 ipsae

891 1897 1089 1940 Proserpina-3
1127 1898 1260 1928 comites
1296 1897 1408 1939 hymn.
1440 1898 1571 1930 Homer.

892 1959 958 1980 ver.
969 1950 1001 1980 5.
1049 1948 1161 1979 Caltha
1176 1948 1209 1979 in
1224 1947 1353 1979 floribus
1368 1948 1487 1991 passim
1502 1959 1569 1980 me-

891 2004 1043 2034 moratur,
1078 2003 1114 2029 ut
1145 1997 1260 2040 Virgil.
1295 1998 1406 2041 Eclog.
1435 1998 1470 2030 ii.
1500 2000 1568 2031 50:

892 2053 912 2066 “
931 2047 1045 2080 Mollia
1067 2046 1186 2080 luteola
1209 2046 1314 2090 pingit
1333 2047 1478 2080 vaccinia
1504 2049 1570 2080 cal-

891 2098 981 2135 tha‚''
1005 2097 1060 2130 ubi
1083 2097 1156 2129 vide
1181 2097 1317 2129 Martin.
1342 2098 1479 2136 Plinius,
1503 2099 1570 2131 xxi.

894 2149 944 2181 15.
958 2155 1129 2191 postquam
1150 2159 1168 2180 e
1183 2147 1277 2179 violis
1298 2148 1392 2180 luteis
1415 2149 1570 2182 marinam

889 2198 1060 2242 descripsit
1073 2204 1105 2230 et
1118 2198 1334 2230 calathianam
1346 2199 1468 2230 minuto
1481 2199 1569 2238 folio,

890 2249 1011 2293 pergit:
1038 2254 1058 2267 “
1075 2249 1226 2280 Proxima
1247 2248 1276 2280 ei
1299 2249 1410 2281 caltha
1428 2256 1476 2281 est
1495 2261 1569 2282 con-

891 2299 988 2332 colori
1026 2299 1250 2342 amplitudine.
1298 2300 1409 2332 Vincit
1441 2311 1573 2333 numero

890 2350 1037 2382 foliorum
1052 2349 1221 2387 marinam,
1233 2350 1376 2393 quinque
1399 2361 1462 2383 non
1479 2362 1574 2383 exce-

892 2400 1033 2432 dentem.
1079 2399 1200 2431 Eadem
1217 2400 1312 2432 odore
1330 2407 1508 2443 superatur,
1525 2408 1573 2434 est

892 2451 977 2482 enim
1000 2450 1106 2493 gravis
1131 2450 1285 2482 calthae.’'
1331 2451 1409 2482 Esse
1440 2461 1511 2482 eam
1539 2457 1571 2483 et

890 2501 993 2544 ipsam
1008 2511 1026 2532 e
1042 2511 1158 2542 genere
1169 2499 1324 2532 violarum
1339 2500 1510 2538 lutearum,
1526 2501 1570 2534 ibi

892 2551 987 2583 docet
1009 2550 1167 2582 Harduin.
1218 2551 1364 2588 Violaria,
1384 2551 1457 2583 loca
1478 2552 1570 2583 violis

893 2601 1027 2638 consita,
1057 2611 1142 2632 nunc
1179 2599 1258 2643 ipsae
1295 2600 1400 2633 violae.
1462 2601 1569 2639 Comoe,

893 2650 969 2683 folia
1002 2656 1034 2683 et
1070 2651 1162 2682 flores
1188 2651 1369 2693 plantarum
1399 2650 1571 2691 dicuntur3

893 2700 1046 2744 Calpurn.
1062 2700 1135 2732 Ecl.
1153 2699 1187 2732 ii.
1201 2701 1243 2732 32
1257 2713 1263 2732 ;
1288 2704 1310 2718 “
1326 2700 1371 2731 At
1386 2699 1462 2730 mihi
1476 2699 1569 2731 Flora

892 2761 1000 2782 comas
1024 2749 1159 2794 parienti
1177 2749 1321 2793 gramine
1344 2749 1498 2793 spargit,''
1514 2749 1570 2782 ubi
