<?xml version="1.0" encoding="UTF-8"?>
<!DOCTYPE html PUBLIC "-//W3C//DTD XHTML 1.0 Transitional//EN"
    "http://www.w3.org/TR/xhtml1/DTD/xhtml1-transitional.dtd">
<html xmlns="http://www.w3.org/1999/xhtml" xml:lang="en" lang="en">
 <head>
  <title>
</title>
<meta http-equiv="Content-Type" content="text/html;charset=utf-8" />
  <meta name='ocr-system' content='tesseract 3.04.00' />
  <meta name='ocr-capabilities' content='ocr_page ocr_carea ocr_par ocr_line ocrx_word'/>
</head>
<body>
  <div class='ocr_page' id='page_1' title='image "./povidiinasonisop05oviduoft_0432.png"; bbox 0 0 1809 3220; ppageno 0'>
   <div class='ocr_carea' id='block_1_1' title="bbox 211 166 1098 210">
    <p class='ocr_par' dir='ltr' id='par_1_1' title="bbox 211 166 1098 210">
     <span class='ocr_line' id='line_1_1' title="bbox 211 166 1098 210; baseline 0.005 -4"><span class='ocrx_word' id='word_1_1' title='bbox 211 166 297 206; x_wconf 73' lang='lat'>404</span> <span class='ocrx_word' id='word_1_2' title='bbox 748 166 1098 210; x_wconf 88' lang='lat' dir='ltr'>EXCURSUS</span> 
     </span>
    </p>
   </div>
   <div class='ocr_carea' id='block_1_2' title="bbox 210 283 1641 743">
    <p class='ocr_par' dir='ltr' id='par_1_2' title="bbox 210 283 1641 743">
     <span class='ocr_line' id='line_1_2' title="bbox 273 283 1640 334; baseline 0.001 -10"><span class='ocrx_word' id='word_1_3' title='bbox 273 283 537 325; x_wconf 84' lang='lat' dir='ltr'>Persuasum</span> <span class='ocrx_word' id='word_1_4' title='bbox 573 283 674 325; x_wconf 88' lang='lat' dir='ltr'>inde</span> <span class='ocrx_word' id='word_1_5' title='bbox 712 284 815 326; x_wconf 90' lang='lat' dir='ltr'>mihi</span> <span class='ocrx_word' id='word_1_6' title='bbox 850 284 1002 334; x_wconf 91' lang='lat' dir='ltr'>habeo,</span> <span class='ocrx_word' id='word_1_7' title='bbox 1040 285 1262 327; x_wconf 87' lang='lat' dir='ltr'>Romanos</span> <span class='ocrx_word' id='word_1_8' title='bbox 1305 283 1418 325; x_wconf 88' lang='lat' dir='ltr'>hunc</span> <span class='ocrx_word' id='word_1_9' title='bbox 1460 297 1640 332; x_wconf 86' lang='lat' dir='ltr'>morem,</span> 
     </span>
     <span class='ocr_line' id='line_1_3' title="bbox 212 352 1641 404; baseline 0 -10"><span class='ocrx_word' id='word_1_10' title='bbox 212 352 323 394; x_wconf 80' lang='lat' dir='ltr'>votis</span> <span class='ocrx_word' id='word_1_11' title='bbox 354 358 397 393; x_wconf 89' lang='lat' dir='ltr'>et</span> <span class='ocrx_word' id='word_1_12' title='bbox 430 353 624 394; x_wconf 84' lang='lat' dir='ltr'>decumis</span> <span class='ocrx_word' id='word_1_13' title='bbox 652 353 694 394; x_wconf 92' lang='lat' dir='ltr'>in</span> <span class='ocrx_word' id='word_1_14' title='bbox 717 353 923 396; x_wconf 81' lang='lat' dir='ltr'>Herculis</span> <span class='ocrx_word' id='word_1_15' title='bbox 954 369 1028 396; x_wconf 88' lang='lat' dir='ltr'>ara</span> <span class='ocrx_word' id='word_1_16' title='bbox 1056 354 1223 404; x_wconf 88' lang='lat' dir='ltr'>oblatis,</span> <span class='ocrx_word' id='word_1_17' title='bbox 1248 353 1418 395; x_wconf 86' lang='lat' dir='ltr'>divitias</span> <span class='ocrx_word' id='word_1_18' title='bbox 1444 353 1496 395; x_wconf 92' lang='lat' dir='ltr'>ab</span> <span class='ocrx_word' id='word_1_19' title='bbox 1522 352 1641 394; x_wconf 91' lang='lat' dir='ltr'>Her-</span> 
     </span>
     <span class='ocr_line' id='line_1_4' title="bbox 212 420 1641 479; baseline 0.001 -17"><span class='ocrx_word' id='word_1_20' title='bbox 212 420 308 462; x_wconf 86' lang='lat' dir='ltr'>cule</span> <span class='ocrx_word' id='word_1_21' title='bbox 331 422 581 476; x_wconf 75' lang='lat' dir='ltr'>expetendi,</span> <span class='ocrx_word' id='word_1_22' title='bbox 606 422 734 477; x_wconf 89' lang='lat' dir='ltr'>eique</span> <span class='ocrx_word' id='word_1_23' title='bbox 765 438 893 478; x_wconf 88' lang='lat' dir='ltr'>opum</span> <span class='ocrx_word' id='word_1_24' title='bbox 924 429 968 464; x_wconf 89' lang='lat' dir='ltr'>et</span> <span class='ocrx_word' id='word_1_25' title='bbox 997 424 1181 465; x_wconf 84' lang='lat' dir='ltr'>fortunae</span> <span class='ocrx_word' id='word_1_26' title='bbox 1207 423 1456 479; x_wconf 85' lang='lat' dir='ltr'>praesidium</span> <span class='ocrx_word' id='word_1_27' title='bbox 1482 423 1641 464; x_wconf 85' lang='lat' dir='ltr'>adscri-</span> 
     </span>
     <span class='ocr_line' id='line_1_5' title="bbox 211 491 1641 548; baseline 0 -16"><span class='ocrx_word' id='word_1_28' title='bbox 211 491 356 538; x_wconf 87' lang='lat' dir='ltr'>bendi,</span> <span class='ocrx_word' id='word_1_29' title='bbox 380 492 741 547; x_wconf 81' lang='lat' dir='ltr'>quandocumque</span> <span class='ocrx_word' id='word_1_30' title='bbox 770 493 822 533; x_wconf 93' lang='lat' dir='ltr'>ab</span> <span class='ocrx_word' id='word_1_31' title='bbox 852 492 930 534; x_wconf 84' lang='lat' dir='ltr'>hoc</span> <span class='ocrx_word' id='word_1_32' title='bbox 954 493 1212 534; x_wconf 87' lang='lat' dir='ltr'>Phoenicum</span> <span class='ocrx_word' id='word_1_33' title='bbox 1241 507 1358 534; x_wconf 89' lang='lat' dir='ltr'>more</span> <span class='ocrx_word' id='word_1_34' title='bbox 1380 493 1563 548; x_wconf 88' lang='lat' dir='ltr'>petiise;</span> <span class='ocrx_word' id='word_1_35' title='bbox 1596 497 1641 532; x_wconf 92' lang='lat' dir='ltr'>et</span> 
     </span>
     <span class='ocr_line' id='line_1_6' title="bbox 211 560 1639 618; baseline 0.001 -17"><span class='ocrx_word' id='word_1_36' title='bbox 211 566 330 602; x_wconf 83' lang='lat' dir='ltr'>certe</span> <span class='ocrx_word' id='word_1_37' title='bbox 353 560 420 602; x_wconf 85' lang='lat' dir='ltr'>hic</span> <span class='ocrx_word' id='word_1_38' title='bbox 446 576 536 603; x_wconf 91' lang='lat' dir='ltr'>mos</span> <span class='ocrx_word' id='word_1_39' title='bbox 557 576 682 616; x_wconf 86' lang='lat' dir='ltr'>aeque</span> <span class='ocrx_word' id='word_1_40' title='bbox 705 563 875 603; x_wconf 86' lang='lat' dir='ltr'>accedit</span> <span class='ocrx_word' id='word_1_41' title='bbox 895 578 1030 618; x_wconf 86' lang='lat' dir='ltr'>prope</span> <span class='ocrx_word' id='word_1_42' title='bbox 1052 563 1105 604; x_wconf 87' lang='lat' dir='ltr'>ad</span> <span class='ocrx_word' id='word_1_43' title='bbox 1124 563 1302 618; x_wconf 88' lang='lat' dir='ltr'>Tyrium</span> <span class='ocrx_word' id='word_1_44' title='bbox 1323 561 1442 603; x_wconf 90' lang='lat' dir='ltr'>illum</span> <span class='ocrx_word' id='word_1_45' title='bbox 1465 562 1639 604; x_wconf 88' lang='lat' dir='ltr'>Hercu-</span> 
     </span>
     <span class='ocr_line' id='line_1_7' title="bbox 210 630 1636 686; baseline 0.001 -15"><span class='ocrx_word' id='word_1_46' title='bbox 210 630 310 679; x_wconf 88' lang='lat' dir='ltr'>lem,</span> <span class='ocrx_word' id='word_1_47' title='bbox 335 645 464 686; x_wconf 90' lang='lat' dir='ltr'>quam</span> <span class='ocrx_word' id='word_1_48' title='bbox 486 631 636 686; x_wconf 84' lang='lat' dir='ltr'>procul</span> <span class='ocrx_word' id='word_1_49' title='bbox 659 646 758 673; x_wconf 90' lang='lat' dir='ltr'>eum</span> <span class='ocrx_word' id='word_1_50' title='bbox 781 631 1010 674; x_wconf 85' lang='lat' dir='ltr'>abhorrere</span> <span class='ocrx_word' id='word_1_51' title='bbox 1032 633 1084 673; x_wconf 91' lang='lat' dir='ltr'>ab</span> <span class='ocrx_word' id='word_1_52' title='bbox 1109 632 1239 674; x_wconf 90' lang='lat' dir='ltr'>heroe</span> <span class='ocrx_word' id='word_1_53' title='bbox 1270 631 1342 673; x_wconf 93' lang='lat' dir='ltr'>illo</span> <span class='ocrx_word' id='word_1_54' title='bbox 1365 630 1525 674; x_wconf 83' lang='lat' dir='ltr'>Graeco</span> <span class='ocrx_word' id='word_1_55' title='bbox 1548 645 1636 673; x_wconf 90' lang='lat' dir='ltr'>om-</span> 
     </span>
     <span class='ocr_line' id='line_1_8' title="bbox 211 699 555 743; baseline 0.012 -4"><span class='ocrx_word' id='word_1_56' title='bbox 211 714 288 740; x_wconf 87' lang='lat' dir='ltr'>nes</span> <span class='ocrx_word' id='word_1_57' title='bbox 311 699 555 743; x_wconf 72' lang='lat' dir='ltr'>videruntk.</span> 
     </span>
    </p>
   </div>
   <div class='ocr_carea' id='block_1_3' title="bbox 643 954 1211 1004">
    <p class='ocr_par' dir='ltr' id='par_1_3' title="bbox 643 954 1211 1004">
     <span class='ocr_line' id='line_1_9' title="bbox 643 954 1211 1004; baseline 0.002 -1"><span class='ocrx_word' id='word_1_58' title='bbox 643 954 1093 1004; x_wconf 84' lang='lat' dir='ltr'>EXCURSUS</span> <span class='ocrx_word' id='word_1_59' title='bbox 1148 956 1211 1004; x_wconf 91' lang='lat' dir='ltr'>V.</span> 
     </span>
    </p>
   </div>
   <div class='ocr_carea' id='block_1_4' title="bbox 232 1110 1621 1226">
    <p class='ocr_par' dir='ltr' id='par_1_4' title="bbox 232 1110 1621 1226">
     <span class='ocr_line' id='line_1_10' title="bbox 232 1110 1621 1160; baseline 0.004 -15"><span class='ocrx_word' id='word_1_60' title='bbox 232 1117 291 1145; x_wconf 88' lang='lat' dir='ltr'>DE</span> <span class='ocrx_word' id='word_1_61' title='bbox 324 1119 499 1148; x_wconf 76' lang='lat' dir='ltr'>RoMuLl</span> <span class='ocrx_word' id='word_1_62' title='bbox 534 1121 661 1149; x_wconf 74' lang='lat' dir='ltr'>ANNo</span> <span class='ocrx_word' id='word_1_63' title='bbox 696 1121 849 1150; x_wconf 84' lang='lat' dir='ltr'>DECEM</span> <span class='ocrx_word' id='word_1_64' title='bbox 884 1122 1092 1150; x_wconf 80' lang='lat' dir='ltr'>MENquM</span> <span class='ocrx_word' id='word_1_65' title='bbox 1126 1123 1184 1151; x_wconf 81' lang='grc' dir='ltr'>Αι)</span> <span class='ocrx_word' id='word_1_66' title='bbox 1217 1123 1395 1160; x_wconf 78' lang='lat' dir='ltr'>FAsTos,</span> <span class='ocrx_word' id='word_1_67' title='bbox 1424 1123 1490 1151; x_wconf 88' lang='lat'>111.</span> <span class='ocrx_word' id='word_1_68' title='bbox 1523 1110 1621 1151; x_wconf 70' lang='lat'>121.</span> 
     </span>
     <span class='ocr_line' id='line_1_11' title="bbox 825 1185 1029 1226; baseline 0.005 -1"><span class='ocrx_word' id='word_1_69' title='bbox 825 1198 882 1225; x_wconf 86' lang='lat' dir='ltr'>ET</span> <span class='ocrx_word' id='word_1_70' title='bbox 905 1198 934 1226; x_wconf 93' lang='lat'>1.</span> <span class='ocrx_word' id='word_1_71' title='bbox 957 1185 1029 1226; x_wconf 72' lang='lat'>28.</span> 
     </span>
    </p>
   </div>
   <div class='ocr_carea' id='block_1_5' title="bbox 373 1368 1439 1485">
    <p class='ocr_par' dir='ltr' id='par_1_5' title="bbox 373 1368 1439 1485">
     <span class='ocr_line' id='line_1_12' title="bbox 373 1368 1439 1421; baseline 0.003 -16"><span class='ocrx_word' id='word_1_72' title='bbox 373 1368 567 1420; x_wconf 84' lang='lat' dir='ltr'>Tempora</span> <span class='ocrx_word' id='word_1_73' title='bbox 587 1369 780 1420; x_wconf 82' lang='lat' dir='ltr'><strong>digereret</strong></span> <span class='ocrx_word' id='word_1_74' title='bbox 799 1383 921 1421; x_wconf 89' lang='lat' dir='ltr'>quum</span> <span class='ocrx_word' id='word_1_75' title='bbox 942 1368 1115 1407; x_wconf 85' lang='lat' dir='ltr'>conditor</span> <span class='ocrx_word' id='word_1_76' title='bbox 1137 1369 1255 1414; x_wconf 84' lang='lat' dir='ltr'>urbis,</span> <span class='ocrx_word' id='word_1_77' title='bbox 1277 1369 1318 1406; x_wconf 89' lang='lat' dir='ltr'>in</span> <span class='ocrx_word' id='word_1_78' title='bbox 1337 1383 1439 1408; x_wconf 82' lang='lat' dir='ltr'>anno</span> 
     </span>
     <span class='ocr_line' id='line_1_13' title="bbox 424 1432 1284 1485; baseline 0.001 -15"><span class='ocrx_word' id='word_1_79' title='bbox 424 1432 640 1471; x_wconf 81' lang='lat' dir='ltr'>Constituit</span> <span class='ocrx_word' id='word_1_80' title='bbox 660 1447 812 1472; x_wconf 85' lang='lat' dir='ltr'>menses</span> <span class='ocrx_word' id='word_1_81' title='bbox 832 1434 1004 1485; x_wconf 88' lang='lat' dir='ltr'>quinque</span> <span class='ocrx_word' id='word_1_82' title='bbox 1023 1433 1082 1472; x_wconf 83' lang='lat' dir='ltr'>bis</span> <span class='ocrx_word' id='word_1_83' title='bbox 1103 1448 1184 1472; x_wconf 87' lang='lat' dir='ltr'>esse</span> <span class='ocrx_word' id='word_1_84' title='bbox 1204 1448 1284 1472; x_wconf 88' lang='lat' dir='ltr'>suo.</span> 
     </span>
    </p>
   </div>
   <div class='ocr_carea' id='block_1_6' title="bbox 370 1525 1363 1537">
    <p class='ocr_par' dir='ltr' id='par_1_6' title="bbox 370 1525 1363 1537">
     <span class='ocr_line' id='line_1_14' title="bbox 370 1525 1363 1537; baseline 0.002 -4"><span class='ocrx_word' id='word_1_85' title='bbox 370 1525 1363 1537; x_wconf 71' lang='lat'><strong>·····················</strong></span> 
     </span>
    </p>
   </div>
   <div class='ocr_carea' id='block_1_7' title="bbox 369 1560 1496 1615">
    <p class='ocr_par' dir='ltr' id='par_1_7' title="bbox 369 1560 1496 1615">
     <span class='ocr_line' id='line_1_15' title="bbox 369 1560 1496 1615; baseline 0.001 -17"><span class='ocrx_word' id='word_1_86' title='bbox 369 1560 511 1600; x_wconf 87' lang='lat' dir='ltr'>Annus</span> <span class='ocrx_word' id='word_1_87' title='bbox 531 1569 628 1607; x_wconf 86' lang='lat' dir='ltr'>erat,</span> <span class='ocrx_word' id='word_1_88' title='bbox 650 1562 843 1601; x_wconf 87' lang='lat' dir='ltr'>decimum</span> <span class='ocrx_word' id='word_1_89' title='bbox 864 1577 984 1615; x_wconf 90' lang='lat' dir='ltr'>quum</span> <span class='ocrx_word' id='word_1_90' title='bbox 1004 1563 1098 1601; x_wconf 86' lang='lat' dir='ltr'>luna</span> <span class='ocrx_word' id='word_1_91' title='bbox 1117 1563 1333 1615; x_wconf 84' lang='lat' dir='ltr'>repleverat</span> <span class='ocrx_word' id='word_1_92' title='bbox 1352 1563 1496 1602; x_wconf 86' lang='lat' dir='ltr'>orbem.</span> 
     </span>
    </p>
   </div>
   <div class='ocr_carea' id='block_1_8' title="bbox 208 1664 1643 2156">
    <p class='ocr_par' dir='ltr' id='par_1_8' title="bbox 208 1664 1643 2156">
     <span class='ocr_line' id='line_1_16' title="bbox 210 1664 1642 1737; baseline 0.003 -17"><span class='ocrx_word' id='word_1_93' title='bbox 210 1680 248 1720; x_wconf 91' lang='grc' dir='ltr'>Ι.</span> <span class='ocrx_word' id='word_1_94' title='bbox 284 1664 660 1725; x_wconf 87' lang='lat' dir='ltr'>RATIONEM</span> <span class='ocrx_word' id='word_1_95' title='bbox 683 1696 709 1723; x_wconf 89' lang='lat' dir='ltr'>a</span> <span class='ocrx_word' id='word_1_96' title='bbox 729 1682 922 1737; x_wconf 85' lang='lat' dir='ltr'>plurimis</span> <span class='ocrx_word' id='word_1_97' title='bbox 946 1687 1144 1724; x_wconf 85' lang='lat' dir='ltr'>veterum</span> <span class='ocrx_word' id='word_1_98' title='bbox 1171 1679 1353 1731; x_wconf 86' lang='lat' dir='ltr'>initam¹,</span> <span class='ocrx_word' id='word_1_99' title='bbox 1377 1686 1426 1723; x_wconf 91' lang='lat' dir='ltr'>ut</span> <span class='ocrx_word' id='word_1_100' title='bbox 1450 1696 1642 1733; x_wconf 76' lang='lat' dir='ltr'>menses,</span> 
     </span>
     <span class='ocr_line' id='line_1_17' title="bbox 208 1750 1640 1807; baseline 0.003 -17"><span class='ocrx_word' id='word_1_101' title='bbox 208 1750 357 1805; x_wconf 86' lang='lat' dir='ltr'>quales</span> <span class='ocrx_word' id='word_1_102' title='bbox 381 1755 534 1805; x_wconf 89' lang='lat' dir='ltr'>postea</span> <span class='ocrx_word' id='word_1_103' title='bbox 555 1757 694 1801; x_wconf 87' lang='lat' dir='ltr'>erant,</span> <span class='ocrx_word' id='word_1_104' title='bbox 716 1751 888 1793; x_wconf 86' lang='lat' dir='ltr'>lunares</span> <span class='ocrx_word' id='word_1_105' title='bbox 911 1752 1176 1807; x_wconf 80' lang='lat' dir='ltr'>acciperent,</span> <span class='ocrx_word' id='word_1_106' title='bbox 1201 1752 1328 1793; x_wconf 91' lang='lat' dir='ltr'>modo</span> <span class='ocrx_word' id='word_1_107' title='bbox 1350 1752 1527 1807; x_wconf 82' lang='lat' dir='ltr'>triginta</span> <span class='ocrx_word' id='word_1_108' title='bbox 1548 1752 1640 1795; x_wconf 88' lang='lat' dir='ltr'>die-</span> 
     </span>
     <span class='ocr_line' id='line_1_18' title="bbox 208 1820 1643 1877; baseline 0.003 -17"><span class='ocrx_word' id='word_1_109' title='bbox 208 1834 317 1869; x_wconf 88' lang='lat' dir='ltr'>rum,</span> <span class='ocrx_word' id='word_1_110' title='bbox 343 1821 470 1862; x_wconf 88' lang='lat' dir='ltr'>modo</span> <span class='ocrx_word' id='word_1_111' title='bbox 492 1820 670 1877; x_wconf 83' lang='lat' dir='ltr'>triginta</span> <span class='ocrx_word' id='word_1_112' title='bbox 691 1827 737 1863; x_wconf 90' lang='lat' dir='ltr'>et</span> <span class='ocrx_word' id='word_1_113' title='bbox 757 1823 896 1871; x_wconf 85' lang='lat' dir='ltr'>unius,</span> <span class='ocrx_word' id='word_1_114' title='bbox 921 1829 967 1865; x_wconf 95' lang='lat' dir='ltr'>et</span> <span class='ocrx_word' id='word_1_115' title='bbox 986 1823 1045 1864; x_wconf 84' lang='lat' dir='ltr'>ita</span> <span class='ocrx_word' id='word_1_116' title='bbox 1067 1837 1177 1864; x_wconf 87' lang='lat' dir='ltr'>anno</span> <span class='ocrx_word' id='word_1_117' title='bbox 1200 1822 1416 1864; x_wconf 92' lang='lat' dir='ltr'>Romuleo</span> <span class='ocrx_word' id='word_1_118' title='bbox 1436 1822 1523 1864; x_wconf 80' lang='lat'>304</span> <span class='ocrx_word' id='word_1_119' title='bbox 1546 1823 1643 1865; x_wconf 84' lang='lat' dir='ltr'>dies</span> 
     </span>
     <span class='ocr_line' id='line_1_19' title="bbox 208 1889 1640 1947; baseline 0.003 -17"><span class='ocrx_word' id='word_1_120' title='bbox 208 1889 501 1945; x_wconf 83' lang='lat' dir='ltr'>adsignarent,</span> <span class='ocrx_word' id='word_1_121' title='bbox 537 1896 664 1932; x_wconf 85' lang='lat' dir='ltr'>acute</span> <span class='ocrx_word' id='word_1_122' title='bbox 700 1892 790 1947; x_wconf 86' lang='lat' dir='ltr'>jam</span> <span class='ocrx_word' id='word_1_123' title='bbox 827 1892 1067 1934; x_wconf 86' lang='lat' dir='ltr'>confutavit</span> <span class='ocrx_word' id='word_1_124' title='bbox 1101 1892 1253 1933; x_wconf 86' lang='lat' dir='ltr'>illustr.</span> <span class='ocrx_word' id='word_1_125' title='bbox 1281 1891 1465 1933; x_wconf 84' lang='lat' dir='ltr'>Bredow</span> <span class='ocrx_word' id='word_1_126' title='bbox 1498 1892 1640 1947; x_wconf 86' lang='lat' dir='ltr'>(Hist.</span> 
     </span>
     <span class='ocr_line' id='line_1_20' title="bbox 210 1958 1641 2016; baseline 0.002 -15"><span class='ocrx_word' id='word_1_127' title='bbox 210 1958 391 2001; x_wconf 82' lang='lat' dir='ltr'>Unters.</span> <span class='ocrx_word' id='word_1_128' title='bbox 421 1959 483 2001; x_wconf 89' lang='lat' dir='ltr'>H.</span> <span class='ocrx_word' id='word_1_129' title='bbox 516 1959 554 2001; x_wconf 93' lang='lat' dir='ltr'>I.</span> <span class='ocrx_word' id='word_1_130' title='bbox 585 1976 627 2016; x_wconf 92' lang='lat' dir='ltr'>p.</span> <span class='ocrx_word' id='word_1_131' title='bbox 657 1960 750 2012; x_wconf 84' lang='lat'>38.)</span> <span class='ocrx_word' id='word_1_132' title='bbox 814 1962 999 2003; x_wconf 87' lang='lat' dir='ltr'>Disertis</span> <span class='ocrx_word' id='word_1_133' title='bbox 1035 1961 1148 2003; x_wconf 89' lang='lat' dir='ltr'>enim</span> <span class='ocrx_word' id='word_1_134' title='bbox 1175 1961 1316 2003; x_wconf 87' lang='lat' dir='ltr'>verbis</span> <span class='ocrx_word' id='word_1_135' title='bbox 1349 1961 1500 2003; x_wconf 88' lang='lat' dir='ltr'>Livius</span> <span class='ocrx_word' id='word_1_136' title='bbox 1539 1964 1641 2005; x_wconf 84' lang='lat' dir='ltr'>anni</span> 
     </span>
     <span class='ocr_line' id='line_1_21' title="bbox 210 2029 1636 2082; baseline 0.003 -12"><span class='ocrx_word' id='word_1_137' title='bbox 210 2029 464 2071; x_wconf 88' lang='lat' dir='ltr'>divisionem</span> <span class='ocrx_word' id='word_1_138' title='bbox 499 2030 554 2071; x_wconf 88' lang='lat' dir='ltr'>ad</span> <span class='ocrx_word' id='word_1_139' title='bbox 587 2031 699 2072; x_wconf 77' lang='lat' dir='ltr'>lunae</span> <span class='ocrx_word' id='word_1_140' title='bbox 728 2046 895 2073; x_wconf 77' lang='lat' dir='ltr'>cursum</span> <span class='ocrx_word' id='word_1_141' title='bbox 919 2031 1079 2073; x_wconf 87' lang='lat' dir='ltr'>Numae</span> <span class='ocrx_word' id='word_1_142' title='bbox 1109 2031 1284 2072; x_wconf 91' lang='lat' dir='ltr'>demum</span> <span class='ocrx_word' id='word_1_143' title='bbox 1313 2031 1545 2082; x_wconf 80' lang='lat' dir='ltr'>adscribit3</span> <span class='ocrx_word' id='word_1_144' title='bbox 1576 2038 1636 2082; x_wconf 90' lang='lat' dir='ltr'>et,</span> 
     </span>
     <span class='ocr_line' id='line_1_22' title="bbox 210 2099 1636 2156; baseline 0.003 -16"><span class='ocrx_word' id='word_1_145' title='bbox 210 2100 325 2154; x_wconf 89' lang='lat' dir='ltr'>quod</span> <span class='ocrx_word' id='word_1_146' title='bbox 355 2099 526 2141; x_wconf 89' lang='lat' dir='ltr'>omnino</span> <span class='ocrx_word' id='word_1_147' title='bbox 554 2100 855 2155; x_wconf 86' lang='lat' dir='ltr'>gravissimum</span> <span class='ocrx_word' id='word_1_148' title='bbox 885 2107 967 2151; x_wconf 89' lang='lat' dir='ltr'>est,</span> <span class='ocrx_word' id='word_1_149' title='bbox 988 2101 1122 2156; x_wconf 89' lang='lat' dir='ltr'>ipsius</span> <span class='ocrx_word' id='word_1_150' title='bbox 1142 2101 1246 2142; x_wconf 78' lang='lat' dir='ltr'>anni</span> <span class='ocrx_word' id='word_1_151' title='bbox 1266 2101 1399 2150; x_wconf 84' lang='lat' dir='ltr'>notio,</span> <span class='ocrx_word' id='word_1_152' title='bbox 1423 2116 1521 2156; x_wconf 90' lang='lat' dir='ltr'>quae</span> <span class='ocrx_word' id='word_1_153' title='bbox 1544 2116 1636 2144; x_wconf 87' lang='lat' dir='ltr'>cer-</span> 
     </span>
    </p>
   </div>
   <div class='ocr_carea' id='block_1_9' title="bbox 208 2238 886 2786">
    <p class='ocr_par' dir='ltr' id='par_1_9' title="bbox 208 2238 886 2786">
     <span class='ocr_line' id='line_1_23' title="bbox 252 2238 884 2282; baseline 0.002 -11"><span class='ocrx_word' id='word_1_154' title='bbox 252 2239 265 2260; x_wconf 56' lang='grc' dir='ltr'><strong><em>Β</em></strong></span> <span class='ocrx_word' id='word_1_155' title='bbox 290 2239 386 2277; x_wconf 85' lang='lat' dir='ltr'>Quod</span> <span class='ocrx_word' id='word_1_156' title='bbox 409 2239 435 2270; x_wconf 83' lang='lat' dir='ltr'>si</span> <span class='ocrx_word' id='word_1_157' title='bbox 456 2238 550 2282; x_wconf 85' lang='lat' dir='ltr'>igitur</span> <span class='ocrx_word' id='word_1_158' title='bbox 570 2239 603 2271; x_wconf 89' lang='lat' dir='ltr'>in</span> <span class='ocrx_word' id='word_1_159' title='bbox 627 2240 724 2282; x_wconf 80' lang='lat' dir='ltr'>Syllae</span> <span class='ocrx_word' id='word_1_160' title='bbox 747 2240 884 2272; x_wconf 86' lang='lat' dir='ltr'>nummis</span> 
     </span>
     <span class='ocr_line' id='line_1_24' title="bbox 209 2289 883 2333; baseline 0.003 -13"><span class='ocrx_word' id='word_1_161' title='bbox 209 2289 295 2333; x_wconf 85' lang='lat' dir='ltr'>apud</span> <span class='ocrx_word' id='word_1_162' title='bbox 312 2290 426 2321; x_wconf 81' lang='lat' dir='ltr'>Ekliel.</span> <span class='ocrx_word' id='word_1_163' title='bbox 445 2297 520 2321; x_wconf 80' lang='lat' dir='ltr'>tom.</span> <span class='ocrx_word' id='word_1_164' title='bbox 538 2290 579 2321; x_wconf 89' lang='lat' dir='ltr'>vi.</span> <span class='ocrx_word' id='word_1_165' title='bbox 594 2302 626 2332; x_wconf 88' lang='lat' dir='ltr'>p.</span> <span class='ocrx_word' id='word_1_166' title='bbox 642 2292 695 2322; x_wconf 86' lang='lat'>98.</span> <span class='ocrx_word' id='word_1_167' title='bbox 711 2291 883 2322; x_wconf 86' lang='lat' dir='ltr'>Herculem</span> 
     </span>
     <span class='ocr_line' id='line_1_25' title="bbox 210 2340 883 2384; baseline 0.001 -12"><span class='ocrx_word' id='word_1_168' title='bbox 210 2341 354 2383; x_wconf 85' lang='lat' dir='ltr'>agnoscit</span> <span class='ocrx_word' id='word_1_169' title='bbox 373 2340 419 2371; x_wconf 87' lang='lat' dir='ltr'>vir</span> <span class='ocrx_word' id='word_1_170' title='bbox 440 2340 564 2378; x_wconf 84' lang='lat' dir='ltr'>doctus,</span> <span class='ocrx_word' id='word_1_171' title='bbox 580 2345 601 2359; x_wconf 84' lang='lat'><strong>“</strong></span> <span class='ocrx_word' id='word_1_172' title='bbox 618 2352 821 2384; x_wconf 81' lang='lat' dir='ltr'>quacumque</span> <span class='ocrx_word' id='word_1_173' title='bbox 844 2342 883 2373; x_wconf 92' lang='lat' dir='ltr'>de</span> 
     </span>
     <span class='ocr_line' id='line_1_26' title="bbox 208 2390 884 2428; baseline 0.001 -6"><span class='ocrx_word' id='word_1_174' title='bbox 208 2401 307 2422; x_wconf 85' lang='lat' dir='ltr'>causa</span> <span class='ocrx_word' id='word_1_175' title='bbox 330 2390 421 2421; x_wconf 90' lang='lat' dir='ltr'>illum</span> <span class='ocrx_word' id='word_1_176' title='bbox 442 2397 576 2422; x_wconf 82' lang='lat' dir='ltr'>monetae</span> <span class='ocrx_word' id='word_1_177' title='bbox 594 2391 747 2428; x_wconf 86' lang='lat' dir='ltr'>intulerit,</span> <span class='ocrx_word' id='word_1_178' title='bbox 763 2391 884 2423; x_wconf 82' lang='lat' dir='ltr'>nescire</span> 
     </span>
     <span class='ocr_line' id='line_1_27' title="bbox 208 2440 886 2483; baseline 0.001 -11"><span class='ocrx_word' id='word_1_179' title='bbox 208 2441 265 2472; x_wconf 84' lang='lat' dir='ltr'>se’&#39;</span> <span class='ocrx_word' id='word_1_180' title='bbox 282 2440 404 2477; x_wconf 85' lang='lat' dir='ltr'>dicens,</span> <span class='ocrx_word' id='word_1_181' title='bbox 423 2440 473 2470; x_wconf 86' lang='lat' dir='ltr'>vix</span> <span class='ocrx_word' id='word_1_182' title='bbox 498 2440 634 2483; x_wconf 84' lang='lat' dir='ltr'>amplius</span> <span class='ocrx_word' id='word_1_183' title='bbox 649 2441 688 2472; x_wconf 87' lang='lat' dir='ltr'>de</span> <span class='ocrx_word' id='word_1_184' title='bbox 705 2452 813 2478; x_wconf 88' lang='lat' dir='ltr'>causa,</span> <span class='ocrx_word' id='word_1_185' title='bbox 829 2452 886 2473; x_wconf 88' lang='lat' dir='ltr'>cur</span> 
     </span>
     <span class='ocr_line' id='line_1_28' title="bbox 209 2490 884 2534; baseline 0 -11"><span class='ocrx_word' id='word_1_186' title='bbox 209 2490 342 2523; x_wconf 86' lang='lat' dir='ltr'>adsidue</span> <span class='ocrx_word' id='word_1_187' title='bbox 362 2491 533 2522; x_wconf 79' lang='lat' dir='ltr'>Herculem</span> <span class='ocrx_word' id='word_1_188' title='bbox 557 2491 690 2522; x_wconf 82' lang='lat' dir='ltr'>coluerit</span> <span class='ocrx_word' id='word_1_189' title='bbox 705 2492 806 2534; x_wconf 84' lang='lat' dir='ltr'>Sylla,</span> <span class='ocrx_word' id='word_1_190' title='bbox 825 2492 884 2523; x_wconf 88' lang='lat' dir='ltr'>du-</span> 
     </span>
     <span class='ocr_line' id='line_1_29' title="bbox 208 2541 885 2584; baseline 0.001 -12"><span class='ocrx_word' id='word_1_191' title='bbox 208 2542 302 2573; x_wconf 80' lang='lat' dir='ltr'>bites.</span> <span class='ocrx_word' id='word_1_192' title='bbox 340 2541 402 2573; x_wconf 84' lang='lat' dir='ltr'>Hic</span> <span class='ocrx_word' id='word_1_193' title='bbox 419 2541 503 2572; x_wconf 84' lang='lat' dir='ltr'>enim</span> <span class='ocrx_word' id='word_1_194' title='bbox 522 2541 578 2577; x_wconf 86' lang='lat' dir='ltr'>vir,</span> <span class='ocrx_word' id='word_1_195' title='bbox 591 2541 645 2583; x_wconf 82' lang='lat' dir='ltr'>qui</span> <span class='ocrx_word' id='word_1_196' title='bbox 661 2542 728 2584; x_wconf 83' lang='lat' dir='ltr'>ipse</span> <span class='ocrx_word' id='word_1_197' title='bbox 742 2542 885 2574; x_wconf 79' lang='lat' dir='ltr'>confiteri</span> 
     </span>
     <span class='ocr_line' id='line_1_30' title="bbox 208 2592 886 2629; baseline 0 -5"><span class='ocrx_word' id='word_1_198' title='bbox 208 2593 343 2629; x_wconf 81' lang='lat' dir='ltr'>solebat,</span> <span class='ocrx_word' id='word_1_199' title='bbox 361 2592 507 2624; x_wconf 83' lang='lat' dir='ltr'>Fortunae</span> <span class='ocrx_word' id='word_1_200' title='bbox 529 2603 561 2623; x_wconf 87' lang='lat' dir='ltr'>se</span> <span class='ocrx_word' id='word_1_201' title='bbox 582 2592 689 2623; x_wconf 81' lang='lat' dir='ltr'>omnia</span> <span class='ocrx_word' id='word_1_202' title='bbox 706 2592 836 2628; x_wconf 80' lang='lat' dir='ltr'>debere.</span> <span class='ocrx_word' id='word_1_203' title='bbox 854 2599 886 2624; x_wconf 85' lang='lat' dir='ltr'>et</span> 
     </span>
     <span class='ocr_line' id='line_1_31' title="bbox 209 2641 884 2684; baseline 0 -10"><span class='ocrx_word' id='word_1_204' title='bbox 209 2643 283 2674; x_wconf 87' lang='lat' dir='ltr'>inde</span> <span class='ocrx_word' id='word_1_205' title='bbox 315 2641 441 2680; x_wconf 83' lang='lat' dir='ltr'>Felicis,</span> <span class='ocrx_word' id='word_1_206' title='bbox 466 2642 588 2679; x_wconf 77' lang='lat' dir='ltr'>Fausti,</span> <span class='ocrx_word' id='word_1_207' title='bbox 613 2643 800 2684; x_wconf 82' lang='lat' dir='ltr'>cognomina</span> <span class='ocrx_word' id='word_1_208' title='bbox 824 2643 884 2674; x_wconf 86' lang='lat' dir='ltr'>sibi</span> 
     </span>
     <span class='ocr_line' id='line_1_32' title="bbox 209 2692 884 2735; baseline 0 -12"><span class='ocrx_word' id='word_1_209' title='bbox 209 2693 403 2735; x_wconf 78' lang='lat' dir='ltr'>imponebat,</span> <span class='ocrx_word' id='word_1_210' title='bbox 428 2692 612 2729; x_wconf 81' lang='lat' dir='ltr'>Herculem,</span> <span class='ocrx_word' id='word_1_211' title='bbox 637 2692 690 2735; x_wconf 80' lang='lat' dir='ltr'>qui</span> <span class='ocrx_word' id='word_1_212' title='bbox 721 2698 884 2735; x_wconf 78' lang='lat' dir='ltr'>tamquam</span> 
     </span>
     <span class='ocr_line' id='line_1_33' title="bbox 209 2743 886 2786; baseline 0 -12"><span class='ocrx_word' id='word_1_213' title='bbox 209 2755 303 2785; x_wconf 77' lang='lat' dir='ltr'>opum</span> <span class='ocrx_word' id='word_1_214' title='bbox 325 2750 356 2774; x_wconf 76' lang='lat' dir='ltr'>ct</span> <span class='ocrx_word' id='word_1_215' title='bbox 376 2743 556 2776; x_wconf 68' lang='lat' dir='ltr'>divitiarum</span> <span class='ocrx_word' id='word_1_216' title='bbox 579 2743 717 2786; x_wconf 70' lang='lat' dir='ltr'>praesidi,</span> <span class='ocrx_word' id='word_1_217' title='bbox 734 2743 886 2775; x_wconf 82' lang='lat' dir='ltr'>bonorum</span> 
     </span>
    </p>
   </div>
   <div class='ocr_carea' id='block_1_10' title="bbox 954 2239 1638 2626">
    <p class='ocr_par' dir='ltr' id='par_1_10' title="bbox 954 2239 1638 2626">
     <span class='ocr_line' id='line_1_34' title="bbox 955 2239 1638 2282; baseline 0 -10"><span class='ocrx_word' id='word_1_218' title='bbox 955 2241 1013 2272; x_wconf 88' lang='lat' dir='ltr'>sub</span> <span class='ocrx_word' id='word_1_219' title='bbox 1044 2240 1112 2282; x_wconf 87' lang='lat' dir='ltr'>ejus</span> <span class='ocrx_word' id='word_1_220' title='bbox 1142 2239 1289 2282; x_wconf 67' lang='lat' dir='ltr'>praesidio</span> <span class='ocrx_word' id='word_1_221' title='bbox 1325 2245 1507 2282; x_wconf 82' lang='lat' dir='ltr'>paratorum</span> <span class='ocrx_word' id='word_1_222' title='bbox 1538 2240 1638 2272; x_wconf 86' lang='lat' dir='ltr'>deeu-</span> 
     </span>
     <span class='ocr_line' id='line_1_35' title="bbox 955 2290 1637 2328; baseline 0.003 -7"><span class='ocrx_word' id='word_1_223' title='bbox 955 2302 1039 2322; x_wconf 83' lang='lat' dir='ltr'>mam</span> <span class='ocrx_word' id='word_1_224' title='bbox 1057 2291 1220 2328; x_wconf 83' lang='lat' dir='ltr'>offerebat,</span> <span class='ocrx_word' id='word_1_225' title='bbox 1233 2290 1360 2322; x_wconf 90' lang='lat' dir='ltr'>omnino</span> <span class='ocrx_word' id='word_1_226' title='bbox 1375 2290 1505 2322; x_wconf 87' lang='lat' dir='ltr'>maximi</span> <span class='ocrx_word' id='word_1_227' title='bbox 1517 2290 1637 2323; x_wconf 81' lang='lat' dir='ltr'>habere</span> 
     </span>
     <span class='ocr_line' id='line_1_36' title="bbox 955 2340 1637 2383; baseline 0.001 -11"><span class='ocrx_word' id='word_1_228' title='bbox 955 2341 1106 2378; x_wconf 70' lang='lat' dir='ltr'>debebat,</span> <span class='ocrx_word' id='word_1_229' title='bbox 1123 2346 1154 2373; x_wconf 88' lang='lat' dir='ltr'>et</span> <span class='ocrx_word' id='word_1_230' title='bbox 1178 2340 1322 2372; x_wconf 84' lang='lat' dir='ltr'>eamdem</span> <span class='ocrx_word' id='word_1_231' title='bbox 1345 2341 1385 2372; x_wconf 91' lang='lat' dir='ltr'>ob</span> <span class='ocrx_word' id='word_1_232' title='bbox 1409 2350 1551 2378; x_wconf 79' lang='lat' dir='ltr'>causam,</span> <span class='ocrx_word' id='word_1_233' title='bbox 1573 2352 1637 2383; x_wconf 86' lang='lat' dir='ltr'>qua</span> 
     </span>
     <span class='ocr_line' id='line_1_37' title="bbox 957 2391 1634 2428; baseline 0.001 -5"><span class='ocrx_word' id='word_1_234' title='bbox 957 2393 1115 2423; x_wconf 82' lang='lat' dir='ltr'>Venerem</span> <span class='ocrx_word' id='word_1_235' title='bbox 1141 2397 1173 2423; x_wconf 90' lang='lat' dir='ltr'>et</span> <span class='ocrx_word' id='word_1_236' title='bbox 1192 2392 1376 2428; x_wconf 85' lang='lat' dir='ltr'>Fortunam,</span> <span class='ocrx_word' id='word_1_237' title='bbox 1393 2391 1490 2422; x_wconf 89' lang='lat' dir='ltr'>etiam</span> <span class='ocrx_word' id='word_1_238' title='bbox 1512 2392 1634 2424; x_wconf 82' lang='lat' dir='ltr'>Hercu—</span> 
     </span>
     <span class='ocr_line' id='line_1_38' title="bbox 956 2441 1636 2484; baseline 0 -11"><span class='ocrx_word' id='word_1_239' title='bbox 956 2442 1018 2474; x_wconf 85' lang='lat' dir='ltr'>lem</span> <span class='ocrx_word' id='word_1_240' title='bbox 1046 2442 1078 2473; x_wconf 90' lang='lat' dir='ltr'>in</span> <span class='ocrx_word' id='word_1_241' title='bbox 1104 2441 1241 2473; x_wconf 89' lang='lat' dir='ltr'>nummis</span> <span class='ocrx_word' id='word_1_242' title='bbox 1267 2441 1411 2473; x_wconf 83' lang='lat' dir='ltr'>exhibet.</span> <span class='ocrx_word' id='word_1_243' title='bbox 1455 2441 1636 2484; x_wconf 79' lang='lat' dir='ltr'>Tamquam</span> 
     </span>
     <span class='ocr_line' id='line_1_39' title="bbox 955 2491 1635 2535; baseline -0.001 -11"><span class='ocrx_word' id='word_1_244' title='bbox 955 2493 1046 2524; x_wconf 82' lang='lat' dir='ltr'>sortis</span> <span class='ocrx_word' id='word_1_245' title='bbox 1059 2499 1090 2524; x_wconf 90' lang='lat' dir='ltr'>et</span> <span class='ocrx_word' id='word_1_246' title='bbox 1108 2493 1239 2524; x_wconf 79' lang='lat' dir='ltr'>fortunae</span> <span class='ocrx_word' id='word_1_247' title='bbox 1256 2502 1374 2535; x_wconf 82' lang='lat' dir='ltr'>praeses</span> <span class='ocrx_word' id='word_1_248' title='bbox 1391 2499 1522 2534; x_wconf 86' lang='lat' dir='ltr'>apparet</span> <span class='ocrx_word' id='word_1_249' title='bbox 1537 2491 1635 2524; x_wconf 87' lang='lat' dir='ltr'>etiam</span> 
     </span>
     <span class='ocr_line' id='line_1_40' title="bbox 954 2543 1635 2585; baseline -0.001 -11"><span class='ocrx_word' id='word_1_250' title='bbox 954 2543 986 2574; x_wconf 89' lang='lat' dir='ltr'>in</span> <span class='ocrx_word' id='word_1_251' title='bbox 1003 2543 1166 2575; x_wconf 79' lang='lat' dir='ltr'>historiola</span> <span class='ocrx_word' id='word_1_252' title='bbox 1183 2543 1267 2585; x_wconf 84' lang='lat' dir='ltr'>apud</span> <span class='ocrx_word' id='word_1_253' title='bbox 1285 2543 1372 2575; x_wconf 84' lang='lat' dir='ltr'>Plut.</span> <span class='ocrx_word' id='word_1_254' title='bbox 1389 2543 1521 2575; x_wconf 85' lang='lat' dir='ltr'>Romul.</span> <span class='ocrx_word' id='word_1_255' title='bbox 1536 2545 1568 2575; x_wconf 89' lang='lat'>5.</span> <span class='ocrx_word' id='word_1_256' title='bbox 1579 2543 1635 2574; x_wconf 90' lang='lat' dir='ltr'>ubi</span> 
     </span>
     <span class='ocr_line' id='line_1_41' title="bbox 954 2593 1356 2626; baseline -0.002 0"><span class='ocrx_word' id='word_1_257' title='bbox 954 2594 1026 2626; x_wconf 82' lang='lat' dir='ltr'>talis</span> <span class='ocrx_word' id='word_1_258' title='bbox 1042 2593 1125 2626; x_wconf 88' lang='lat' dir='ltr'>ludit</span> <span class='ocrx_word' id='word_1_259' title='bbox 1137 2605 1210 2626; x_wconf 87' lang='lat' dir='ltr'>cum</span> <span class='ocrx_word' id='word_1_260' title='bbox 1227 2593 1356 2625; x_wconf 71' lang='lat' dir='ltr'>aedituo.</span> 
     </span>
    </p>
   </div>
   <div class='ocr_carea' id='block_1_11' title="bbox 957 2643 1635 2727">
    <p class='ocr_par' dir='ltr' id='par_1_11' title="bbox 957 2643 1635 2727">
     <span class='ocr_line' id='line_1_42' title="bbox 997 2643 1635 2685; baseline 0 -9"><span class='ocrx_word' id='word_1_261' title='bbox 997 2644 1003 2665; x_wconf 79' lang='lat'><strong>¹</strong></span> <span class='ocrx_word' id='word_1_262' title='bbox 1028 2644 1126 2676; x_wconf 84' lang='lat' dir='ltr'>Ovid.</span> <span class='ocrx_word' id='word_1_263' title='bbox 1149 2645 1171 2676; x_wconf 89' lang='lat' dir='ltr'>l.</span> <span class='ocrx_word' id='word_1_264' title='bbox 1188 2656 1218 2676; x_wconf 88' lang='lat' dir='ltr'>c.</span> <span class='ocrx_word' id='word_1_265' title='bbox 1235 2644 1379 2677; x_wconf 78' lang='lat' dir='ltr'>Muerob.</span> <span class='ocrx_word' id='word_1_266' title='bbox 1403 2643 1424 2676; x_wconf 89' lang='lat' dir='ltr'>i.</span> <span class='ocrx_word' id='word_1_267' title='bbox 1448 2645 1510 2685; x_wconf 66' lang='lat'>123</span> <span class='ocrx_word' id='word_1_268' title='bbox 1532 2643 1635 2676; x_wconf 84' lang='lat' dir='ltr'>Solin.</span> 
     </span>
     <span class='ocr_line' id='line_1_43' title="bbox 957 2694 1236 2727; baseline 0.004 -2"><span class='ocrx_word' id='word_1_269' title='bbox 957 2694 977 2726; x_wconf 91' lang='lat' dir='ltr'>i.</span> <span class='ocrx_word' id='word_1_270' title='bbox 1001 2695 1165 2727; x_wconf 81' lang='lat' dir='ltr'>Censorin.</span> <span class='ocrx_word' id='word_1_271' title='bbox 1182 2706 1236 2726; x_wconf 88' lang='lat' dir='ltr'>xx.</span> 
     </span>
    </p>
   </div>
  </div>
 </body>
</html>
