1809 3220
210 184 296 227 388
743 181 1007 224 EXCURS
1018 180 1090 223 US

216 308 333 343 ortus
354 300 645 347 commutatio,
666 314 763 354 quae
788 299 992 340 lectorem
1013 297 1139 339 facile
1161 296 1203 337 in
1225 310 1415 338 errorem
1437 295 1625 337 inducat.

218 371 335 412 Fast.
359 372 414 412 iv,
438 369 696 411 165—170:

375 473 467 511 Nox
485 473 552 511 ubi
571 472 781 517 transierit,
802 471 1020 522 coelumque
1039 471 1240 508 rubescere
1259 469 1383 521 primo

423 537 609 588 Coeperit,
630 543 670 575 et
690 543 804 574 tactae
822 549 906 574 rore
925 541 1136 586 querentur
1157 547 1245 571 aves
1259 548 1271 579 ;

375 601 673 652 Semustamque
693 600 817 638 facem
836 598 996 650 vigilata
1014 605 1125 636 nocte
1144 597 1267 635 viator

428 665 566 709 Ponet,
588 671 628 703 et
648 664 695 702 ad
720 664 877 702 solitum
896 663 1063 701 rusticus
1082 662 1154 701 ibit
1173 675 1269 713 opus
1282 677 1294 708 ,-

375 729 552 768 Pleiades
571 728 765 780 incipiunt
784 728 963 766 humeros
982 726 1152 765 relevare
1170 732 1362 777 paternos,
1380 732 1453 764 etc.

221 825 335 866 Fusa
365 824 653 879 descriptione
679 830 846 878 tempus
873 822 1129 864 matutinum
1155 822 1330 870 indicat,
1355 821 1429 862 ubi
1456 836 1628 876 vesper-

219 895 330 935 tinus
354 900 420 936 est
441 908 632 935 occasus.
696 893 766 935 Cf.
792 893 920 934 Pfaff.
943 908 984 947 p.
1007 892 1065 935 63
1086 899 1131 933 et
1151 892 1222 933 64.

280 963 397 1005 Fast.
422 979 461 1005 v.
487 964 587 1004 545.
614 962 803 1004 Noctem
832 961 1024 1003 contrahi
1052 968 1098 1002 et
1122 961 1332 1016 aufugere
1357 959 1482 1002 solito
1506 960 1631 1001 citius

220 1033 361 1074 sidera
390 1048 564 1081 canens,
594 1041 642 1073 ut
672 1047 770 1074 mox
801 1031 1088 1087 pulcherrima
1117 1030 1272 1072 Martis
1306 1034 1511 1085 appareat
1540 1029 1631 1078 lux,

221 1102 283 1143 his
307 1102 448 1143 verbis
474 1102 632 1143 utitur:

461 1199 539 1238 Sed
557 1199 652 1251 quid
671 1207 710 1237 et
731 1199 853 1237 Orion
873 1207 913 1238 et
934 1207 1071 1238 caetera
1090 1199 1216 1239 sidera
1234 1198 1378 1237 mundo

511 1262 659 1301 Cedere
678 1263 879 1309 festinant,
900 1278 1052 1315 noxque
1071 1270 1237 1302 coarctat
1255 1264 1355 1302 iter?

221 1371 280 1411 ita
308 1378 354 1411 ut
383 1371 532 1419 Orion,
558 1385 680 1411 mane
708 1371 923 1419 occidens,
953 1385 1150 1411 occasum
1180 1371 1384 1412 festinare
1412 1371 1634 1421 videatur3

222 1441 297 1481 sed
330 1440 420 1495 jam
457 1440 523 1480 die
557 1440 586 1480 9
616 1440 764 1495 April.
797 1439 916 1480 Fast.
953 1440 1009 1480 iv,
1047 1439 1146 1482 387.
1179 1440 1327 1494 primae
1364 1440 1456 1496 ejus
1493 1447 1635 1496 partes

225 1510 392 1564 vesperi
415 1509 674 1557 occiderant,
692 1516 739 1550 ut
758 1509 941 1550 Ovidius
963 1510 1019 1550 ib'i
1043 1510 1326 1565 explicandus
1347 1516 1414 1551 est
1431 1524 1454 1551 e
1474 1510 1612 1552 Plinio
1629 1527 1638 1552 :

227 1578 341 1619 Non.
368 1579 476 1633 Apr.
513 1586 538 1601 “
569 1578 704 1619 Orion
736 1586 781 1620 et
807 1578 1115 1634 Gladius-ejus
1149 1579 1358 1634 incipiunt
1391 1579 1637 1629 abscondi‚''

223 1655 267 1687 et
297 1648 367 1688 die
390 1648 443 1689 ll
473 1648 577 1689 Maii
606 1648 783 1703 reliquae
814 1649 908 1703 ejus
938 1654 1082 1704 partes
1108 1655 1271 1690 secutae
1300 1655 1424 1690 erant
1448 1649 1567 1690 Fast.
1595 1664 1635 1690 v⁴

223 1718 309 1759 493
341 1724 385 1759 et
414 1718 513 1759 494.
543 1718 618 1770 (cf.
651 1718 779 1759 Pfaff.
803 1733 845 1773 p.
878 1717 970 1771 84.)
999 1719 1060 1760 ita
1092 1725 1138 1759 ut
1165 1733 1217 1759 ne
1245 1719 1416 1774 vesperi
1446 1719 1634 1774 quidem,

222 1788 379 1828 nedum
422 1802 497 1842 per
534 1793 702 1829 noctem
740 1794 784 1828 et
820 1803 953 1837 mane,
994 1789 1108 1843 quod
1147 1788 1333 1830 Ovidius
1364 1788 1470 1837 vult,
1503 1788 1635 1830 ullum

225 1855 397 1897 Orionis
425 1858 653 1913 vestigium
688 1858 726 1898 in
754 1858 865 1900 coelo
896 1864 1025 1907 esset,
1056 1864 1239 1913 quatuor
1267 1858 1419 1899 diebus
1445 1863 1540 1912 post
1568 1873 1636 1900 oc-

222 1939 366 1967 casum
390 1926 483 1981 ejus
507 1927 822 1982 vespertinum:
857 1929 994 1970 Locus
1015 1928 1248 1970 luculenter
1269 1929 1358 1982 ejus
1377 1927 1637 1983 imperitiam

223 2010 404 2051 arqumzs
418 1996 433 2035 Ι

283 2063 352 2105 Cf.
378 2065 551 2119 insuper
573 2066 630 2106 iii.
654 2066 756 2107 403.
780 2081 877 2121 quae
902 2067 983 2108 huc
1007 2067 1137 2108 etiam
1165 2066 1395 2121 pertinent.
1459 2065 1637 2122 Majoris

226 2133 316 2173 sere
348 2134 553 2174 momenti
585 2141 683 2175 sunt
715 2150 766 2176 ea
794 2135 899 2184 loca,
931 2136 1004 2177 ubi
1031 2150 1228 2177 occasum
1261 2136 1390 2177 etiam
1422 2141 1467 2176 et
1497 2141 1636 2177 ortum

226 2205 475 2244 commutari
508 2204 668 2246 nullum
701 2206 877 2247 dubium
910 2213 989 2247 est.
1066 2206 1117 2247 In
1151 2205 1213 2247 his
1246 2206 1374 2247 etiam
1407 2205 1510 2246 locis
1542 2219 1637 2247 raro

225 2278 396 2325 poetam
420 2274 737 2315 emendandum
761 2290 998 2325 censerem,
1021 2281 1066 2316 et
1088 2275 1227 2330 potius
1252 2274 1399 2316 vitium
1422 2274 1637 2316 interdum

226 2340 319 2394 ejus
351 2342 639 2396 negligentiae,
664 2344 730 2384 vel
756 2345 869 2385 vitiis
896 2344 937 2385 in
965 2344 1057 2399 ejus
1084 2344 1272 2385 fontibus
1299 2343 1538 2393 tribuerim,
1565 2344 1638 2385 ubi

225 2410 350 2451 facilc
390 2427 516 2453 voces
549 2427 719 2468 semper
750 2420 1021 2456 recurrentes
1052 2414 1194 2455 oritur
1223 2420 1268 2455 et
1298 2414 1451 2455 occidit
1483 2414 1638 2469 passim

226 2488 497 2523 commutatae
519 2498 613 2523 esse
638 2490 872 2537 poterantc.

266 2602 278 2614 s
305 2598 470 2639 Nusquam
497 2599 558 2628 fere
580 2599 773 2641 frequentius
796 2601 894 2632 libra·
966 2607 1097 2643 quenter
1126 2607 1297 2638 recurrunt,
1324 2600 1444 2632 (luduin
1473 2610 1491 2631 a
1520 2599 1639 2631 criticis

226 2658 337 2678 riorum
366 2647 550 2678 oscitatione
580 2651 841 2682 commutationes
866 2658 897 2681 et
966 2652 1167 2682 observatum
1185 2658 1242 2682 est.
1280 2651 1321 2682 Et
1336 2650 1426 2681 hodie
1445 2649 1512 2681 haec
1528 2649 1638 2681 critica

226 2697 465 2739 depravationes
487 2698 640 2729 admissas
659 2711 726 2729 esso
750 2711 844 2742 quam
866 2701 895 2732 in
967 2702 998 2733 in
1021 2702 1297 2744 parapegmatibus
1318 2701 1440 2733 Graecis
1463 2701 1639 2732 exercenda

228 2746 314 2782 locis,
340 2748 391 2778 ubi
419 2749 512 2779 verba
541 2748 686 2789 quzndani
714 2761 813 2791 pauca
837 2751 894 2781 tro·
966 2757 1024 2787 est,
1049 2752 1100 2782 ubi
1129 2753 1222 2783 verba
1246 2752 1334 2793 ἑῷος,
1354 2750 1512 2792 ἑσπέριος,
1533 2749 1636 2784 δύνει.
