1809 3220
191 178 278 220 182

581 179 631 219 P.
667 177 885 219 OVIDII
921 177 1206 221 NASONIS

189 295 391 343 Primus
418 311 592 343 amans
618 311 821 343 carmen
847 295 1110 358 vigilatum
1135 304 1285 345 nocte
1312 304 1498 360 negata

259 373 457 420 Dicitur
482 373 544 420 ad
571 373 771 421 clausas
797 373 1117 421 concinuisse
1143 374 1304 433 fores3

1515 378 1608 422 110

189 451 569 515 Eloquiumque
594 451 690 499 fuit
713 452 889 500 duram
918 468 1128 501 exorare
1155 454 1377 517 puellam
1398 471 1407 501 :

258 529 462 593 Proque
489 546 580 577 sua
605 546 760 578 causa
785 530 1005 594 quisque
1031 531 1252 578 disertus
1278 538 1404 579 erat.

188 607 333 656 Mille
361 624 451 672 per
475 609 605 656 hanc
633 616 767 656 artes
794 617 973 666 motae;
1017 610 1288 673 studioque
1315 610 1569 675 placendi,

256 685 382 740 Quae
410 687 601 735 latuere
629 688 783 752 prius,
813 688 974 735 multa
999 696 1201 753 reperta
1225 689 1408 737 ferunt.

187 763 334 813 Hanc
357 766 629 829 quisquam
650 766 796 813 titulo
824 767 1011 814 mensis
1039 767 1255 831 spoliare
1282 768 1492 816 secundi
1518 771 1610 817 115

255 843 490 891 Audeat?
530 860 559 891 a
584 844 728 891 nobis
755 844 820 891 sit
845 845 1020 909 procul
1048 844 1143 893 iste
1169 845 1320 893 furor.

187 920 356 976 Quid?
396 922 533 985 quod
561 923 751 986 ubique
778 931 977 987 potens,
999 924 1308 988 templisque
1333 924 1609 988 frequenti-

392 1001 486 1047 bus
513 1009 679 1057 aucta,

258 1078 397 1126 Urbe
422 1086 593 1128 tamen
619 1086 792 1128 nostra
811 1082 896 1143 jus
926 1080 1037 1129 Dea
1064 1083 1226 1145 majus
1253 1082 1423 1129 habet.

186 1157 288 1204 Pro
315 1157 481 1221 Troja‚
513 1157 759 1213 Romane,
789 1166 877 1206 tua
902 1158 1075 1208 Venus
1102 1176 1240 1207 arma
1266 1159 1477 1217 ferebat,

254 1234 424 1289 Quum
451 1236 643 1299 gemuit
667 1243 892 1284 teneram
920 1238 1134 1302 cuspide
1161 1239 1282 1286 laesa
1306 1254 1541 1296 manum;

186 1312 544 1377 Coelestesque
570 1315 696 1362 duas
723 1315 941 1378 Trojano
961 1317 1135 1380 judice
1162 1317 1308 1365 vicit:

1515 1320 1602 1364 121

251 1391 359 1439 Ah!
400 1393 553 1440 nolim
579 1393 736 1441 victas
763 1394 857 1441 hoc
885 1396 1174 1444 meminisse
1203 1395 1366 1443 Deas!

184 1469 525 1534 Assaracique
552 1488 707 1519 nurus
733 1472 872 1521 dicta
896 1483 989 1530 est,
1018 1482 1075 1522 ut
1100 1475 1294 1522 scilicet
1318 1475 1437 1522 olim

254 1548 475 1612 Magnus
504 1549 672 1598 Iuleos
702 1551 874 1599 Caesar
900 1553 1111 1600 haberet
1136 1570 1272 1600 avos.

186 1626 297 1675 Nec
324 1627 509 1675 Veneri
535 1636 754 1693 tempus,
784 1646 934 1694 quam
962 1647 1063 1686 ver,
1089 1638 1196 1679 erat
1221 1630 1388 1695 aptius
1415 1630 1602 1677 ullum:

253 1705 385 1753 Vere
412 1707 574 1754 nitent
599 1715 771 1765 terrae;
813 1725 928 1757 vere
955 1710 1195 1757 remissus
1223 1725 1369 1772 ager:

183 1842 239 1874 pro
269 1830 387 1862 aliena.
446 1832 562 1863 Moneri
594 1832 690 1863 etiam
721 1832 860 1876 incipere

184 1887 294 1920 notat3
329 1881 373 1912 iii.
401 1883 434 1912 11
455 1894 462 1919 ;
492 1882 564 1913 hinc
593 1889 675 1913 artes
701 1890 861 1914 moventur

182 1931 310 1974 quando
343 1931 435 1962 initia
469 1931 612 1973 capiunt,
645 1932 860 1964 inveniuntur.

186 1981 291 2012 Titulo
312 1983 441 2017 mensis,-
467 1981 683 2012 denominatio
703 1982 820 2013 mensis
842 1993 859 2014 a

184 2032 323 2063 Venere.

228 2081 414 2112 117—124.
440 2081 575 2113 Veneris
595 2081 706 2111 merita
728 2081 768 2111 de
791 2081 857 2112 Ro-

181 2142 345 2163 manorum
377 2131 562 2173 majoribus.
616 2132 758 2162 Potentes
790 2131 856 2167 Dii,

184 2181 239 2223 qui
255 2192 378 2212 summa
394 2180 546 2222 religione
563 2180 729 2211 coluntur:
749 2181 860 2211 Venus

183 2233 255 2262 diva
279 2238 383 2271 potens
407 2230 524 2271 Cypri‚·
555 2229 717 2266 Horatius,
740 2231 767 2261 I.
796 2230 859 2261 Od.

182 2281 227 2312 iii.
248 2282 274 2313 1.
300 2282 413 2322 Itaque
429 2280 721 2323 interpretationem
740 2281 860 2312 habent

184 2331 282 2362 verba
297 2330 637 2372 templis-frequentibus
652 2337 745 2361 ηιμ-ια.
759 2342 768 2366 ;
786 2341 860 2361 nam

183 2387 317 2422 ungetur
333 2380 405 2410 Dea
423 2380 550 2418 templis,
567 2386 602 2410 ut
619 2379 712 2410 homo
731 2380 858 2411 honori-

181 2431 253 2465 bus,
269 2428 455 2465 commodis,
474 2429 581 2470 augeri
598 2429 724 2461 dicitur.
768 2430 858 2466 Urbe,

182 2479 252 2511 scil.
268 2478 312 2509 in.
358 2478 417 2508 Jus
438 2479 590 2519 poscendi
611 2479 743 2510 cultum.
793 2480 858 2511 Tua

181 2529 288 2571 Troja,
307 2538 377 2569 quae
400 2527 439 2558 ad
463 2534 494 2558 te
518 2538 643 2569 quoque
668 2529 858 2570 pertinebat,

183 2578 261 2622 quia
275 2577 349 2608 inde
363 2576 515 2618 originem
533 2577 643 2614 ducis;
668 2577 741 2609 vide
756 2578 795 2609 ad
812 2579 857 2610 iii.

181 2631 213 2661 9.
263 2628 397 2663 Veneris,
413 2637 510 2668 quum
528 2627 640 2657 EEneae
663 2627 856 2668 periclitanti

182 2689 276 2722 opem
294 2677 398 2713 ferret,
412 2688 535 2707 manum
552 2687 706 2707 summam
725 2677 856 2709 Diome-

181 2730 239 2762 des
253 2728 346 2759 hasta
360 2726 539 2758 vulneravit
551 2738 559 2765 3
581 2737 645 2769 quo
660 2727 789 2758 vulnere
803 2738 856 2759 ac-

183 2784 288 2822 cepto,
305 2776 398 2808 valde
413 2776 470 2808 illa
486 2776 658 2814 clamavit3
684 2776 853 2812 Homerus,

1515 1711 1606 1756 126

933 1834 973 1864 Il.
994 1838 1031 1865 E.
1051 1835 1115 1865 3535
1130 1845 1202 1876 sqq.
1251 1833 1370 1870 Causa,
1387 1843 1443 1864 cur
1459 1843 1516 1874 pro
1529 1832 1607 1864 Tro-

925 1883 1010 1925 janis
1026 1889 1135 1919 staret,
1152 1882 1237 1925 quod
1253 1884 1383 1915 coelestes
1398 1884 1487 1918 duas,
1503 1882 1606 1914 Juno-

931 1945 1002 1965 nem
1025 1939 1056 1964 et
1079 1933 1272 1968 Minervam,
1290 1933 1388 1964 forma
1409 1931 1535 1963 vincere
1546 1934 1606 1973 ju-

929 1986 1032 2014 dicata
1053 1989 1119 2014 erat
1140 1994 1159 2014 a
1181 1983 1309 2018 Paride,
1327 1982 1382 2024 qui
1405 1981 1607 2023 indefatalis

917 2037 1020 2075 judex
1044 2035 1083 2065 ab
1107 2033 1241 2064 Horatio
1264 2032 1312 2063 iii.
1329 2032 1394 2063 Od.
1409 2033 1442 2063 3.
1461 2037 1604 2063 vocatur.

928 2085 998 2115 Hoc
1024 2083 1182 2126 judicium
1212 2082 1333 2114 Junoni
1368 2081 1512 2125 inprimis
1541 2082 1607 2113 alta

928 2141 1033 2165 mente
1051 2139 1210 2176 repostum
1230 2133 1393 2168 manebat,
1413 2132 1488 2162 AEn.
1504 2131 1526 2163 i.
1540 2132 1605 2170 273

929 2183 1013 2214 unde
1040 2193 1163 2224 magnae
1190 2182 1400 2217 calamitates,
1426 2181 1522 2212 etiam
1545 2183 1605 2212 AE-

929 2244 1017 2272 nsae3
1041 2239 1072 2263 et
1089 2232 1260 2263 verendum
1282 2237 1362 2267 erat,
1380 2241 1418 2262 ne
1439 2230 1504 2262 odii
1519 2230 1606 2262 illius

930 2283 975 2313 vis
999 2282 1096 2314 etiam
1121 2282 1161 2312 ad
1187 2282 1330 2312 Caesares
1358 2280 1532 2322 aliquando
1556 2291 1604 2312 re-

929 2332 1108 2369 dundaret;
1133 2331 1206 2361 hinc
1222 2330 1279 2361 illa
1295 2329 1528 2361 averruncandi
1544 2330 1606 2362 for-

927 2381 1025 2415 mula.
1052 2382 1122 2412 Ah!
1147 2382 1251 2416 nolim,
1272 2386 1333 2411 etc.
1381 2379 1433 2410 De
1458 2381 1606 2412 Assaraco

927 2432 998 2463 vide
1015 2442 1139 2462 versum
1156 2432 1211 2461 34.

976 2476 1158 2506 125—332.
1174 2472 1524 2515 Argumentumaveris
1532 2483 1604 2504 sua-

928 2525 1036 2556 vitate.
1054 2525 1161 2556 Nitere
1171 2524 1211 2555 de
1222 2524 1295 2555 laeto
1305 2523 1409 2555 colore
1419 2527 1451 2553 et
1457 2522 1603 2565 jucunda

926 2575 1007 2606 facie
1025 2581 1114 2606 terroe
1132 2584 1228 2605 verno
1245 2579 1399 2615 tempore.
1437 2573 1603 2608 Remis-sus,

926 2627 980 2667 qui
991 2624 1134 2661 remittit,
1147 2623 1270 2655 relaxat
1279 2624 1384 2654 sinum
1394 2633 1498 2658 suum,
1506 2632 1602 2664 quem

925 2675 1024 2716 frigus
1034 2680 1245 2706 contraxerat.
1263 2674 1346 2705 Cum
1357 2684 1428 2715 sqq.
1439 2672 1546 2703 confer
1557 2671 1603 2704 iii.

925 2725 1114 2756 238—240.
1150 2724 1289 2760 Tumida,
1305 2728 1367 2754 etc.
1383 2729 1418 2753 ut
1433 2721 1600 2764 Virgilius,

926 2774 996 2806 Ecl.
1021 2774 1073 2806 vii.
1095 2775 1158 2806 48:
1192 2779 1213 2791 ‘¹
1230 2773 1304 2805 laeto
1326 2778 1456 2814 turgent
1479 2772 1510 2803 in
1532 2773 1600 2815 pal-
