1809 3220
215 180 304 224 342

614 179 667 222 Ρ.
704 179 818 224 OVI
827 179 922 222 DII
955 179 1243 225 NASONIS

209 298 308 348 Hic
334 299 465 347 inter
489 299 686 348 cineres
712 299 934 348 obscaeni
958 299 1119 349 forma
1141 300 1298 350 virilis

274 377 379 426 Aut
402 377 510 435 fuit,
540 385 628 427 aut
650 379 758 427 visa
782 386 890 438 est;
931 379 1022 428 sed
1047 380 1143 428 suit
1163 380 1250 448 illa
1273 379 1453 444 magis.

204 457 235 505 J
242 473 360 506 ussa
384 457 496 505 loco
521 457 721 523 captiva
744 457 907 507 fovet:
949 467 1228 524 conceptus
1255 460 1319 508 ab
1345 459 1431 508 illa

276 536 498 593 Servius,
527 552 556 584 a
580 537 708 585 eoelo
734 537 931 586 semina
955 538 1123 602 gentis
1150 538 1325 587 habet.

207 614 366 678 Signa
381 615 524 663 dedit
548 615 743 678 genitor
768 623 893 674 tum,
912 632 1072 682 quum
1099 624 1256 682 caput
1280 617 1397 681 igne
1422 632 1634 666 corusco

276 693 520 758 Contigit,
548 694 704 758 inque
731 711 877 744 coma
901 695 1168 745 flammeus
1195 694 1319 744 arsit
1344 712 1491 762 apex.
1533 699 1632 745 636

205 773 278 822 Te
306 789 511 838 quoque
537 774 821 838 magnifica,
852 775 1157 833 Concordia,
1186 775 1392 825 dedicat
1416 775 1526 824 aede

274 851 428 910 Livia,
457 870 611 918 quam
638 870 754 903 caro
780 855 1017 920 praestitit
1044 856 1129 904 illa
1153 856 1275 904 viro.

206 931 360 980 Disce
385 939 571 989 tamen,
599 934 823 991 veniens,
851 942 991 992 aetas,
1019 935 1105 983 ubi
1135 933 1275 983 Livia
1299 951 1434 983 nunc
1461 941 1541 984 est

271 1010 523 1068 Porticus,
552 1012 811 1061 immensae
838 1021 975 1062 tecta
999 1013 1155 1062 fuisse
1181 1013 1379 1062 domus.
1421 1020 1429 1027 “

1529 1015 1629 1062 640

206 1091 359 1138 Urbis
386 1108 513 1156 opus
540 1092 720 1140 domus
747 1110 847 1141 una
870 1093 993 1152 fuit3
1036 1093 1363 1158 spatiumque
1388 1093 1598 1142 tenebat

272 1169 386 1226 Quo
412 1171 614 1219 brevius
639 1173 793 1220 muris
819 1173 1008 1239 oppida
1033 1174 1193 1222 multa
1217 1180 1409 1222 tenent.
1432 1233 1434 1235 Ι

204 1248 330 1298 Haec
357 1258 558 1315 aequata
584 1252 691 1301 solo
718 1260 814 1311 est,
843 1253 980 1302 nullo
1007 1254 1102 1302 sub
1129 1253 1339 1302 crimine
1364 1251 1524 1317 regni,

274 1330 377 1378 Sed
402 1331 523 1395 quia
548 1332 747 1380 luxuria
771 1334 877 1382 visa
902 1350 1084 1382 nocere
1111 1350 1219 1382 sua.

204 1409 457 1457 Sustinuit
480 1417 646 1458 tantas
673 1427 882 1476 operum
909 1413 1200 1462 subvertere
1227 1411 1404 1469 moles,

1529 1413 1627 1460 645

269 1487 473 1553 Totque
499 1505 616 1538 suas
643 1490 804 1539 haeres
832 1492 1044 1557 perdere
1073 1491 1246 1540 Caesar
1270 1507 1413 1557 opes.

245 1594 321 1625 633.
360 1594 439 1625 Loco
464 1595 578 1635 forem
619 1595 806 1638 Dionysius,
835 1597 879 1635 εἰς

199 1643 353 1686 Ὅμιλιάν
369 1645 461 1687 αὐτῷ
482 1646 666 1678 συνελθεῖν.
698 1646 788 1678 Idem
808 1658 880 1679 nar-

200 1700 261 1731 rat,
281 1696 448 1727 obscu‘num
470 1695 550 1727 illud
576 1697 615 1728 ab
642 1697 713 1728 aliis
735 1697 879 1736 Vulcani,

202 1746 242 1777 ab
259 1745 330 1777 aliis
345 1746 435 1777 Laris
449 1746 614 1789 cujusdam
633 1747 798 1780 familiaris
811 1759 879 1780 esse

201 1795 356 1828 habitum.
386 1797 474 1839 Ignis
489 1796 542 1828 ille
559 1809 700 1830 coruscus
716 1798 775 1830 fuit
791 1798 877 1831 haud

200 1846 297 1878 dubie
327 1847 435 1879 lumen
469 1847 655 1881 electricum
670 1861 678 1888 3
713 1860 750 1881 eo
787 1857 880 1891 caput

202 1896 291 1940 pueri
306 1900 413 1930 arsis<e
428 1898 523 1930 refert
539 1898 659 1936 Livius,
675 1899 697 1931 i.
713 1901 775 1939 393
800 1900 879 1932 Dio-

203 1947 310 1989 nysius
329 1960 335 1978 :
374 1949 458 1990 φλὸξ
491 1949 762 1991 καταλάμπουσα
795 1951 880 1991 ὅλην

202 1998 266 2037 τὴν
280 1997 441 2040 κεφαλήν.
490 2000 584 2040 Aper,
602 2006 638 2031 ut
654 2001 738 2031 Met.
757 2013 787 2032 x.
803 2001 879 2032 279.

200 2049 330 2079 flamma
344 2050 456 2089 apicem
473 2060 528 2089 per
538 2061 609 2081 aera
626 2051 727 2087 durii,
741 2050 795 2082 ubi
807 2051 878 2083 vide

201 2104 311 2129 notam
326 2103 477 2130 nostram.

243 2149 430 2180 637—648.
473 2149 585 2181 Eodem
620 2149 663 2180 iv.
696 2150 771 2182 Idus
802 2157 875 2182 lem-

198 2200 283 2240 plum
315 2199 490 2231 Concor-dier
514 2213 533 2231 a
562 2201 651 2231 Livia
676 2203 875 2239 dedicatum,-

199 2250 307 2281 confer
322 2249 344 2280 i.
362 2250 437 2281 639.
486 2250 683 2282 Dedicantm·
699 2262 762 2282 non
782 2251 876 2283 modo

200 2299 331 2341 templa,
347 2299 401 2331 sed
419 2299 463 2331 dii
480 2311 619 2343 quoque,
636 2301 689 2343 qui
706 2300 788 2333 inter
800 2301 877 2334 deos

199 2349 406 2392 recipiuntur,
421 2350 533 2392 positis
550 2350 582 2381 in
599 2362 706 2382 eorum
723 2351 875 2383 honorem

200 2400 338 2443 templis,
351 2406 417 2436 aut,
431 2401 548 2442 quibus
560 2401 630 2444 jam
641 2402 777 2445 receptis
793 2413 875 2435 nova

200 2456 324 2482 tantum
346 2451 561 2494 appellatione
582 2463 664 2483 nova
684 2453 770 2484 aedes
784 2452 875 2484 insti-

200 2502 318 2541 tuitur3
342 2501 406 2532 vid.
426 2501 714 2534 Mitscherlichium
739 2503 781 2534 ad
804 2504 872 2535 Ho-

199 2552 326 2588 ratium,
341 2552 371 2583 I.
394 2552 458 2584 Od.
477 2552 565 2583 xxxi.
584 2554 612 2584 1.
660 2554 767 2585 Prima
790 2554 875 2586 aedes

198 2602 386 2636 Concordiae
398 2603 466 2646 jam
482 2614 565 2634 anno
581 2604 623 2635 U.
640 2604 678 2636 C.
694 2606 768 2636 449.
784 2605 873 2636 dedi-

198 2660 291 2685 cata:
317 2652 436 2691 Livius,
451 2655 495 2685 ix.
510 2655 564 2685 46.
611 2655 708 2686 Livia:
722 2658 874 2695 porticum

198 2704 364 2746 Augustus
383 2704 565 2742 aedificavit,
581 2715 619 2737 eo
639 2705 719 2743 loco,
737 2706 791 2737 ubi
815 2706 875 2737 im-

198 2765 310 2786 mensa
323 2754 420 2786 Vodii
442 2754 609 2792 Pollionis,
623 2755 762 2787 hominis
780 2756 873 2788 luxu-

197 2804 271 2837 riosi
295 2804 435 2847 (Seneca
460 2805 500 2837 de
523 2804 570 2837 ira
594 2805 640 2838 iii.
665 2805 737 2847 40.)
761 2806 873 2838 domus

948 1602 1093 1635 steterat,
1120 1607 1216 1640 quam
1247 1596 1306 1628 sibi
1332 1596 1473 1639 legatam
1502 1602 1631 1640 propter

949 1647 1080 1678 nimiam
1090 1647 1344 1690 magnitudinem
1354 1647 1420 1679 solu
1429 1652 1632 1689 aequaverat;

949 1697 1014 1728 Dio
1029 1697 1085 1729 lib.
1101 1699 1154 1729 54.
1189 1698 1280 1729 Urbis
1294 1709 1380 1738 opus,
1396 1708 1476 1741 opus
1491 1703 1628 1736 tantum,

949 1754 1071 1791 quanta
1088 1749 1172 1780 urbs.

993 1800 1069 1831 643.
1094 1800 1192 1831 Nullo
1214 1800 1281 1837 sub,
1304 1798 1385 1840 etc.]
1412 1798 1546 1830 Sensum
1570 1798 1627 1831 ho-

949 1860 1017 1881 rum
1046 1849 1215 1881 verborum
1243 1856 1329 1881 recte
1359 1848 1516 1891 explicuit
1543 1848 1626 1880 Bur-

950 1911 1097 1932 mannus.
1152 1901 1239 1938 Non,
1271 1900 1348 1943 quia
1376 1899 1458 1932 arcis
1484 1899 1627 1943 speciem

949 1952 1125 1993 praebebat,
1145 1957 1176 1982 et
1192 1951 1238 1983 ita
1258 1950 1347 1994 regni
1365 1949 1520 1982 adfectati
1538 1961 1627 1983 reum

948 2007 1055 2043 posset
1085 2011 1295 2043 possessorem
1325 2000 1442 2038 facere,
1467 1999 1523 2032 sed
1552 2000 1629 2043 quia

949 2051 1082 2083 luxuriae
1104 2052 1286 2094 exemplum
1309 2051 1381 2083 aliis
1398 2052 1540 2094 praebere
1555 2062 1628 2094 pos-

947 2107 1006 2132 set.
1040 2101 1102 2132 Sub
1117 2112 1246 2133 causam
1262 2101 1385 2133 indicat
1399 2113 1407 2140 ;
1425 2100 1497 2133 vide
1512 2101 1626 2134 Schul—

945 2151 1024 2194 ting.
1041 2151 1080 2183 ad
1097 2152 1263 2189 Senecam,
1279 2153 1372 2184 Suas.
1387 2151 1443 2183 vii.
1476 2152 1624 2184 Fortasse

945 2208 1040 2243 poeta
1060 2202 1200 2245 respexit
1215 2213 1265 2239 ea,
1283 2213 1354 2244 quae
1371 2201 1502 2234 Valerio
1522 2213 1624 2245 quon-

945 2252 1020 2284 dam
1047 2253 1253 2285 acciderunt:
1285 2252 1405 2290 Livius,
1434 2253 1468 2284 ii.
1494 2253 1526 2284 7.
1571 2253 1623 2285 Sic

943 2305 1064 2345 agitur.
1111 2303 1233 2335 Munus
1258 2303 1397 2335 censoris
1421 2302 1625 2346 intelligend-

945 2353 1124 2389 Suetonius,
1145 2353 1284 2395 August.
1302 2353 1365 2384 27:
1390 2357 1411 2370 ‘⁸
1427 2352 1568 2396 Recepit
1590 2359 1624 2386 et

945 2413 1067 2434 morum
1094 2404 1265 2446 legumque
1291 2402 1468 2446 regimen.”
1514 2403 1566 2435 De
1588 2403 1621 2436 vi

943 2452 1039 2495 hujus
1065 2455 1190 2494 exempli
1221 2459 1305 2486 recte
1331 2453 1459 2496 judicat
1485 2453 1621 2492 Plinius,

943 2513 1060 2545 paneg.
1082 2506 1144 2535 45:
1171 2507 1192 2521 ¹‘
1210 2503 1288 2535 Vita
1311 2503 1464 2547 principis
1487 2513 1621 2536 censura

944 2559 1004 2589 est,
1022 2564 1124 2596 eaque
1146 2560 1319 2598 perpetua;
1343 2553 1385 2586 ad
1405 2554 1488 2586 hanc
1509 2553 1620 2597 dirigi-

943 2614 1023 2641 mur,
1045 2605 1085 2635 ad
1110 2604 1192 2637 hanc
1215 2605 1444 2636 convertimur:
1470 2614 1528 2636 nec
1551 2609 1619 2636 tam

942 2654 1075 2697 imperio
1098 2654 1190 2688 nobis
1209 2667 1299 2699 opus,
1316 2666 1413 2698 quam
1436 2654 1620 2698 exemplo.’'

948 2705 1082 2744 Vindex,-
1107 2705 1152 2737 sic
1168 2706 1265 2739 etiam
1280 2707 1418 2738 Metam.
1429 2705 1452 2738 i.
1461 2706 1524 2738 89:
1541 2717 1618 2748 quoe,

942 2758 1063 2789 vindice
1091 2759 1192 2795 nullo,
1210 2759 1309 2801 fidem
1337 2764 1511 2799 rectumque
1539 2758 1618 2790 cole-

942 2807 1006 2838 but.
