<?xml version="1.0" encoding="UTF-8"?>
<!DOCTYPE html PUBLIC "-//W3C//DTD XHTML 1.0 Transitional//EN"
    "http://www.w3.org/TR/xhtml1/DTD/xhtml1-transitional.dtd">
<html xmlns="http://www.w3.org/1999/xhtml" xml:lang="en" lang="en">
 <head>
  <title>
</title>
<meta http-equiv="Content-Type" content="text/html;charset=utf-8" />
  <meta name='ocr-system' content='tesseract 3.04.00' />
  <meta name='ocr-capabilities' content='ocr_page ocr_carea ocr_par ocr_line ocrx_word'/>
</head>
<body>
  <div class='ocr_page' id='page_1' title='image "./povidiinasonisop05oviduoft_0078.png"; bbox 0 0 1830 3220; ppageno 0'>
   <div class='ocr_carea' id='block_1_1' title="bbox 210 211 1236 255">
    <p class='ocr_par' dir='ltr' id='par_1_1' title="bbox 210 211 1236 255">
     <span class='ocr_line' id='line_1_1' title="bbox 210 211 1236 255; baseline -0.003 0"><span class='ocrx_word' id='word_1_1' title='bbox 210 216 268 255; x_wconf 83' lang='lat'>50</span> <span class='ocrx_word' id='word_1_2' title='bbox 611 213 661 253; x_wconf 89' lang='lat' dir='ltr'>P.</span> <span class='ocrx_word' id='word_1_3' title='bbox 697 211 912 253; x_wconf 81' lang='lat' dir='ltr'>OVIDII</span> <span class='ocrx_word' id='word_1_4' title='bbox 950 211 1236 253; x_wconf 76' lang='lat' dir='ltr'>NASONIS</span> 
     </span>
    </p>
   </div>
   <div class='ocr_carea' id='block_1_2' title="bbox 220 328 1571 707">
    <p class='ocr_par' dir='ltr' id='par_1_2' title="bbox 220 328 1571 471">
     <span class='ocr_line' id='line_1_2' title="bbox 220 328 1571 393; baseline -0.001 -15"><span class='ocrx_word' id='word_1_5' title='bbox 220 331 497 380; x_wconf 81' lang='lat' dir='ltr'>Placentur</span> <span class='ocrx_word' id='word_1_6' title='bbox 521 336 707 378; x_wconf 89' lang='lat' dir='ltr'>matres</span> <span class='ocrx_word' id='word_1_7' title='bbox 740 329 957 393; x_wconf 87' lang='lat' dir='ltr'>frugum,</span> <span class='ocrx_word' id='word_1_8' title='bbox 985 329 1264 393; x_wconf 82' lang='lat' dir='ltr'>Tellusque</span> <span class='ocrx_word' id='word_1_9' title='bbox 1291 328 1571 393; x_wconf 82' lang='lat' dir='ltr'>Ceresque,</span> 
     </span>
     <span class='ocr_line' id='line_1_3' title="bbox 290 407 1380 471; baseline -0.002 -14"><span class='ocrx_word' id='word_1_10' title='bbox 290 409 441 457; x_wconf 87' lang='lat' dir='ltr'>Farre</span> <span class='ocrx_word' id='word_1_11' title='bbox 467 425 575 465; x_wconf 90' lang='lat' dir='ltr'>suo,</span> <span class='ocrx_word' id='word_1_12' title='bbox 605 408 822 471; x_wconf 77' lang='lat' dir='ltr'>gravidae</span> <span class='ocrx_word' id='word_1_13' title='bbox 848 408 1231 471; x_wconf 85' lang='lat' dir='ltr'>visceribusque</span> <span class='ocrx_word' id='word_1_14' title='bbox 1258 407 1380 456; x_wconf 85' lang='lat' dir='ltr'>suis.</span> 
     </span>
    </p>

    <p class='ocr_par' dir='ltr' id='par_1_3' title="bbox 223 485 1458 629">
     <span class='ocr_line' id='line_1_4' title="bbox 223 485 1454 543; baseline -0.002 -8"><span class='ocrx_word' id='word_1_15' title='bbox 223 487 459 535; x_wconf 88' lang='lat' dir='ltr'>Officium</span> <span class='ocrx_word' id='word_1_16' title='bbox 485 502 754 534; x_wconf 90' lang='lat' dir='ltr'>commune</span> <span class='ocrx_word' id='word_1_17' title='bbox 781 485 940 534; x_wconf 88' lang='lat' dir='ltr'>Ceres</span> <span class='ocrx_word' id='word_1_18' title='bbox 966 493 1018 534; x_wconf 89' lang='lat' dir='ltr'>et</span> <span class='ocrx_word' id='word_1_19' title='bbox 1042 485 1198 533; x_wconf 88' lang='lat' dir='ltr'>Terra</span> <span class='ocrx_word' id='word_1_20' title='bbox 1222 492 1454 543; x_wconf 82' lang='lat' dir='ltr'>tuentur3</span> 
     </span>
     <span class='ocr_line' id='line_1_5' title="bbox 291 563 1458 629; baseline 0 -17"><span class='ocrx_word' id='word_1_21' title='bbox 291 564 416 612; x_wconf 84' lang='lat' dir='ltr'>Haec</span> <span class='ocrx_word' id='word_1_22' title='bbox 442 565 637 629; x_wconf 86' lang='lat' dir='ltr'>praebet</span> <span class='ocrx_word' id='word_1_23' title='bbox 661 580 870 612; x_wconf 87' lang='lat' dir='ltr'>causam</span> <span class='ocrx_word' id='word_1_24' title='bbox 895 563 1140 627; x_wconf 84' lang='lat' dir='ltr'>frugibus,</span> <span class='ocrx_word' id='word_1_25' title='bbox 1163 563 1248 611; x_wconf 91' lang='lat' dir='ltr'>illa</span> <span class='ocrx_word' id='word_1_26' title='bbox 1272 564 1458 612; x_wconf 90' lang='lat' dir='ltr'>locum.</span> 
     </span>
    </p>

    <p class='ocr_par' dir='ltr' id='par_1_4' title="bbox 223 643 1544 707">
     <span class='ocr_line' id='line_1_6' title="bbox 223 643 1544 707; baseline -0.002 -16"><span class='ocrx_word' id='word_1_27' title='bbox 223 643 501 692; x_wconf 88' lang='lat' dir='ltr'>Consortes</span> <span class='ocrx_word' id='word_1_28' title='bbox 528 658 755 707; x_wconf 88' lang='lat' dir='ltr'>operum,</span> <span class='ocrx_word' id='word_1_29' title='bbox 784 658 874 706; x_wconf 91' lang='lat' dir='ltr'>per</span> <span class='ocrx_word' id='word_1_30' title='bbox 899 658 1026 705; x_wconf 88' lang='lat' dir='ltr'>quas</span> <span class='ocrx_word' id='word_1_31' title='bbox 1052 649 1279 690; x_wconf 87' lang='lat' dir='ltr'>correcta</span> <span class='ocrx_word' id='word_1_32' title='bbox 1301 648 1544 698; x_wconf 87' lang='lat' dir='ltr'>vetustas,</span> 
     </span>
    </p>
   </div>
   <div class='ocr_carea' id='block_1_3' title="bbox 290 719 1420 784">
    <p class='ocr_par' dir='ltr' id='par_1_5' title="bbox 290 719 1420 784">
     <span class='ocr_line' id='line_1_7' title="bbox 290 719 1420 784; baseline -0.001 -16"><span class='ocrx_word' id='word_1_33' title='bbox 290 721 599 784; x_wconf 84' lang='lat' dir='ltr'>Quernaque</span> <span class='ocrx_word' id='word_1_34' title='bbox 625 721 768 783; x_wconf 85' lang='lat' dir='ltr'>glans</span> <span class='ocrx_word' id='word_1_35' title='bbox 793 720 926 768; x_wconf 83' lang='lat' dir='ltr'>victa</span> <span class='ocrx_word' id='word_1_36' title='bbox 951 727 1029 768; x_wconf 85' lang='lat' dir='ltr'>est</span> <span class='ocrx_word' id='word_1_37' title='bbox 1054 719 1254 767; x_wconf 84' lang='lat' dir='ltr'>utiliore</span> <span class='ocrx_word' id='word_1_38' title='bbox 1276 719 1420 776; x_wconf 91' lang='lat' dir='ltr'>cibo;</span> 
     </span>
    </p>
   </div>
   <div class='ocr_carea' id='block_1_4' title="bbox 1543 721 1642 767">
    <p class='ocr_par' dir='ltr' id='par_1_6' title="bbox 1543 721 1642 767">
     <span class='ocr_line' id='line_1_8' title="bbox 1543 721 1642 767; baseline -0.01 0"><span class='ocrx_word' id='word_1_39' title='bbox 1543 721 1642 767; x_wconf 90' lang='grc'>676</span> 
     </span>
    </p>
   </div>
   <div class='ocr_carea' id='block_1_5' title="bbox 223 798 1644 1412">
    <p class='ocr_par' dir='ltr' id='par_1_7' title="bbox 223 798 1644 1412">
     <span class='ocr_line' id='line_1_9' title="bbox 223 798 1407 863; baseline -0.003 -16"><span class='ocrx_word' id='word_1_40' title='bbox 223 799 474 863; x_wconf 82' lang='lat' dir='ltr'>Frugibus</span> <span class='ocrx_word' id='word_1_41' title='bbox 498 798 759 847; x_wconf 84' lang='lat' dir='ltr'>immensis</span> <span class='ocrx_word' id='word_1_42' title='bbox 782 798 953 846; x_wconf 86' lang='lat' dir='ltr'>avidos</span> <span class='ocrx_word' id='word_1_43' title='bbox 978 799 1160 845; x_wconf 86' lang='lat' dir='ltr'>satiate</span> <span class='ocrx_word' id='word_1_44' title='bbox 1185 798 1407 853; x_wconf 89' lang='lat' dir='ltr'>colonos,</span> 
     </span>
     <span class='ocr_line' id='line_1_10' title="bbox 294 876 1316 942; baseline -0.003 -17"><span class='ocrx_word' id='word_1_45' title='bbox 294 876 366 925; x_wconf 89' lang='lat' dir='ltr'>Ut</span> <span class='ocrx_word' id='word_1_46' title='bbox 391 878 595 942; x_wconf 79' lang='lat' dir='ltr'>capiant</span> <span class='ocrx_word' id='word_1_47' title='bbox 620 877 786 924; x_wconf 89' lang='lat' dir='ltr'>cultus</span> <span class='ocrx_word' id='word_1_48' title='bbox 814 876 1019 941; x_wconf 76' lang='lat' dir='ltr'>praemia</span> <span class='ocrx_word' id='word_1_49' title='bbox 1043 876 1198 938; x_wconf 85' lang='lat' dir='ltr'>digna</span> <span class='ocrx_word' id='word_1_50' title='bbox 1223 876 1316 923; x_wconf 89' lang='lat' dir='ltr'>sui.</span> 
     </span>
     <span class='ocr_line' id='line_1_11' title="bbox 224 954 1554 1020; baseline 0 -18"><span class='ocrx_word' id='word_1_51' title='bbox 224 955 326 1003; x_wconf 92' lang='lat' dir='ltr'>Vos</span> <span class='ocrx_word' id='word_1_52' title='bbox 353 955 473 1003; x_wconf 89' lang='lat' dir='ltr'>date</span> <span class='ocrx_word' id='word_1_53' title='bbox 499 963 771 1020; x_wconf 88' lang='lat' dir='ltr'>perpetuos</span> <span class='ocrx_word' id='word_1_54' title='bbox 797 955 982 1002; x_wconf 90' lang='lat' dir='ltr'>teneris</span> <span class='ocrx_word' id='word_1_55' title='bbox 1005 954 1319 1003; x_wconf 87' lang='lat' dir='ltr'>sementibus</span> <span class='ocrx_word' id='word_1_56' title='bbox 1345 961 1554 1002; x_wconf 87' lang='lat' dir='ltr'>auctus:</span> 
     </span>
     <span class='ocr_line' id='line_1_12' title="bbox 294 1032 1644 1098; baseline -0.001 -18"><span class='ocrx_word' id='word_1_57' title='bbox 294 1033 403 1082; x_wconf 88' lang='lat' dir='ltr'>Nec</span> <span class='ocrx_word' id='word_1_58' title='bbox 430 1050 557 1081; x_wconf 86' lang='lat' dir='ltr'>nova</span> <span class='ocrx_word' id='word_1_59' title='bbox 582 1049 671 1098; x_wconf 87' lang='lat' dir='ltr'>pei·</span> <span class='ocrx_word' id='word_1_60' title='bbox 692 1034 885 1096; x_wconf 84' lang='lat' dir='ltr'>gelidas</span> <span class='ocrx_word' id='word_1_61' title='bbox 913 1033 1071 1081; x_wconf 87' lang='lat' dir='ltr'>herba</span> <span class='ocrx_word' id='word_1_62' title='bbox 1096 1032 1162 1080; x_wconf 88' lang='lat' dir='ltr'>sit</span> <span class='ocrx_word' id='word_1_63' title='bbox 1187 1039 1301 1080; x_wconf 85' lang='lat' dir='ltr'>usta</span> <span class='ocrx_word' id='word_1_64' title='bbox 1328 1033 1485 1080; x_wconf 90' lang='lat' dir='ltr'>nives.</span> <span class='ocrx_word' id='word_1_65' title='bbox 1545 1034 1644 1080; x_wconf 78' lang='lat'>680</span> 
     </span>
     <span class='ocr_line' id='line_1_13' title="bbox 225 1110 1518 1176; baseline 0.001 -18"><span class='ocrx_word' id='word_1_66' title='bbox 225 1110 395 1166; x_wconf 84' lang='lat' dir='ltr'>Quum</span> <span class='ocrx_word' id='word_1_67' title='bbox 422 1112 651 1167; x_wconf 83' lang='lat' dir='ltr'>serimus,</span> <span class='ocrx_word' id='word_1_68' title='bbox 680 1113 863 1159; x_wconf 85' lang='lat' dir='ltr'>coelum</span> <span class='ocrx_word' id='word_1_69' title='bbox 889 1112 1051 1160; x_wconf 88' lang='lat' dir='ltr'>ventis</span> <span class='ocrx_word' id='word_1_70' title='bbox 1079 1111 1272 1176; x_wconf 81' lang='lat' dir='ltr'>aperite</span> <span class='ocrx_word' id='word_1_71' title='bbox 1300 1111 1518 1160; x_wconf 84' lang='lat' dir='ltr'>serenis:</span> 
     </span>
     <span class='ocr_line' id='line_1_14' title="bbox 292 1189 1489 1256; baseline 0.003 -20"><span class='ocrx_word' id='word_1_72' title='bbox 292 1189 461 1244; x_wconf 85' lang='lat' dir='ltr'>Quum</span> <span class='ocrx_word' id='word_1_73' title='bbox 487 1191 627 1246; x_wconf 86' lang='lat' dir='ltr'>latet,</span> <span class='ocrx_word' id='word_1_74' title='bbox 656 1190 862 1238; x_wconf 78' lang='lat' dir='ltr'>aetheria</span> <span class='ocrx_word' id='word_1_75' title='bbox 887 1191 1110 1255; x_wconf 81' lang='lat' dir='ltr'>spargite</span> <span class='ocrx_word' id='word_1_76' title='bbox 1138 1207 1312 1239; x_wconf 90' lang='lat' dir='ltr'>semen</span> <span class='ocrx_word' id='word_1_77' title='bbox 1341 1207 1489 1256; x_wconf 85' lang='lat' dir='ltr'>aqua.</span> 
     </span>
     <span class='ocr_line' id='line_1_15' title="bbox 226 1267 1363 1331; baseline 0.003 -16"><span class='ocrx_word' id='word_1_78' title='bbox 226 1267 367 1316; x_wconf 83' lang='lat' dir='ltr'>Neve</span> <span class='ocrx_word' id='word_1_79' title='bbox 395 1285 570 1331; x_wconf 85' lang='lat' dir='ltr'>graves</span> <span class='ocrx_word' id='word_1_80' title='bbox 596 1270 745 1316; x_wconf 83' lang='lat' dir='ltr'>cultis</span> <span class='ocrx_word' id='word_1_81' title='bbox 774 1270 1006 1318; x_wconf 82' lang='lat' dir='ltr'>Cerealia</span> <span class='ocrx_word' id='word_1_82' title='bbox 1031 1270 1165 1317; x_wconf 87' lang='lat' dir='ltr'>dona</span> <span class='ocrx_word' id='word_1_83' title='bbox 1190 1277 1363 1318; x_wconf 82' lang='lat' dir='ltr'>cavete</span> 
     </span>
     <span class='ocr_line' id='line_1_16' title="bbox 294 1345 1277 1412; baseline 0.003 -20"><span class='ocrx_word' id='word_1_84' title='bbox 294 1345 511 1410; x_wconf 86' lang='lat' dir='ltr'>Agmine</span> <span class='ocrx_word' id='word_1_85' title='bbox 538 1348 718 1395; x_wconf 76' lang='lat' dir='ltr'>laesuro</span> <span class='ocrx_word' id='word_1_86' title='bbox 744 1348 1119 1412; x_wconf 83' lang='lat' dir='ltr'>depopulentur</span> <span class='ocrx_word' id='word_1_87' title='bbox 1145 1364 1277 1396; x_wconf 88' lang='lat' dir='ltr'>aves.</span> 
     </span>
    </p>
   </div>
   <div class='ocr_carea' id='block_1_6' title="bbox 226 1507 906 2848">
    <p class='ocr_par' dir='ltr' id='par_1_8' title="bbox 226 1507 904 1948">
     <span class='ocr_line' id='line_1_17' title="bbox 227 1507 904 1552; baseline 0.003 -14"><span class='ocrx_word' id='word_1_88' title='bbox 227 1507 387 1544; x_wconf 81' lang='lat' dir='ltr'>Tibullus,</span> <span class='ocrx_word' id='word_1_89' title='bbox 410 1508 443 1539; x_wconf 80' lang='lat' dir='ltr'>d.</span> <span class='ocrx_word' id='word_1_90' title='bbox 462 1509 482 1539; x_wconf 95' lang='lat' dir='ltr'>l.</span> <span class='ocrx_word' id='word_1_91' title='bbox 496 1514 515 1526; x_wconf 78' lang='lat'>‘¹</span> <span class='ocrx_word' id='word_1_92' title='bbox 544 1509 587 1539; x_wconf 88' lang='lat' dir='ltr'>Di</span> <span class='ocrx_word' id='word_1_93' title='bbox 611 1509 717 1552; x_wconf 70' lang='lat' dir='ltr'>patrii,</span> <span class='ocrx_word' id='word_1_94' title='bbox 732 1520 904 1552; x_wconf 78' lang='lat' dir='ltr'>purgamus</span> 
     </span>
     <span class='ocr_line' id='line_1_18' title="bbox 228 1557 901 1601; baseline 0.003 -14"><span class='ocrx_word' id='word_1_95' title='bbox 228 1557 435 1598; x_wconf 51' lang='lat' dir='ltr'>(lustramus)</span> <span class='ocrx_word' id='word_1_96' title='bbox 465 1569 567 1600; x_wconf 81' lang='lat' dir='ltr'>agros.</span> <span class='ocrx_word' id='word_1_97' title='bbox 601 1570 773 1601; x_wconf 71' lang='lat' dir='ltr'>purgamus</span> <span class='ocrx_word' id='word_1_98' title='bbox 798 1570 901 1601; x_wconf 77' lang='lat' dir='ltr'>agres-</span> 
     </span>
     <span class='ocr_line' id='line_1_19' title="bbox 229 1607 902 1640; baseline 0.004 -3"><span class='ocrx_word' id='word_1_99' title='bbox 229 1607 310 1638; x_wconf 83' lang='lat' dir='ltr'>tes.&#39;’</span> <span class='ocrx_word' id='word_1_100' title='bbox 372 1608 450 1639; x_wconf 80' lang='lat' dir='ltr'>Deae</span> <span class='ocrx_word' id='word_1_101' title='bbox 484 1616 593 1639; x_wconf 80' lang='lat' dir='ltr'>matres</span> <span class='ocrx_word' id='word_1_102' title='bbox 619 1609 767 1640; x_wconf 74' lang='lat' dir='ltr'>dicuntur</span> <span class='ocrx_word' id='word_1_103' title='bbox 795 1620 902 1640; x_wconf 83' lang='lat' dir='ltr'>earum</span> 
     </span>
     <span class='ocr_line' id='line_1_20' title="bbox 229 1659 904 1699; baseline 0.003 -12"><span class='ocrx_word' id='word_1_104' title='bbox 229 1666 342 1692; x_wconf 88' lang='lat' dir='ltr'>rerum,</span> <span class='ocrx_word' id='word_1_105' title='bbox 373 1669 453 1698; x_wconf 79' lang='lat' dir='ltr'>quas</span> <span class='ocrx_word' id='word_1_106' title='bbox 483 1664 623 1693; x_wconf 73' lang='lat' dir='ltr'>tuentur,</span> <span class='ocrx_word' id='word_1_107' title='bbox 654 1665 685 1689; x_wconf 87' lang='lat' dir='ltr'>ut</span> <span class='ocrx_word' id='word_1_108' title='bbox 712 1659 764 1689; x_wconf 88' lang='lat' dir='ltr'>Dii</span> <span class='ocrx_word' id='word_1_109' title='bbox 792 1667 904 1699; x_wconf 58' lang='lat' dir='ltr'>patres.</span> 
     </span>
     <span class='ocr_line' id='line_1_21' title="bbox 233 1705 904 1749; baseline 0.004 -13"><span class='ocrx_word' id='word_1_110' title='bbox 233 1705 364 1742; x_wconf 80' lang='lat' dir='ltr'>Viscera,</span> <span class='ocrx_word' id='word_1_111' title='bbox 382 1707 498 1747; x_wconf 68' lang='lat' dir='ltr'>fruges,</span> <span class='ocrx_word' id='word_1_112' title='bbox 514 1719 593 1749; x_wconf 74' lang='lat' dir='ltr'>quas</span> <span class='ocrx_word' id='word_1_113' title='bbox 618 1708 679 1738; x_wconf 72' lang='lat' dir='ltr'>illm</span> <span class='ocrx_word' id='word_1_114' title='bbox 697 1720 713 1738; x_wconf 82' lang='lat' dir='ltr'>e</span> <span class='ocrx_word' id='word_1_115' title='bbox 731 1708 904 1740; x_wconf 79' lang='lat' dir='ltr'>visceribus</span> 
     </span>
     <span class='ocr_line' id='line_1_22' title="bbox 228 1755 900 1800; baseline 0.004 -14"><span class='ocrx_word' id='word_1_116' title='bbox 228 1755 292 1786; x_wconf 86' lang='lat' dir='ltr'>suis</span> <span class='ocrx_word' id='word_1_117' title='bbox 308 1757 517 1798; x_wconf 86' lang='lat' dir='ltr'>protulerunt.</span> <span class='ocrx_word' id='word_1_118' title='bbox 557 1758 674 1788; x_wconf 79' lang='lat' dir='ltr'>Confer</span> <span class='ocrx_word' id='word_1_119' title='bbox 690 1758 729 1788; x_wconf 84' lang='lat' dir='ltr'>iv.</span> <span class='ocrx_word' id='word_1_120' title='bbox 748 1759 810 1789; x_wconf 87' lang='grc'>633</span> <span class='ocrx_word' id='word_1_121' title='bbox 828 1770 900 1800; x_wconf 84' lang='lat' dir='ltr'>sqq.</span> 
     </span>
     <span class='ocr_line' id='line_1_23' title="bbox 231 1805 903 1848; baseline 0.007 -13"><span class='ocrx_word' id='word_1_122' title='bbox 231 1805 331 1836; x_wconf 74' lang='lat' dir='ltr'>Causa</span> <span class='ocrx_word' id='word_1_123' title='bbox 344 1813 415 1836; x_wconf 84' lang='lat' dir='ltr'>sunt</span> <span class='ocrx_word' id='word_1_124' title='bbox 425 1807 556 1837; x_wconf 81' lang='lat' dir='ltr'>semina.</span> <span class='ocrx_word' id='word_1_125' title='bbox 594 1807 644 1837; x_wconf 89' lang='lat' dir='ltr'>De</span> <span class='ocrx_word' id='word_1_126' title='bbox 659 1807 755 1848; x_wconf 74' lang='lat' dir='ltr'>officio</span> <span class='ocrx_word' id='word_1_127' title='bbox 768 1808 903 1840; x_wconf 84' lang='lat' dir='ltr'>Telluris</span> 
     </span>
     <span class='ocr_line' id='line_1_24' title="bbox 226 1855 901 1897; baseline 0.003 -11"><span class='ocrx_word' id='word_1_128' title='bbox 226 1855 259 1886; x_wconf 89' lang='lat' dir='ltr'>in</span> <span class='ocrx_word' id='word_1_129' title='bbox 275 1855 418 1897; x_wconf 81' lang='lat' dir='ltr'>frugibus</span> <span class='ocrx_word' id='word_1_130' title='bbox 433 1857 570 1887; x_wconf 67' lang='lat' dir='ltr'>ferendis</span> <span class='ocrx_word' id='word_1_131' title='bbox 591 1857 699 1888; x_wconf 78' lang='lat' dir='ltr'>confer</span> <span class='ocrx_word' id='word_1_132' title='bbox 717 1858 850 1890; x_wconf 78' lang='lat' dir='ltr'>Metam.</span> <span class='ocrx_word' id='word_1_133' title='bbox 866 1859 901 1889; x_wconf 93' lang='lat' dir='ltr'>ii.</span> 
     </span>
     <span class='ocr_line' id='line_1_25' title="bbox 229 1906 382 1948; baseline 0.007 -13"><span class='ocrx_word' id='word_1_134' title='bbox 229 1906 293 1937; x_wconf 82' lang='lat'>285</span> <span class='ocrx_word' id='word_1_135' title='bbox 309 1916 382 1948; x_wconf 83' lang='lat' dir='ltr'>sqq.</span> 
     </span>
    </p>

    <p class='ocr_par' dir='ltr' id='par_1_9' title="bbox 229 1956 906 2797">
     <span class='ocr_line' id='line_1_26' title="bbox 273 1956 903 2000; baseline 0.005 -14"><span class='ocrx_word' id='word_1_136' title='bbox 273 1956 350 1988; x_wconf 89' lang='lat'><strong>675.</strong></span> <span class='ocrx_word' id='word_1_137' title='bbox 377 1957 494 1987; x_wconf 78' lang='lat' dir='ltr'>Confer</span> <span class='ocrx_word' id='word_1_138' title='bbox 517 1967 591 1987; x_wconf 90' lang='lat' dir='ltr'>cum</span> <span class='ocrx_word' id='word_1_139' title='bbox 616 1957 664 1988; x_wconf 81' lang='lat' dir='ltr'>his</span> <span class='ocrx_word' id='word_1_140' title='bbox 690 1957 837 2000; x_wconf 85' lang='lat' dir='ltr'>precibus</span> <span class='ocrx_word' id='word_1_141' title='bbox 861 1957 903 1989; x_wconf 89' lang='lat' dir='ltr'>iv.</span> 
     </span>
     <span class='ocr_line' id='line_1_27' title="bbox 229 2005 902 2049; baseline 0.006 -14"><span class='ocrx_word' id='word_1_142' title='bbox 229 2005 288 2036; x_wconf 88' lang='lat'>911</span> <span class='ocrx_word' id='word_1_143' title='bbox 309 2016 382 2048; x_wconf 86' lang='lat' dir='ltr'>sqq.</span> <span class='ocrx_word' id='word_1_144' title='bbox 400 2006 452 2036; x_wconf 90' lang='lat' dir='ltr'>ubi</span> <span class='ocrx_word' id='word_1_145' title='bbox 473 2017 581 2037; x_wconf 87' lang='lat' dir='ltr'>earum</span> <span class='ocrx_word' id='word_1_146' title='bbox 604 2007 773 2038; x_wconf 78' lang='lat' dir='ltr'>utilitatem</span> <span class='ocrx_word' id='word_1_147' title='bbox 796 2008 902 2049; x_wconf 81' lang='lat' dir='ltr'>attigi-</span> 
     </span>
     <span class='ocr_line' id='line_1_28' title="bbox 229 2056 902 2096; baseline 0.006 -11"><span class='ocrx_word' id='word_1_148' title='bbox 229 2065 311 2086; x_wconf 88' lang='lat' dir='ltr'>muS.</span> <span class='ocrx_word' id='word_1_149' title='bbox 352 2056 507 2087; x_wconf 48' lang='lat' dir='ltr'>Consartes</span> <span class='ocrx_word' id='word_1_150' title='bbox 521 2068 655 2096; x_wconf 79' lang='lat' dir='ltr'>operum,</span> <span class='ocrx_word' id='word_1_151' title='bbox 672 2059 769 2089; x_wconf 81' lang='lat' dir='ltr'>Ceres</span> <span class='ocrx_word' id='word_1_152' title='bbox 784 2064 816 2089; x_wconf 87' lang='lat' dir='ltr'>et</span> <span class='ocrx_word' id='word_1_153' title='bbox 830 2059 902 2089; x_wconf 83' lang='lat' dir='ltr'>Te}-</span> 
     </span>
     <span class='ocr_line' id='line_1_29' title="bbox 230 2104 903 2150; baseline 0.007 -15"><span class='ocrx_word' id='word_1_154' title='bbox 230 2104 291 2141; x_wconf 88' lang='lat' dir='ltr'>lus,</span> <span class='ocrx_word' id='word_1_155' title='bbox 315 2116 386 2146; x_wconf 83' lang='lat' dir='ltr'>quae</span> <span class='ocrx_word' id='word_1_156' title='bbox 409 2106 563 2147; x_wconf 78' lang='lat' dir='ltr'>adjuvant</span> <span class='ocrx_word' id='word_1_157' title='bbox 586 2108 718 2138; x_wconf 75' lang='lat' dir='ltr'>rusticos</span> <span class='ocrx_word' id='word_1_158' title='bbox 742 2108 773 2138; x_wconf 89' lang='lat' dir='ltr'>in</span> <span class='ocrx_word' id='word_1_159' title='bbox 799 2118 903 2150; x_wconf 78' lang='lat' dir='ltr'>opere.</span> 
     </span>
     <span class='ocr_line' id='line_1_30' title="bbox 234 2154 901 2192; baseline 0.007 -8"><span class='ocrx_word' id='word_1_160' title='bbox 234 2154 376 2185; x_wconf 68' lang='lat' dir='ltr'>Cor-reeta</span> <span class='ocrx_word' id='word_1_161' title='bbox 405 2162 543 2192; x_wconf 69' lang='lat' dir='ltr'>vetustas,</span> <span class='ocrx_word' id='word_1_162' title='bbox 561 2156 659 2187; x_wconf 85' lang='lat' dir='ltr'>victui</span> <span class='ocrx_word' id='word_1_163' title='bbox 680 2157 826 2189; x_wconf 85' lang='lat' dir='ltr'>deteriori</span> <span class='ocrx_word' id='word_1_164' title='bbox 849 2169 901 2190; x_wconf 89' lang='lat' dir='ltr'>ve-</span> 
     </span>
     <span class='ocr_line' id='line_1_31' title="bbox 232 2206 902 2240; baseline 0.009 -6"><span class='ocrx_word' id='word_1_165' title='bbox 232 2208 333 2235; x_wconf 82' lang='lat' dir='ltr'>terum</span> <span class='ocrx_word' id='word_1_166' title='bbox 372 2206 541 2236; x_wconf 81' lang='lat' dir='ltr'>substituta</span> <span class='ocrx_word' id='word_1_167' title='bbox 580 2206 710 2237; x_wconf 82' lang='lat' dir='ltr'>meliora</span> <span class='ocrx_word' id='word_1_168' title='bbox 740 2208 902 2240; x_wconf 83' lang='lat' dir='ltr'>alimenta.</span> 
     </span>
     <span class='ocr_line' id='line_1_32' title="bbox 233 2254 903 2290; baseline 0.006 -4"><span class='ocrx_word' id='word_1_169' title='bbox 233 2255 318 2286; x_wconf 78' lang='lat' dir='ltr'>Nam</span> <span class='ocrx_word' id='word_1_170' title='bbox 336 2254 459 2286; x_wconf 85' lang='lat' dir='ltr'>Cereris</span> <span class='ocrx_word' id='word_1_171' title='bbox 484 2260 503 2273; x_wconf 90' lang='lat'><em>“</em></span> <span class='ocrx_word' id='word_1_172' title='bbox 522 2267 650 2287; x_wconf 87' lang='lat' dir='ltr'>munere</span> <span class='ocrx_word' id='word_1_173' title='bbox 670 2257 778 2289; x_wconf 79' lang='lat' dir='ltr'>Tellus</span> <span class='ocrx_word' id='word_1_174' title='bbox 797 2258 903 2290; x_wconf 82' lang='lat' dir='ltr'>Chao-</span> 
     </span>
     <span class='ocr_line' id='line_1_33' title="bbox 233 2304 904 2347; baseline 0.009 -13"><span class='ocrx_word' id='word_1_175' title='bbox 233 2304 318 2335; x_wconf 75' lang='lat' dir='ltr'>niam</span> <span class='ocrx_word' id='word_1_176' title='bbox 334 2304 443 2347; x_wconf 80' lang='lat' dir='ltr'>pingui</span> <span class='ocrx_word' id='word_1_177' title='bbox 461 2306 610 2347; x_wconf 83' lang='lat' dir='ltr'>glandem</span> <span class='ocrx_word' id='word_1_178' title='bbox 628 2309 761 2339; x_wconf 85' lang='lat' dir='ltr'>mutavit</span> <span class='ocrx_word' id='word_1_179' title='bbox 775 2309 904 2346; x_wconf 84' lang='lat' dir='ltr'>arista,’&#39;</span> 
     </span>
     <span class='ocr_line' id='line_1_34' title="bbox 233 2354 903 2397; baseline 0.009 -12"><span class='ocrx_word' id='word_1_180' title='bbox 233 2354 326 2397; x_wconf 87' lang='lat' dir='ltr'>Virg.</span> <span class='ocrx_word' id='word_1_181' title='bbox 344 2356 460 2397; x_wconf 87' lang='lat' dir='ltr'>Georg.</span> <span class='ocrx_word' id='word_1_182' title='bbox 478 2357 505 2388; x_wconf 91' lang='lat' dir='ltr'>I.</span> <span class='ocrx_word' id='word_1_183' title='bbox 521 2357 587 2388; x_wconf 83' lang='lat' dir='ltr'>viii.</span> <span class='ocrx_word' id='word_1_184' title='bbox 609 2358 668 2388; x_wconf 81' lang='lat'>147</span> <span class='ocrx_word' id='word_1_185' title='bbox 688 2370 695 2396; x_wconf 87' lang='lat'>;</span> <span class='ocrx_word' id='word_1_186' title='bbox 721 2359 828 2390; x_wconf 85' lang='lat' dir='ltr'>confer</span> <span class='ocrx_word' id='word_1_187' title='bbox 856 2360 903 2391; x_wconf 59' lang='lat' dir='ltr'>ina</span> 
     </span>
     <span class='ocr_line' id='line_1_35' title="bbox 232 2404 903 2448; baseline 0.007 -13"><span class='ocrx_word' id='word_1_188' title='bbox 232 2404 279 2435; x_wconf 82' lang='lat' dir='ltr'>fra</span> <span class='ocrx_word' id='word_1_189' title='bbox 303 2405 348 2435; x_wconf 90' lang='lat' dir='ltr'>iv.</span> <span class='ocrx_word' id='word_1_190' title='bbox 371 2406 428 2435; x_wconf 90' lang='grc'>401</span> <span class='ocrx_word' id='word_1_191' title='bbox 453 2416 526 2448; x_wconf 90' lang='lat' dir='ltr'>sqq.</span> <span class='ocrx_word' id='word_1_192' title='bbox 574 2408 686 2439; x_wconf 69' lang='lat' dir='ltr'>Avidos</span> <span class='ocrx_word' id='word_1_193' title='bbox 708 2408 790 2439; x_wconf 88' lang='lat' dir='ltr'>bono</span> <span class='ocrx_word' id='word_1_194' title='bbox 809 2420 903 2441; x_wconf 86' lang='lat' dir='ltr'>sensu</span> 
     </span>
     <span class='ocr_line' id='line_1_36' title="bbox 232 2453 903 2501; baseline 0.01 -17"><span class='ocrx_word' id='word_1_195' title='bbox 232 2453 325 2491; x_wconf 85' lang='lat' dir='ltr'>dixit,</span> <span class='ocrx_word' id='word_1_196' title='bbox 337 2455 369 2485; x_wconf 92' lang='lat' dir='ltr'>id</span> <span class='ocrx_word' id='word_1_197' title='bbox 381 2456 559 2498; x_wconf 58' lang='lat' dir='ltr'>cupientes.</span> <span class='ocrx_word' id='word_1_198' title='bbox 594 2457 758 2494; x_wconf 84' lang='lat' dir='ltr'>Immensis,</span> <span class='ocrx_word' id='word_1_199' title='bbox 769 2465 804 2489; x_wconf 88' lang='lat' dir='ltr'>ut</span> <span class='ocrx_word' id='word_1_200' title='bbox 817 2459 903 2501; x_wconf 85' lang='lat' dir='ltr'>Virg.</span> 
     </span>
     <span class='ocr_line' id='line_1_37' title="bbox 233 2504 902 2551; baseline 0.009 -17"><span class='ocrx_word' id='word_1_201' title='bbox 233 2504 351 2545; x_wconf 83' lang='lat' dir='ltr'>Georg.</span> <span class='ocrx_word' id='word_1_202' title='bbox 368 2504 391 2535; x_wconf 90' lang='lat' dir='ltr'>i.</span> <span class='ocrx_word' id='word_1_203' title='bbox 404 2506 465 2543; x_wconf 83' lang='lat'>49;</span> <span class='ocrx_word' id='word_1_204' title='bbox 490 2510 510 2522; x_wconf 88' lang='lat'>·‘</span> <span class='ocrx_word' id='word_1_205' title='bbox 527 2505 619 2537; x_wconf 90' lang='lat' dir='ltr'>lllius</span> <span class='ocrx_word' id='word_1_206' title='bbox 633 2506 795 2539; x_wconf 85' lang='lat' dir='ltr'>irnmensae</span> <span class='ocrx_word' id='word_1_207' title='bbox 811 2520 902 2551; x_wconf 80' lang='lat' dir='ltr'>rupe-</span> 
     </span>
     <span class='ocr_line' id='line_1_38' title="bbox 234 2555 906 2599; baseline 0.009 -15"><span class='ocrx_word' id='word_1_208' title='bbox 234 2560 306 2585; x_wconf 88' lang='lat' dir='ltr'>runt</span> <span class='ocrx_word' id='word_1_209' title='bbox 332 2555 443 2585; x_wconf 83' lang='lat' dir='ltr'>horrea</span> <span class='ocrx_word' id='word_1_210' title='bbox 464 2556 616 2586; x_wconf 81' lang='lat' dir='ltr'>messes.”</span> <span class='ocrx_word' id='word_1_211' title='bbox 646 2557 695 2587; x_wconf 89' lang='lat' dir='ltr'>Ibi</span> <span class='ocrx_word' id='word_1_212' title='bbox 720 2558 906 2599; x_wconf 66' lang='lat' dir='ltr'>praecedunt</span> 
     </span>
     <span class='ocr_line' id='line_1_39' title="bbox 234 2605 903 2651; baseline 0.009 -17"><span class='ocrx_word' id='word_1_213' title='bbox 234 2609 309 2635; x_wconf 86' lang='lat' dir='ltr'>vota</span> <span class='ocrx_word' id='word_1_214' title='bbox 324 2607 412 2636; x_wconf 71' lang='lat' dir='ltr'>auziri</span> <span class='ocrx_word' id='word_1_215' title='bbox 428 2605 548 2644; x_wconf 86' lang='lat' dir='ltr'>eoloni;</span> <span class='ocrx_word' id='word_1_216' title='bbox 574 2607 660 2648; x_wconf 89' lang='lat' dir='ltr'>quod</span> <span class='ocrx_word' id='word_1_217' title='bbox 685 2607 787 2638; x_wconf 84' lang='lat' dir='ltr'>forsan</span> <span class='ocrx_word' id='word_1_218' title='bbox 806 2609 903 2651; x_wconf 88' lang='lat' dir='ltr'>respi-</span> 
     </span>
     <span class='ocr_line' id='line_1_40' title="bbox 236 2653 905 2691; baseline 0.009 -6"><span class='ocrx_word' id='word_1_219' title='bbox 236 2653 335 2691; x_wconf 84' lang='lat' dir='ltr'>ciens,</span> <span class='ocrx_word' id='word_1_220' title='bbox 352 2654 487 2686; x_wconf 88' lang='lat' dir='ltr'>Ovidius</span> <span class='ocrx_word' id='word_1_221' title='bbox 502 2658 603 2687; x_wconf 73' lang='lat' dir='ltr'>avidos</span> <span class='ocrx_word' id='word_1_222' title='bbox 621 2657 747 2688; x_wconf 84' lang='lat' dir='ltr'>induxit</span> <span class='ocrx_word' id='word_1_223' title='bbox 767 2658 905 2691; x_wconf 85' lang='lat' dir='ltr'>colonos.</span> 
     </span>
     <span class='ocr_line' id='line_1_41' title="bbox 240 2703 903 2747; baseline 0.009 -13"><span class='ocrx_word' id='word_1_224' title='bbox 240 2703 336 2735; x_wconf 81' lang='lat' dir='ltr'>Urere</span> <span class='ocrx_word' id='word_1_225' title='bbox 364 2704 403 2736; x_wconf 90' lang='lat' dir='ltr'>de</span> <span class='ocrx_word' id='word_1_226' title='bbox 431 2706 526 2747; x_wconf 77' lang='lat' dir='ltr'>gelu3</span> <span class='ocrx_word' id='word_1_227' title='bbox 551 2705 658 2737; x_wconf 87' lang='lat' dir='ltr'>confer</span> <span class='ocrx_word' id='word_1_228' title='bbox 679 2706 722 2738; x_wconf 89' lang='lat' dir='ltr'>iv.</span> <span class='ocrx_word' id='word_1_229' title='bbox 745 2708 821 2740; x_wconf 87' lang='lat'><strong>918.</strong></span> <span class='ocrx_word' id='word_1_230' title='bbox 849 2708 903 2739; x_wconf 89' lang='lat' dir='ltr'>ubi</span> 
     </span>
     <span class='ocr_line' id='line_1_42' title="bbox 234 2753 489 2797; baseline 0.012 -13"><span class='ocrx_word' id='word_1_231' title='bbox 234 2753 353 2786; x_wconf 85' lang='lat' dir='ltr'>similes</span> <span class='ocrx_word' id='word_1_232' title='bbox 367 2765 489 2797; x_wconf 82' lang='lat' dir='ltr'>preceS.</span> 
     </span>
    </p>

    <p class='ocr_par' dir='ltr' id='par_1_10' title="bbox 279 2806 902 2848">
     <span class='ocr_line' id='line_1_43' title="bbox 279 2806 902 2848; baseline 0.005 -12"><span class='ocrx_word' id='word_1_233' title='bbox 279 2806 354 2837; x_wconf 83' lang='lat'>680.</span> <span class='ocrx_word' id='word_1_234' title='bbox 373 2806 464 2848; x_wconf 79' lang='lat' dir='ltr'>Virg.</span> <span class='ocrx_word' id='word_1_235' title='bbox 479 2806 597 2848; x_wconf 83' lang='lat' dir='ltr'>Georg.</span> <span class='ocrx_word' id='word_1_236' title='bbox 615 2806 638 2838; x_wconf 91' lang='lat' dir='ltr'>i.</span> <span class='ocrx_word' id='word_1_237' title='bbox 658 2808 718 2838; x_wconf 79' lang='lat'>112</span> <span class='ocrx_word' id='word_1_238' title='bbox 733 2821 739 2838; x_wconf 90' lang='lat'>:</span> <span class='ocrx_word' id='word_1_239' title='bbox 757 2811 778 2825; x_wconf 78' lang='lat'>¹¹</span> <span class='ocrx_word' id='word_1_240' title='bbox 794 2809 902 2839; x_wconf 88' lang='lat' dir='ltr'>Luxu-</span> 
     </span>
    </p>
   </div>
   <div class='ocr_carea' id='block_1_7' title="bbox 970 1508 1650 2849">
    <p class='ocr_par' dir='ltr' id='par_1_11' title="bbox 970 1508 1650 2151">
     <span class='ocr_line' id='line_1_44' title="bbox 973 1508 1649 1552; baseline -0.001 -11"><span class='ocrx_word' id='word_1_241' title='bbox 973 1510 1046 1541; x_wconf 68' lang='lat' dir='ltr'>riom</span> <span class='ocrx_word' id='word_1_242' title='bbox 1071 1516 1213 1552; x_wconf 86' lang='lat' dir='ltr'>segetum</span> <span class='ocrx_word' id='word_1_243' title='bbox 1237 1516 1344 1541; x_wconf 79' lang='lat' dir='ltr'>tenera</span> <span class='ocrx_word' id='word_1_244' title='bbox 1364 1509 1508 1552; x_wconf 82' lang='lat' dir='ltr'>depascit</span> <span class='ocrx_word' id='word_1_245' title='bbox 1526 1508 1558 1540; x_wconf 87' lang='lat' dir='ltr'>in</span> <span class='ocrx_word' id='word_1_246' title='bbox 1579 1509 1649 1541; x_wconf 87' lang='lat' dir='ltr'>lier-</span> 
     </span>
     <span class='ocr_line' id='line_1_45' title="bbox 973 1559 1647 1598; baseline -0.001 -7"><span class='ocrx_word' id='word_1_247' title='bbox 973 1560 1061 1598; x_wconf 86' lang='lat' dir='ltr'>ba;‘’</span> <span class='ocrx_word' id='word_1_248' title='bbox 1103 1571 1192 1592; x_wconf 82' lang='lat' dir='ltr'>versu</span> <span class='ocrx_word' id='word_1_249' title='bbox 1224 1560 1298 1591; x_wconf 75' lang='lat'>134.</span> <span class='ocrx_word' id='word_1_250' title='bbox 1332 1559 1466 1591; x_wconf 81' lang='lat' dir='ltr'>“sulcis</span> <span class='ocrx_word' id='word_1_251' title='bbox 1497 1559 1647 1591; x_wconf 82' lang='lat' dir='ltr'>frumenti</span> 
     </span>
     <span class='ocr_line' id='line_1_46' title="bbox 973 1609 1647 1652; baseline 0 -12"><span class='ocrx_word' id='word_1_252' title='bbox 973 1617 1128 1652; x_wconf 79' lang='lat' dir='ltr'>quaereret</span> <span class='ocrx_word' id='word_1_253' title='bbox 1166 1610 1335 1641; x_wconf 85' lang='lat' dir='ltr'>herbam.&#39;’</span> <span class='ocrx_word' id='word_1_254' title='bbox 1393 1609 1517 1641; x_wconf 81' lang='lat' dir='ltr'>Etenim</span> <span class='ocrx_word' id='word_1_255' title='bbox 1557 1610 1647 1640; x_wconf 68' lang='lat' dir='ltr'>herba</span> 
     </span>
     <span class='ocr_line' id='line_1_47' title="bbox 972 1659 1646 1701; baseline 0.001 -12"><span class='ocrx_word' id='word_1_256' title='bbox 972 1659 1099 1691; x_wconf 87' lang='lat' dir='ltr'>omnino</span> <span class='ocrx_word' id='word_1_257' title='bbox 1131 1660 1236 1690; x_wconf 88' lang='lat' dir='ltr'>virens</span> <span class='ocrx_word' id='word_1_258' title='bbox 1261 1670 1390 1701; x_wconf 82' lang='lat' dir='ltr'>germen</span> <span class='ocrx_word' id='word_1_259' title='bbox 1417 1659 1646 1701; x_wconf 86' lang='lat' dir='ltr'>cujuscumque</span> 
     </span>
     <span class='ocr_line' id='line_1_48' title="bbox 973 1709 1649 1752; baseline 0 -12"><span class='ocrx_word' id='word_1_260' title='bbox 973 1709 1103 1751; x_wconf 60' lang='lat' dir='ltr'>plantae.</span> <span class='ocrx_word' id='word_1_261' title='bbox 1145 1709 1228 1741; x_wconf 76' lang='lat' dir='ltr'>Vide</span> <span class='ocrx_word' id='word_1_262' title='bbox 1253 1716 1284 1740; x_wconf 90' lang='lat' dir='ltr'>et</span> <span class='ocrx_word' id='word_1_263' title='bbox 1307 1720 1403 1752; x_wconf 79' lang='lat' dir='ltr'>supra</span> <span class='ocrx_word' id='word_1_264' title='bbox 1425 1709 1464 1740; x_wconf 91' lang='lat' dir='ltr'>ad</span> <span class='ocrx_word' id='word_1_265' title='bbox 1487 1719 1550 1740; x_wconf 88' lang='lat' dir='ltr'>ver.</span> <span class='ocrx_word' id='word_1_266' title='bbox 1577 1711 1649 1741; x_wconf 88' lang='lat'>154.</span> 
     </span>
     <span class='ocr_line' id='line_1_49' title="bbox 973 1759 1646 1801; baseline 0 -11"><span class='ocrx_word' id='word_1_267' title='bbox 973 1760 1079 1791; x_wconf 77' lang='lat' dir='ltr'>Sereni</span> <span class='ocrx_word' id='word_1_268' title='bbox 1099 1765 1130 1790; x_wconf 86' lang='lat' dir='ltr'>et</span> <span class='ocrx_word' id='word_1_269' title='bbox 1152 1762 1231 1791; x_wconf 79' lang='lat' dir='ltr'>clari</span> <span class='ocrx_word' id='word_1_270' title='bbox 1248 1759 1347 1797; x_wconf 87' lang='lat' dir='ltr'>venti,</span> <span class='ocrx_word' id='word_1_271' title='bbox 1366 1759 1420 1801; x_wconf 91' lang='lat' dir='ltr'>qui</span> <span class='ocrx_word' id='word_1_272' title='bbox 1439 1759 1558 1790; x_wconf 89' lang='lat' dir='ltr'>coelum</span> <span class='ocrx_word' id='word_1_273' title='bbox 1575 1759 1646 1790; x_wconf 79' lang='lat' dir='ltr'>red-</span> 
     </span>
     <span class='ocr_line' id='line_1_50' title="bbox 971 1808 1647 1846; baseline 0 -7"><span class='ocrx_word' id='word_1_274' title='bbox 971 1808 1051 1840; x_wconf 83' lang='lat' dir='ltr'>dunt</span> <span class='ocrx_word' id='word_1_275' title='bbox 1073 1820 1228 1841; x_wconf 84' lang='lat' dir='ltr'>serenum.</span> <span class='ocrx_word' id='word_1_276' title='bbox 1277 1808 1381 1840; x_wconf 88' lang='lat' dir='ltr'>Pulsis</span> <span class='ocrx_word' id='word_1_277' title='bbox 1400 1808 1549 1846; x_wconf 84' lang='lat' dir='ltr'>nubibus,</span> <span class='ocrx_word' id='word_1_278' title='bbox 1565 1808 1647 1839; x_wconf 88' lang='lat' dir='ltr'>nim-</span> 
     </span>
     <span class='ocr_line' id='line_1_51' title="bbox 970 1857 1646 1900; baseline 0.001 -11"><span class='ocrx_word' id='word_1_279' title='bbox 970 1857 1083 1900; x_wconf 84' lang='lat' dir='ltr'>bisque</span> <span class='ocrx_word' id='word_1_280' title='bbox 1094 1859 1232 1896; x_wconf 87' lang='lat' dir='ltr'>remotis,</span> <span class='ocrx_word' id='word_1_281' title='bbox 1243 1859 1361 1891; x_wconf 89' lang='lat' dir='ltr'>coelum</span> <span class='ocrx_word' id='word_1_282' title='bbox 1374 1860 1527 1899; x_wconf 80' lang='lat' dir='ltr'>aperitur.</span> <span class='ocrx_word' id='word_1_283' title='bbox 1551 1858 1646 1890; x_wconf 85' lang='lat' dir='ltr'>Tem-</span> 
     </span>
     <span class='ocr_line' id='line_1_52' title="bbox 971 1909 1648 1950; baseline 0.001 -11"><span class='ocrx_word' id='word_1_284' title='bbox 971 1919 1030 1950; x_wconf 84' lang='lat' dir='ltr'>pus</span> <span class='ocrx_word' id='word_1_285' title='bbox 1055 1916 1160 1940; x_wconf 82' lang='lat' dir='ltr'>autem</span> <span class='ocrx_word' id='word_1_286' title='bbox 1193 1915 1239 1940; x_wconf 90' lang='lat' dir='ltr'>est</span> <span class='ocrx_word' id='word_1_287' title='bbox 1260 1909 1356 1940; x_wconf 89' lang='lat' dir='ltr'>humo</span> <span class='ocrx_word' id='word_1_288' title='bbox 1384 1915 1491 1950; x_wconf 82' lang='lat' dir='ltr'>tegere</span> <span class='ocrx_word' id='word_1_289' title='bbox 1514 1910 1648 1946; x_wconf 84' lang='lat' dir='ltr'>semina,</span> 
     </span>
     <span class='ocr_line' id='line_1_53' title="bbox 973 1958 1650 1995; baseline 0.001 -6"><span class='ocrx_word' id='word_1_290' title='bbox 973 1962 994 1975; x_wconf 91' lang='lat'><em>“</em></span> <span class='ocrx_word' id='word_1_291' title='bbox 1010 1958 1097 1989; x_wconf 87' lang='lat' dir='ltr'>Dum</span> <span class='ocrx_word' id='word_1_292' title='bbox 1111 1959 1196 1990; x_wconf 82' lang='lat' dir='ltr'>sicca</span> <span class='ocrx_word' id='word_1_293' title='bbox 1213 1959 1325 1990; x_wconf 86' lang='lat' dir='ltr'>tellure</span> <span class='ocrx_word' id='word_1_294' title='bbox 1342 1959 1429 1995; x_wconf 82' lang='lat' dir='ltr'>licet,</span> <span class='ocrx_word' id='word_1_295' title='bbox 1445 1958 1521 1990; x_wconf 89' lang='lat' dir='ltr'>dum</span> <span class='ocrx_word' id='word_1_296' title='bbox 1538 1958 1650 1991; x_wconf 80' lang='lat' dir='ltr'>nubila</span> 
     </span>
     <span class='ocr_line' id='line_1_54' title="bbox 972 2008 1648 2051; baseline 0 -11"><span class='ocrx_word' id='word_1_297' title='bbox 972 2009 1146 2051; x_wconf 84' lang='lat' dir='ltr'>pendent.&#39;&#39;</span> <span class='ocrx_word' id='word_1_298' title='bbox 1189 2010 1344 2051; x_wconf 78' lang='lat' dir='ltr'>Spargite,</span> <span class='ocrx_word' id='word_1_299' title='bbox 1365 2008 1564 2051; x_wconf 85' lang='lat' dir='ltr'>conspergite</span> <span class='ocrx_word' id='word_1_300' title='bbox 1581 2019 1648 2040; x_wconf 91' lang='lat' dir='ltr'>ma-</span> 
     </span>
     <span class='ocr_line' id='line_1_55' title="bbox 973 2058 1649 2101; baseline 0.003 -12"><span class='ocrx_word' id='word_1_301' title='bbox 973 2058 1124 2090; x_wconf 84' lang='lat' dir='ltr'>defacite.</span> <span class='ocrx_word' id='word_1_302' title='bbox 1173 2059 1312 2090; x_wconf 72' lang='lat' dir='ltr'>AEtharia</span> <span class='ocrx_word' id='word_1_303' title='bbox 1331 2069 1427 2101; x_wconf 87' lang='lat' dir='ltr'>aqua,</span> <span class='ocrx_word' id='word_1_304' title='bbox 1444 2064 1480 2090; x_wconf 89' lang='lat' dir='ltr'>ut</span> <span class='ocrx_word' id='word_1_305' title='bbox 1497 2058 1577 2090; x_wconf 82' lang='lat' dir='ltr'>alias</span> <span class='ocrx_word' id='word_1_306' title='bbox 1591 2071 1649 2091; x_wconf 75' lang='lat' dir='ltr'>ccc·</span> 
     </span>
     <span class='ocr_line' id='line_1_56' title="bbox 974 2108 1203 2151; baseline -0.004 -12"><span class='ocrx_word' id='word_1_307' title='bbox 974 2110 1064 2145; x_wconf 69' lang='lat' dir='ltr'>lestis,</span> <span class='ocrx_word' id='word_1_308' title='bbox 1081 2108 1203 2151; x_wconf 72' lang='lat' dir='ltr'>pluvia.</span> 
     </span>
    </p>

    <p class='ocr_par' dir='ltr' id='par_1_12' title="bbox 972 2158 1650 2849">
     <span class='ocr_line' id='line_1_57' title="bbox 1017 2158 1648 2201; baseline 0 -11"><span class='ocrx_word' id='word_1_309' title='bbox 1017 2160 1093 2190; x_wconf 88' lang='lat'><strong>683.</strong></span> <span class='ocrx_word' id='word_1_310' title='bbox 1106 2160 1194 2194; x_wconf 79' lang='lat' dir='ltr'>Aves,</span> <span class='ocrx_word' id='word_1_311' title='bbox 1204 2164 1239 2190; x_wconf 88' lang='lat' dir='ltr'>ut</span> <span class='ocrx_word' id='word_1_312' title='bbox 1251 2163 1272 2176; x_wconf 88' lang='lat'><strong>“</strong></span> <span class='ocrx_word' id='word_1_313' title='bbox 1285 2158 1446 2200; x_wconf 87' lang='lat' dir='ltr'>improbus</span> <span class='ocrx_word' id='word_1_314' title='bbox 1459 2168 1550 2190; x_wconf 84' lang='lat' dir='ltr'>anser</span> <span class='ocrx_word' id='word_1_315' title='bbox 1561 2159 1648 2201; x_wconf 86' lang='lat' dir='ltr'>Stry-</span> 
     </span>
     <span class='ocr_line' id='line_1_58' title="bbox 973 2208 1648 2250; baseline 0.001 -11"><span class='ocrx_word' id='word_1_316' title='bbox 973 2208 1150 2250; x_wconf 83' lang='lat' dir='ltr'>moniaeque</span> <span class='ocrx_word' id='word_1_317' title='bbox 1165 2208 1297 2250; x_wconf 87' lang='lat' dir='ltr'>grues,&#39;’</span> <span class='ocrx_word' id='word_1_318' title='bbox 1325 2208 1392 2240; x_wconf 85' lang='lat' dir='ltr'>Vir.</span> <span class='ocrx_word' id='word_1_319' title='bbox 1405 2208 1526 2250; x_wconf 82' lang='lat' dir='ltr'>Georg.</span> <span class='ocrx_word' id='word_1_320' title='bbox 1542 2208 1562 2240; x_wconf 90' lang='lat' dir='ltr'>i.</span> <span class='ocrx_word' id='word_1_321' title='bbox 1577 2209 1648 2241; x_wconf 89' lang='grc'>119.</span> 
     </span>
     <span class='ocr_line' id='line_1_59' title="bbox 975 2258 1647 2300; baseline 0.003 -11"><span class='ocrx_word' id='word_1_322' title='bbox 975 2258 1101 2294; x_wconf 74' lang='lat' dir='ltr'>Graves,</span> <span class='ocrx_word' id='word_1_323' title='bbox 1119 2258 1232 2289; x_wconf 84' lang='lat' dir='ltr'>noxiae.</span> <span class='ocrx_word' id='word_1_324' title='bbox 1261 2258 1314 2289; x_wconf 61' lang='lat' dir='ltr'>Vas</span> <span class='ocrx_word' id='word_1_325' title='bbox 1337 2269 1460 2300; x_wconf 82' lang='lat' dir='ltr'>quoque,</span> <span class='ocrx_word' id='word_1_326' title='bbox 1477 2263 1541 2290; x_wconf 86' lang='lat' dir='ltr'>etc.</span> <span class='ocrx_word' id='word_1_327' title='bbox 1588 2259 1647 2291; x_wconf 85' lang='lat' dir='ltr'>Ju-</span> 
     </span>
     <span class='ocr_line' id='line_1_60' title="bbox 973 2308 1648 2351; baseline 0.003 -12"><span class='ocrx_word' id='word_1_328' title='bbox 973 2309 1076 2340; x_wconf 85' lang='lat' dir='ltr'>eunde</span> <span class='ocrx_word' id='word_1_329' title='bbox 1088 2308 1217 2351; x_wconf 86' lang='lat' dir='ltr'>quidem</span> <span class='ocrx_word' id='word_1_330' title='bbox 1233 2309 1381 2340; x_wconf 85' lang='lat' dir='ltr'>formicas</span> <span class='ocrx_word' id='word_1_331' title='bbox 1392 2308 1499 2340; x_wconf 86' lang='lat' dir='ltr'>differt</span> <span class='ocrx_word' id='word_1_332' title='bbox 1514 2309 1555 2340; x_wconf 86' lang='lat' dir='ltr'>ad</span> <span class='ocrx_word' id='word_1_333' title='bbox 1568 2319 1648 2342; x_wconf 86' lang='lat' dir='ltr'>mes-</span> 
     </span>
     <span class='ocr_line' id='line_1_61' title="bbox 974 2358 1650 2401; baseline 0.004 -13"><span class='ocrx_word' id='word_1_334' title='bbox 974 2369 1052 2394; x_wconf 88' lang='lat' dir='ltr'>sem,</span> <span class='ocrx_word' id='word_1_335' title='bbox 1067 2358 1123 2389; x_wconf 90' lang='lat' dir='ltr'>sed</span> <span class='ocrx_word' id='word_1_336' title='bbox 1144 2358 1248 2389; x_wconf 89' lang='lat' dir='ltr'>minus</span> <span class='ocrx_word' id='word_1_337' title='bbox 1270 2359 1351 2389; x_wconf 89' lang='lat' dir='ltr'>bene</span> <span class='ocrx_word' id='word_1_338' title='bbox 1374 2369 1429 2390; x_wconf 86' lang='lat' dir='ltr'>eas</span> <span class='ocrx_word' id='word_1_339' title='bbox 1447 2358 1479 2389; x_wconf 88' lang='lat' dir='ltr'>in</span> <span class='ocrx_word' id='word_1_340' title='bbox 1500 2359 1650 2401; x_wconf 88' lang='lat' dir='ltr'>precibus</span> 
     </span>
     <span class='ocr_line' id='line_1_62' title="bbox 973 2408 1648 2452; baseline 0.003 -13"><span class='ocrx_word' id='word_1_341' title='bbox 973 2408 1013 2439; x_wconf 86' lang='lat' dir='ltr'>ad</span> <span class='ocrx_word' id='word_1_342' title='bbox 1030 2409 1119 2440; x_wconf 85' lang='lat' dir='ltr'>Deas</span> <span class='ocrx_word' id='word_1_343' title='bbox 1134 2408 1318 2450; x_wconf 88' lang='lat' dir='ltr'>alloquitur.</span> <span class='ocrx_word' id='word_1_344' title='bbox 1364 2409 1524 2449; x_wconf 71' lang='lat' dir='ltr'>subjectis,</span> <span class='ocrx_word' id='word_1_345' title='bbox 1534 2419 1648 2452; x_wconf 87' lang='lat' dir='ltr'>nempe</span> 
     </span>
     <span class='ocr_line' id='line_1_63' title="bbox 973 2458 1647 2501; baseline 0.004 -13"><span class='ocrx_word' id='word_1_346' title='bbox 973 2458 1088 2499; x_wconf 84' lang='lat' dir='ltr'>glebae,</span> <span class='ocrx_word' id='word_1_347' title='bbox 1108 2465 1211 2489; x_wconf 80' lang='lat' dir='ltr'>terrae.</span> <span class='ocrx_word' id='word_1_348' title='bbox 1239 2459 1309 2490; x_wconf 82' lang='lat' dir='ltr'>MS.</span> <span class='ocrx_word' id='word_1_349' title='bbox 1326 2458 1497 2501; x_wconf 87' lang='lat' dir='ltr'>Gottorph.</span> <span class='ocrx_word' id='word_1_350' title='bbox 1513 2462 1647 2500; x_wconf 74' lang='lat' dir='ltr'>supposi-</span> 
     </span>
     <span class='ocr_line' id='line_1_64' title="bbox 975 2508 1650 2550; baseline 0.004 -11"><span class='ocrx_word' id='word_1_351' title='bbox 975 2511 1023 2539; x_wconf 83' lang='lat' dir='ltr'>tis.</span> <span class='ocrx_word' id='word_1_352' title='bbox 1070 2508 1121 2539; x_wconf 84' lang='lat' dir='ltr'>lta</span> <span class='ocrx_word' id='word_1_353' title='bbox 1145 2509 1280 2539; x_wconf 86' lang='lat' dir='ltr'>Metam.</span> <span class='ocrx_word' id='word_1_354' title='bbox 1311 2509 1355 2540; x_wconf 92' lang='lat' dir='ltr'>iii.</span> <span class='ocrx_word' id='word_1_355' title='bbox 1382 2509 1454 2540; x_wconf 83' lang='lat'>102.</span> <span class='ocrx_word' id='word_1_356' title='bbox 1482 2521 1650 2550; x_wconf 82' lang='lat' dir='ltr'>supponere</span> 
     </span>
     <span class='ocr_line' id='line_1_65' title="bbox 974 2558 1647 2592; baseline 0.006 -4"><span class='ocrx_word' id='word_1_357' title='bbox 974 2560 1077 2589; x_wconf 76' lang='lat' dir='ltr'>dentes</span> <span class='ocrx_word' id='word_1_358' title='bbox 1107 2566 1195 2589; x_wconf 81' lang='lat' dir='ltr'>terrae</span> <span class='ocrx_word' id='word_1_359' title='bbox 1226 2558 1266 2589; x_wconf 89' lang='lat' dir='ltr'>de</span> <span class='ocrx_word' id='word_1_360' title='bbox 1296 2558 1419 2590; x_wconf 87' lang='lat' dir='ltr'>Cadmo</span> <span class='ocrx_word' id='word_1_361' title='bbox 1449 2559 1560 2591; x_wconf 83' lang='lat' dir='ltr'>dentes</span> <span class='ocrx_word' id='word_1_362' title='bbox 1597 2571 1647 2592; x_wconf 89' lang='lat' dir='ltr'>se-</span> 
     </span>
     <span class='ocr_line' id='line_1_66' title="bbox 973 2608 1648 2651; baseline 0.003 -13"><span class='ocrx_word' id='word_1_363' title='bbox 973 2613 1072 2638; x_wconf 83' lang='lat' dir='ltr'>rente.</span> <span class='ocrx_word' id='word_1_364' title='bbox 1118 2608 1169 2638; x_wconf 91' lang='lat' dir='ltr'>De</span> <span class='ocrx_word' id='word_1_365' title='bbox 1199 2609 1351 2651; x_wconf 78' lang='lat' dir='ltr'>robigine,</span> <span class='ocrx_word' id='word_1_366' title='bbox 1379 2608 1456 2639; x_wconf 86' lang='lat' dir='ltr'>vitio</span> <span class='ocrx_word' id='word_1_367' title='bbox 1491 2614 1648 2651; x_wconf 84' lang='lat' dir='ltr'>segetum,</span> 
     </span>
     <span class='ocr_line' id='line_1_67' title="bbox 974 2657 1646 2701; baseline 0.006 -14"><span class='ocrx_word' id='word_1_368' title='bbox 974 2667 1070 2698; x_wconf 88' lang='lat' dir='ltr'>quam</span> <span class='ocrx_word' id='word_1_369' title='bbox 1100 2657 1226 2699; x_wconf 86' lang='lat' dir='ltr'>Robigo</span> <span class='ocrx_word' id='word_1_370' title='bbox 1255 2659 1338 2696; x_wconf 84' lang='lat' dir='ltr'>Dea,</span> <span class='ocrx_word' id='word_1_371' title='bbox 1363 2659 1414 2690; x_wconf 91' lang='lat' dir='ltr'>cui</span> <span class='ocrx_word' id='word_1_372' title='bbox 1434 2658 1537 2701; x_wconf 87' lang='lat' dir='ltr'>Aprili</span> <span class='ocrx_word' id='word_1_373' title='bbox 1563 2666 1646 2692; x_wconf 83' lang='lat' dir='ltr'>extr.</span> 
     </span>
     <span class='ocr_line' id='line_1_68' title="bbox 974 2707 1647 2745; baseline 0.006 -7"><span class='ocrx_word' id='word_1_374' title='bbox 974 2717 1065 2738; x_wconf 87' lang='lat' dir='ltr'>sacra</span> <span class='ocrx_word' id='word_1_375' title='bbox 1076 2707 1204 2745; x_wconf 77' lang='lat' dir='ltr'>fiebant,</span> <span class='ocrx_word' id='word_1_376' title='bbox 1214 2714 1354 2740; x_wconf 85' lang='lat' dir='ltr'>avertere</span> <span class='ocrx_word' id='word_1_377' title='bbox 1364 2709 1564 2745; x_wconf 83' lang='lat' dir='ltr'>credebatur,</span> <span class='ocrx_word' id='word_1_378' title='bbox 1577 2709 1647 2742; x_wconf 84' lang='lat' dir='ltr'>vide</span> 
     </span>
     <span class='ocr_line' id='line_1_69' title="bbox 973 2757 1647 2802; baseline 0.004 -14"><span class='ocrx_word' id='word_1_379' title='bbox 973 2757 1017 2789; x_wconf 89' lang='lat' dir='ltr'>iv.</span> <span class='ocrx_word' id='word_1_380' title='bbox 1032 2758 1097 2789; x_wconf 88' lang='lat'>905</span> <span class='ocrx_word' id='word_1_381' title='bbox 1111 2769 1184 2800; x_wconf 86' lang='lat' dir='ltr'>sqq.</span> <span class='ocrx_word' id='word_1_382' title='bbox 1203 2759 1331 2801; x_wconf 80' lang='lat' dir='ltr'>Robigo,</span> <span class='ocrx_word' id='word_1_383' title='bbox 1357 2758 1452 2790; x_wconf 87' lang='lat' dir='ltr'>etiam</span> <span class='ocrx_word' id='word_1_384' title='bbox 1479 2769 1551 2800; x_wconf 82' lang='lat' dir='ltr'>quae</span> <span class='ocrx_word' id='word_1_385' title='bbox 1575 2769 1647 2802; x_wconf 91' lang='lat' dir='ltr'>pro-</span> 
     </span>
     <span class='ocr_line' id='line_1_70' title="bbox 972 2807 1646 2849; baseline 0.003 -10"><span class='ocrx_word' id='word_1_386' title='bbox 972 2807 1038 2849; x_wconf 89' lang='lat' dir='ltr'>prie</span> <span class='ocrx_word' id='word_1_387' title='bbox 1066 2807 1193 2844; x_wconf 81' lang='lat' dir='ltr'>dicitur,</span> <span class='ocrx_word' id='word_1_388' title='bbox 1225 2815 1255 2840; x_wconf 73' lang='lat' dir='ltr'>et</span> <span class='ocrx_word' id='word_1_389' title='bbox 1282 2808 1412 2840; x_wconf 84' lang='lat' dir='ltr'>metalla</span> <span class='ocrx_word' id='word_1_390' title='bbox 1441 2808 1564 2846; x_wconf 82' lang='lat' dir='ltr'>adedit,</span> <span class='ocrx_word' id='word_1_391' title='bbox 1595 2819 1646 2842; x_wconf 87' lang='lat' dir='ltr'>res</span> 
     </span>
    </p>
   </div>
   <div class='ocr_carea' id='block_1_8' title="bbox 1796 2400 1830 3220">
    <p class='ocr_par' dir='ltr' id='par_1_13' title="bbox 1796 2400 1830 3220">
     <span class='ocr_line' id='line_1_71' title="bbox 1796 2400 1830 3220; baseline 0 0"><span class='ocrx_word' id='word_1_392' title='bbox 1796 2400 1830 3220; x_wconf 95' lang='lat' dir='ltr'> </span> 
     </span>
    </p>
   </div>
  </div>
 </body>
</html>
