1809 3220
147 172 235 214 426
485 168 576 210 AD
610 166 847 208 LIVIAM
880 164 1244 208 AUGUSTAM

151 290 293 340 Tene
319 304 414 352 ego
441 286 670 334 sustineo
696 283 920 349 positum
949 284 1199 331 scelerata
1223 282 1428 331 videre?
1490 282 1584 328 135

223 369 365 417 Tene
393 382 518 414 meae
546 370 788 429 poterunt
812 379 1057 426 unguere,
1087 369 1221 418 nate,
1251 361 1467 409 manus?

157 448 309 497 Nunc
337 461 431 508 ego
457 452 506 492 te
533 442 711 491 infelix
734 458 991 489 summum
1018 449 1273 504 teneoque
1299 439 1553 503 tuorque?

228 525 535 588 Effingoque
563 521 780 569 manus?
820 537 1012 585 oraque
1040 521 1104 568 ad
1131 537 1219 568 ora
1242 519 1382 568 fero?

159 604 311 651 Nunc
335 602 555 668 primum
579 600 859 665 adspiceris
879 600 1057 648 consul
1072 600 1337 663 victorque
1356 597 1591 663 parenti?

231 682 316 730 Sic
344 680 484 737 mihi,
515 679 588 727 sic
614 679 814 726 miserae
842 678 1048 726 nomina
1072 685 1215 726 tanta
1240 676 1427 726 refers?
1495 679 1590 724 140

158 760 301 816 Quos
329 760 548 826 primum
575 758 676 806 vidi
703 757 887 815 fasces,
914 757 964 804 in
990 756 1168 806 funere
1194 756 1324 805 vidi:

231 839 299 888 Et
322 838 425 888 vidi
453 855 674 895 eversos,
703 837 1053 901 indiciumque
1080 837 1217 885 mali.

158 918 286 973 Quis
307 918 519 967 credat?
561 917 710 964 matri
737 917 829 963 lux
855 916 963 963 haec
991 916 1321 964 moestissima
1344 915 1499 972 venit,

228 996 345 1052 Qua
372 1005 553 1045 natum
580 997 630 1043 in
658 1012 857 1044 summo
883 995 1009 1043 vidit
1033 995 1224 1043 honore
1249 993 1427 1042 suum!

155 1074 187 1122 J
192 1091 341 1124 amne
357 1092 454 1139 ego
471 1092 571 1123 non
587 1074 740 1123 felix?
756 1075 863 1138 jam
883 1090 1000 1138 pars
1017 1073 1140 1121 mihi
1153 1080 1299 1138 rapta
1310 1072 1591 1129 Neronum,

228 1153 453 1202 Materni
482 1154 687 1202 celeber
714 1152 920 1201 nomine
949 1152 1150 1199 Drusus
1177 1152 1289 1200 avi?
1501 1153 1595 1199 146

158 1232 188 1280 J
194 1249 342 1282 amne
376 1251 522 1282 meus
556 1250 657 1281 non
683 1240 780 1290 est,
809 1249 903 1281 nec
931 1249 1012 1280 me
1038 1231 1161 1280 facit
1185 1232 1270 1280 ille
1298 1230 1597 1297 parentem?

227 1311 258 1359 J
263 1329 412 1361 amne
437 1313 508 1361 fui
536 1312 693 1361 Drusi
719 1312 918 1361 mater?
958 1319 1010 1360 et
1035 1311 1147 1376 ipse
1172 1311 1301 1359 fuit?

160 1448 214 1474 cat
240 1444 305 1483 (vel
332 1444 372 1475 Et
394 1445 501 1485 vorat)
526 1445 583 1476 hos
608 1444 693 1487 ipsos
717 1446 849 1477 flamma

159 1504 319 1536 rogusque
342 1495 448 1527 suus.’'
497 1495 563 1534 Qui
580 1506 688 1527 versus
705 1496 849 1538 quidem,

161 1543 239 1586 quin
264 1555 339 1576 vera
365 1544 406 1575 sit
431 1545 539 1583 lectio,
559 1545 691 1577 minime
715 1546 848 1586 dubito3

162 1604 222 1625 nec
250 1596 347 1629 sinus,
375 1606 432 1637 pro
460 1607 533 1627 suns
559 1596 741 1637 legentibus
766 1596 852 1628 ullus

162 1644 333 1676 adsentior.
363 1645 442 1687 Agit
458 1646 543 1677 enim
559 1646 600 1677 de
618 1647 760 1683 artubus,
773 1658 852 1688 quos

163 1697 270 1726 inanes
286 1695 504 1738 amplectitur,
522 1707 667 1739 quosque
678 1696 744 1739 jam
761 1704 847 1728 vorat

162 1755 255 1787 rogus
279 1757 362 1782 suus,
379 1745 412 1776 id
435 1752 495 1783 est,
513 1746 568 1788 qui
593 1746 634 1777 ad
659 1747 847 1778 comburen-

163 1795 220 1826 dos
252 1802 394 1838 paratur.
441 1797 517 1828 Fuit
554 1797 608 1839 qui
641 1797 738 1829 vellet
771 1809 848 1835 suns,

163 1845 254 1888 quasi
279 1846 350 1878 illos
377 1853 463 1879 artus
485 1848 558 1890 jure
585 1859 643 1879 suo
669 1859 764 1890 rogus
789 1848 849 1880 sibi

159 1895 227 1938 jam
252 1895 448 1936 vindicaret3
473 1908 583 1929 verum
606 1897 664 1929 hoc
692 1898 848 1940 argutius.

165 1948 272 1985 Quam
297 1946 392 1979 facile
418 1953 526 1979 autem
552 1948 584 1980 in
610 1956 712 1980 evocat
738 1949 852 1981 abierit

163 2004 192 2028 et
208 2005 307 2035 vorat,
324 2010 387 2030 non
403 1999 554 2031 distincte
574 2000 652 2031 satis
671 2006 849 2037 exaratum,

166 2047 218 2079 vix
236 2048 422 2080 dicendum.

213 2098 287 2130 135.
311 2099 391 2129 Tene
406 2110 459 2141 ego
474 2101 606 2131 sustineo
617 2102 748 2140 positum
761 2102 851 2132 scele-

165 2154 238 2179 rata
250 2148 381 2190 videre]
410 2150 550 2180 Sustineo
563 2161 618 2192 pro
631 2161 770 2193 possum,
781 2151 851 2182 vul·

167 2208 242 2239 gare
256 2210 263 2236 3
287 2205 319 2230 et
334 2201 475 2238 positum,
492 2199 635 2231 solemne
650 2200 682 2231 in
698 2201 852 2243 exequiis.

168 2247 336 2279 Scelerata.
374 2249 539 2280 Pollutam
566 2261 600 2280 se
619 2249 727 2292 aliquo
743 2252 854 2282 scelere

169 2297 362 2340 suspicatur.
378 2298 516 2341 ideoque
536 2299 609 2330 Diis
633 2301 780 2337 invisam,
799 2301 854 2342 qui

169 2347 233 2378 tale
267 2350 393 2388 pietatis
429 2349 594 2391 praemium
633 2351 855 2393 rependerent.

171 2395 264 2428 Idem
288 2396 374 2428 enim
399 2408 484 2441 saepe
505 2401 669 2431 sceleratus
683 2404 722 2431 'ac
747 2401 852 2443 impu-

170 2457 235 2484 rus,
267 2446 426 2486 ἀνόσιος;
464 2449 509 2480 sic
539 2448 704 2482 sceleratus
734 2462 856 2492 campus

171 2496 351 2535 dicebatur,
376 2499 408 2529 in
435 2510 498 2541 quo
518 2500 683 2537 Vestales,
710 2512 781 2543 quae
808 2501 856 2532 in-

172 2553 295 2580 cestum
308 2547 460 2585 fecerant,
471 2549 718 2582 defodiebantur
734 2557 783 2590 3et
795 2563 855 2583 sce-

172 2598 271 2629 lerata
287 2598 384 2630 Porta
400 2599 625 2637 Carmentalis,
641 2601 727 2632 unde
747 2612 802 2633 sex
824 2607 857 2634 et

172 2648 306 2680 trecenti
322 2649 423 2686 Fabii,
440 2660 514 2680 cum
530 2650 696 2682 clientium
715 2651 857 2683 millibus

173 2697 327 2740 quinque,
351 2698 504 2730 adversus
532 2699 705 2732 Hetruscos
727 2702 856 2743 egressi,

174 2748 348 2790 pugnando
373 2748 533 2781 interfecti
563 2757 646 2782 sunt.
696 2751 771 2783 Vid.
792 2752 857 2784 Tit.

176 2798 245 2830 Liv.
262 2798 295 2830 ii.
313 2800 368 2831 49.

964 1445 1037 1476 140.
1057 1445 1191 1476 Nomina
1207 1451 1297 1476 tanta
1311 1444 1409 1487 refers
1421 1444 1450 1486 l]
1475 1444 1599 1477 Consu-

916 1495 1001 1527 latus
1016 1495 1148 1538 quippe,
1166 1501 1198 1526 et
1214 1493 1401 1526 Germanici
1425 1505 1602 1536 cognomen

919 1546 1037 1582 Druso,
1054 1556 1091 1576 eo
1113 1545 1192 1588 ipso,
1208 1556 1272 1587 quo
1294 1544 1399 1587 periit,
1415 1555 1500 1576 anno
1520 1544 1602 1577 obti-

918 1602 1045 1638 gerunt.

968 1648 1041 1678 142.
1056 1647 1097 1677 Et
1109 1648 1173 1677 vidi
1188 1645 1332 1687 eversos]
1348 1645 1489 1684 Quidam
1501 1648 1604 1678 inver-

919 1707 972 1727 sos.
1019 1696 1172 1728 Solebant
1192 1697 1278 1728 enim
1293 1697 1433 1728 virorum
1451 1695 1602 1739 insignia,

919 1747 969 1778 vel
991 1757 1080 1778 arma
1110 1747 1142 1778 in
1162 1746 1272 1779 funere
1295 1748 1429 1778 inverti.-
1454 1746 1510 1789 qui
1534 1757 1603 1779 mos

919 1797 1025 1829 adhuc
1041 1796 1129 1839 apud
1146 1808 1214 1828 nos.
1260 1796 1312 1828 Sic
1329 1796 1446 1840 Virgih
1462 1797 1540 1828 AEn.
1557 1797 1603 1829 xi.

919 1848 976 1880 lib.
988 1850 1043 1880 93.
1058 1848 1091 1879 in
1108 1848 1267 1879 Pallantis
1282 1848 1394 1879 funere
1410 1860 1416 1878 :
1443 1852 1464 1864 ‘¹
1475 1848 1603 1879 —Tum

919 1904 1037 1930 moesta
1049 1898 1202 1941 phalanx,
1217 1898 1400 1941 Teucrique
1415 1904 1604 1941 sequuntur,

919 1949 1142 1992 Tyrrhenique
1164 1949 1275 1986 duces,
1294 1956 1326 1981 et
1346 1953 1439 1981 versis
1461 1950 1605 1982 Arcades

919 2001 1048 2031 a7·mis.’'

969 2051 1042 2082 143.
1077 2051 1148 2082 Lux
1182 2052 1242 2083 lzaec
1271 2052 1458 2083 moestissima
1487 2051 1601 2093 venit]

924 2101 1090 2132 Cat-issima
1105 2107 1184 2132 vett.
1202 2111 1311 2132 omnes
1337 2101 1411 2132 edd.
1450 2102 1545 2139 Quod
1560 2101 1606 2133 ita

921 2162 985 2182 non
1000 2151 1189 2194 improbem,
1205 2157 1241 2182 ut
1261 2151 1380 2182 ironice
1397 2151 1531 2189 dictum,
1549 2163 1603 2184 ne-

922 2212 985 2243 que
1016 2201 1088 2233 ideo
1114 2213 1132 2233 a
1158 2212 1284 2234 summo
1313 2201 1421 2233 dolore
1450 2201 1604 2234 alienum.

923 2251 1122 2283 Confirmant
1142 2257 1297 2294 praeterea
1319 2262 1391 2293 quae
1415 2259 1607 2294 sequuntur,

928 2302 988 2332 145
1003 2314 1010 2332 :
1035 2301 1146 2333 Jamne
1161 2313 1215 2344 ego
1231 2301 1406 2344 nonfelix!

972 2352 1044 2383 146.
1071 2352 1210 2384 Materni
1222 2353 1336 2383 celeber·
1347 2354 1469 2384 nomine
1482 2353 1608 2385 Drusus

924 2402 1004 2443 avi.]
1023 2403 1200 2434 Drusorum
1215 2402 1350 2440 familia,
1365 2403 1456 2435 Livia
1470 2403 1608 2447 primum

925 2452 1216 2493 denominabatur3
1245 2453 1303 2485 sed
1331 2465 1431 2496 quum
1459 2465 1541 2486 unus
1567 2465 1607 2487 ex

925 2503 990 2534 illis
1005 2503 1172 2535 Gallorum
1188 2503 1303 2535 ducem
1320 2503 1505 2546 quemdam,
1519 2505 1608 2537 Dru-

925 2565 992 2584 sum
1011 2554 1150 2591 nomine,
1165 2554 1347 2592 occidisset,
1364 2555 1425 2586 hoc
1446 2554 1508 2587 sibi
1530 2566 1606 2597 cog-

927 2614 1043 2635 nomen
1059 2603 1195 2636 addidit.
1241 2605 1327 2637 Hinc
1344 2615 1445 2647 genus
1467 2605 1609 2637 ducebat

928 2653 1021 2685 Livia
1053 2654 1210 2691 Drusilla,
1241 2655 1282 2686 de
1313 2665 1378 2697 qua
1407 2654 1459 2686 hic
1491 2654 1608 2697 agitur.

928 2704 1051 2735 Drusos
1071 2704 1186 2746 Virgil.
1215 2705 1386 2736 honorifice
1415 2715 1608 2737 commemo-

926 2760 985 2790 rat,
1003 2755 1082 2785 AEn.
1100 2754 1143 2785 vi.
1160 2755 1246 2793 824;
1265 2754 1322 2786 sed
1341 2755 1517 2787 adulatorie
1538 2764 1606 2786 ma-

926 2803 987 2845 gis,
1006 2814 1104 2846 quam
1120 2803 1280 2836 historice.
