1830 3220
812 171 955 215 IBIS.

1508 173 1537 213 01

1539 173 1595 214 Ξ

166 288 372 353 Quique
399 289 698 337 verecundae
725 289 1076 354 speculantem
1103 288 1245 337 labra
1272 287 1468 343 Dianae‚

233 367 438 431 Quique
467 367 815 432 Crotopiaden
842 368 1097 433 diripuere
1126 367 1306 415 Linon.

164 445 308 494 Neve
332 452 583 494 venenato
609 446 768 494 levius
793 446 986 495 feriaris
1014 446 1077 494 ab
1105 462 1287 509 angue,

231 523 400 579 Quam
428 524 564 572 senis
592 524 769 588 OEagri
798 525 1168 589 Calliopesque
1194 540 1380 582 nurus;

1490 525 1588 570 484

162 600 329 656 Quam
368 618 495 666 puer
526 601 873 668 Hypsipyles;
916 618 1072 666 quarn
1110 602 1200 667 qui
1236 617 1360 650 cava
1397 601 1589 666 primus

231 680 462 746 Cuspide
489 681 717 745 suspecti
745 681 925 730 robora
948 680 1061 729 fixit
1086 681 1224 745 equi.

1417 682 1591 743 [acuta

158 757 302 807 Neve
328 759 516 822 gradus
543 759 697 807 adeas
725 758 980 824 Elpenore
1007 759 1204 807 cautius
1232 759 1378 815 altos,

225 836 447 902 Vimque
469 837 601 886 feras
621 838 739 896 vini,
762 855 864 902 quo
885 838 1002 886 tulit
1021 838 1105 886 ille
1132 838 1299 885 modo.

156 914 389 980 Tamque
425 916 581 965 cadas
619 916 859 974 domitus,
895 933 1049 982 quam
1084 916 1318 981 quisquis
1351 915 1414 963 ad
1449 929 1587 962 arma

360 1003 626 1043 vocantem

222 1071 254 1120 J
261 1073 364 1121 uvit
390 1073 722 1122 inhumanum
749 1074 1122 1124 Thiodamanta
1150 1074 1384 1139 Dryops3

1486 1075 1584 1120 490

155 1149 323 1206 Quam
348 1151 484 1201 ferus
513 1152 621 1218 ipse
650 1169 742 1202 suo
769 1154 918 1218 periit
943 1160 1196 1202 mactatus
1224 1152 1272 1199 in
1301 1159 1443 1200 antro

222 1228 465 1279 Proditus
493 1231 700 1279 inclusae
730 1231 900 1280 Cacus
935 1233 998 1280 ab
1025 1248 1111 1281 ore
1137 1231 1308 1288 bovis;

154 1306 322 1363 Quam
348 1309 435 1373 qui
462 1309 596 1358 dona
620 1310 737 1358 tulit
766 1309 975 1358 Lernaeo
1002 1311 1163 1358 tincta
1187 1325 1398 1364 veneno,

224 1385 588 1452 Euboicasque
616 1405 708 1437 suo
735 1390 983 1453 sanguine
1008 1389 1161 1436 tinxit
1188 1403 1365 1452 aquas.

152 1464 249 1514 Vel
273 1466 338 1515 de
364 1467 615 1532 praecipiti
642 1467 815 1516 venias
841 1469 892 1515 in
919 1467 1128 1516 Tartara
1154 1482 1296 1522 saxo,
1481 1466 1578 1511 490

1554 1466 1576 1488 Γ,

222 1543 296 1592 Ut
319 1545 408 1609 qui
436 1545 753 1594 Socraticum
781 1546 843 1594 de
872 1563 996 1594 nece
1025 1546 1146 1609 legit
1171 1561 1327 1610 opus;

149 1678 329 1723 discerptus
343 1686 401 1712 est.
440 1681 508 1724 Ego
522 1681 678 1713 Thrasum
693 1682 830 1714 eundem

150 1735 229 1771 puto
267 1740 340 1761 cum
369 1731 513 1769 Thrasi0‚
543 1732 620 1764 Anii
658 1732 832 1764 sacerdotis

151 1779 228 1817 filio,
244 1779 284 1812 de
301 1791 365 1823 quo
381 1781 542 1824 Hyginus,
558 1792 632 1825 cap.
649 1784 728 1814 247.

194 1831 271 1862 482.
297 1831 417 1873 Quique
429 1832 629 1874 Crotopiaden
642 1833 828 1874 diripuere]

154 1881 230 1913 Duo
256 1882 329 1913 Lini
354 1883 492 1920 suerunt,
517 1883 597 1915 alter
616 1883 776 1927 Apollinis
800 1890 832 1915 et

150 1932 351 1970 Psamathes,
365 1933 439 1964 filiae
459 1933 602 1977 Crotopi,
617 1933 711 1971 filius,
735 1944 754 1965 a
775 1944 830 1965 ca-

149 1982 246 2014 nibus
265 1989 313 2015 est
328 1983 516 2027 discerptus.
543 1985 738 2025 Crotopiades
753 1984 831 2015 dici-

151 2038 216 2070 tur,
235 2032 321 2076 quod
345 2044 445 2076 nepos
469 2033 509 2065 sit
530 2034 672 2077 Crotopi.
692 2035 833 2066 Pausan.

149 2082 230 2115 alter
250 2083 464 2126 Amphimari,
488 2084 556 2127 ejus
579 2084 635 2126 qui
661 2084 721 2116 suit
743 2085 832 2128 Nep-

150 2133 217 2166 tuni
246 2139 278 2165 et
302 2133 434 2165 Uraniae
460 2133 505 2165 fil.
530 2134 585 2177 qui
611 2135 651 2166 ab
667 2134 830 2178 ”Apolline

149 2183 275 2226 sagittis
299 2184 442 2216 confixus
463 2184 534 2222 fuit,
557 2195 595 2216 eo
616 2185 700 2228 quod
723 2195 756 2216 se
783 2184 830 2216 illi

148 2240 216 2266 arte
230 2235 368 2267 musices
383 2240 610 2278 comparasset.

194 2285 271 2316 483.
296 2280 420 2327 ⁷Neve.]
458 2283 631 2328 Eurydice,
662 2295 740 2317 uxor
767 2285 827 2316 Or-

149 2334 238 2378 phei,
265 2335 323 2366 filii
349 2335 458 2378 OEagri
489 2341 522 2367 et
546 2335 729 2379 Calliopes;
755 2335 829 2368 vide

149 2384 249 2417 Ovid.
269 2385 406 2416 Metam.
431 2385 487 2416 lib.
508 2397 541 2417 x.
567 2396 652 2417 vers,
677 2387 737 2416 10:
764 2396 827 2417 ser-

149 2434 256 2477 pentis
271 2434 337 2467 icta
350 2441 475 2467 mortua
489 2442 547 2467 est.

197 2486 275 2518 485.
303 2485 404 2521 Quam
425 2486 535 2528 ymen]
564 2485 731 2529 Opheltes,
747 2485 831 2518 filius

150 2534 290 2578 Lycurgi
311 2536 394 2578 regis
413 2536 622 2573 Nemeorum,
644 2536 698 2579 qui
720 2542 831 2580 postea

153 2585 370 2618 Archemorus
398 2593 447 2618 est
473 2585 588 2623 dictus,
616 2587 692 2618 dum
717 2597 830 2629 parum

148 2636 321 2679 diligenter
331 2636 370 2668 ab
383 2636 562 2679 Hypsipyle
578 2636 701 2668 nutrice
722 2641 826 2668 custo-

148 2687 281 2724 ditetur,
315 2687 471 2730 serpentis
508 2697 615 2719 morsu
652 2687 828 2719 exstinctus

148 2743 209 2769 est.
256 2739 331 2776 Qua
358 2738 495 2770 orbitate
524 2738 691 2781 Lycurgus
718 2738 828 2776 iratus,

149 2787 253 2819 dirum
268 2786 322 2830 jus
342 2786 375 2818 in
389 2787 601 2831 Hypsipylem
621 2788 827 2825 exercuisset,

197 2837 299 2869 VOL.
324 2839 366 2869 V.

902 1693 932 1713 ni
970 1693 988 1713 a
1019 1681 1143 1713 Graecis
1172 1681 1283 1711 fuisset
1312 1677 1513 1722 prohibitus;
1550 1683 1583 1709 at

902 1743 1000 1775 quum
1040 1733 1080 1764 ab
1118 1731 1246 1763 oraculo
1284 1728 1438 1761 admoniti
1477 1733 1583 1760 essent

902 1782 1022 1819 Graeci,
1050 1793 1112 1814 non
1137 1782 1223 1825 prius
1244 1780 1373 1812 Thebas
1395 1789 1486 1822 posse
1510 1789 1581 1822 per-

901 1834 1021 1869 venire,
1039 1844 1136 1876 quam
1160 1830 1347 1864 Archemori
1371 1840 1481 1861 manes
1506 1829 1577 1872 pla-

901 1889 1038 1920 cassent,
1055 1883 1148 1914 ludos
1165 1882 1312 1914 funebres
1332 1880 1576 1915 constituerunt,

901 1933 941 1964 de
962 1934 1078 1976 quibus
1096 1932 1231 1964 victores
1256 1930 1320 1974 apii
1343 1939 1458 1962 corona
1480 1928 1578 1971 insig-

902 1983 1082 2020 niebantur,
1100 1988 1132 2013 et
1152 1981 1221 2013 ludi
1244 1986 1355 2024 postea
1375 1979 1518 2011 celebres
1538 1989 1578 2009 ex

900 2033 943 2065 iv.
965 2033 1121 2076 agonibus
1137 2030 1276 2063 Isthmii.
1299 2029 1578 2063 Mrern—-Quam

901 2084 965 2124 qui.
988 2084 1148 2118 Laocoon,
1166 2081 1307 2112 immisso
1327 2079 1390 2110 telo
1407 2078 1440 2110 in
1457 2088 1576 2120 equum

900 2133 1074 2177 Trojanum
1103 2132 1257 2175 ligneum,
1286 2129 1442 2172 serpentis
1471 2138 1577 2160 morsu

900 2184 1030 2216 cecidit.
1078 2183 1200 2215 Notum
1224 2188 1273 2213 est
1292 2191 1420 2213 carmen
1435 2178 1577 2222 Virgilii.

900 2235 997 2266 Dom.

945 2286 1021 2317 493.
1050 2285 1149 2320 Quam
1171 2285 1223 2325 qui
1244 2281 1354 2323 doum]
1381 2280 1500 2312 Lichas
1524 2289 1575 2312 ve-

897 2341 1047 2367 nenatam
1075 2333 1217 2366 tunicam
1245 2331 1379 2364 Herculi
1406 2330 1533 2367 adtulit,
1559 2339 1578 2361 a

898 2396 961 2428 quo
980 2385 1013 2417 in
1035 2395 1120 2416 mare
1137 2383 1315 2416 Euboicum
1340 2381 1485 2425 dejectus
1506 2386 1576 2419 est3

900 2436 1021 2478 Hygin.
1037 2446 1107 2478 cap.
1123 2435 1176 2466 36.
1201 2434 1296 2465 D031.

944 2487 1019 2518 495.
1047 2485 1100 2517 Vel
1115 2487 1152 2516 de
1165 2485 1316 2525 praecipiti
1332 2484 1433 2514 venias
1448 2483 1481 2512 in
1497 2480 1574 2511 Tar-

901 2537 1002 2578 tara.]
1064 2535 1287 2567 Cleombrotus
1338 2532 1572 2566 Ambraciotes,

902 2586 1046 2618 Platonis
1068 2585 1125 2617 lib.
1141 2585 1182 2616 de
1198 2584 1308 2615 Anim.
1323 2580 1574 2617 immortalitate,

897 2637 951 2679 qui
979 2635 1124 2668 Phaedon
1155 2633 1348 2670 inscribitur,
1375 2632 1526 2675 perlecto,
1555 2640 1573 2662 e

896 2687 974 2719 turri
1000 2686 1032 2718 in
1062 2696 1138 2717 saxo
1167 2683 1368 2728 praecipitem
1397 2693 1430 2714 se
1459 2679 1569 2712 dedit:

896 2737 1011 2770 Cicero
1029 2742 1135 2768 autem
1154 2736 1189 2766 in
1211 2745 1299 2767 mare
1319 2744 1392 2766 eum
1412 2731 1523 2764 scribit
1537 2741 1572 2761 se

896 2787 1121 2831 praecipitasse.
1146 2786 1228 2817 zm.

1031 2839 1049 2868 3
1065 2837 1091 2867 T
