1830 3220
618 192 1052 236 CONSOLATIO.

1464 197 1550 239 431

128 308 232 358 Sed
260 309 464 358 Mavors
490 311 685 375 templo
710 311 922 367 vicinus,
951 318 1005 359 et
1030 311 1205 359 accola
1232 311 1434 377 Campi,

192 387 292 436 Tot
315 388 446 436 dixit
470 388 620 436 siccis
646 390 801 437 verba
826 405 919 437 nec
948 389 1057 453 ipse
1083 389 1227 453 genis
1249 407 1258 437 :

126 465 453 531 Quamquam
472 483 647 515 amnes
669 467 821 516 decet
838 469 928 523 ira,
946 475 1136 524 tamen,
1162 468 1418 527 Tiberine,
1442 471 1553 534 qui-

195 545 312 593 Non
338 545 447 602 tibi,
477 562 581 593 non
606 546 723 594 ullis
749 547 952 595 vincere
977 546 1081 595 fata
1105 547 1271 595 datur.

1352 549 1520 611 [escas
1540 567 1550 598 ε

125 624 232 673 Iste
256 641 400 673 meus
427 625 603 690 periit3
647 626 796 690 periit
820 643 961 675 arma
986 627 1117 674 inter
1143 634 1196 675 et
1222 644 1388 685 enseS,
1452 632 1552 677 235

195 702 262 751 Et
286 704 392 751 dux
419 720 510 768 pro
536 705 728 768 patria;
771 704 947 753 funere
973 721 1130 753 causa
1153 706 1297 754 latet.
1319 692 1329 701 ’

127 780 279 837 Quod
305 782 447 846 potui
471 782 728 840 tribuisse,
756 783 905 832 dedi:
948 783 1158 831 victoria
1183 791 1328 849 parta
1354 792 1449 833 est.

195 859 389 908 Auctor
414 861 519 909 abit
542 861 710 926 operis
731 880 741 917 ;
784 861 876 909 sed
902 869 1074 910 tamen
1101 870 1272 910 exstat
1297 879 1445 927 opus.

128 936 400 993 Quondam
427 955 522 1003 ego
544 939 735 987 tentavi
755 938 1065 1004 Clothoque,
1083 940 1315 1005 duasque
1341 957 1554 999 sorores,

198 1017 394 1067 Pollice
421 1035 535 1083 quae
563 1027 702 1067 certo
729 1035 889 1084 pensa
915 1035 1091 1068 severa
1116 1021 1340 1078 trahunt,

1455 1024 1556 1068 240

131 1096 203 1145 Ut
228 1096 424 1145 Remus
452 1097 658 1154 Iliades,
688 1105 739 1146 et
763 1097 918 1146 frater
943 1098 1174 1146 conditor
1198 1100 1338 1147 urbis

198 1175 499 1241 Effugerent
522 1178 694 1242 aliqua
720 1185 900 1241 stagna
924 1176 1177 1242 profunda
1201 1178 1298 1227 via.

131 1254 209 1303 De
248 1255 411 1304 tribus
449 1272 550 1303 una
585 1255 737 1313 mihi;
779 1263 978 1320 partem
1015 1256 1208 1321 accipe,
1240 1273 1356 1321 quae
1390 1257 1557 1316 datur,

198 1333 457 1383 Muneris:
487 1351 552 1383 ex
571 1334 700 1391 istis,
722 1334 860 1398 quod
882 1335 1031 1398 petis,
1055 1336 1182 1384 alter
1207 1337 1318 1384 erit.
1350 1336 1556 1402 [inquit,

174 1508 251 1540 231.
278 1508 399 1548 Templo
414 1510 546 1545 vicinus,
563 1515 592 1540 et
607 1510 712 1540 accola
728 1521 809 1541 cam-

128 1558 194 1600 pi.]
223 1559 300 1590 Erat
328 1557 412 1589 enim
441 1558 541 1589 Marti
580 1560 749 1601 templum,
779 1560 811 1591 in

131 1619 245 1651 campo
265 1609 306 1640 ab
324 1609 423 1651 ipsius
443 1608 571 1641 nomine
589 1610 687 1647 dicto,
704 1621 809 1642 sacra-

132 1665 212 1696 tum,
231 1659 318 1702 quod
342 1659 384 1690 A.
404 1659 445 1691 U.
471 1660 511 1691 C.
534 1659 653 1692 dccliii.
678 1661 811 1692 fulmine

130 1720 330 1753 percussum,
349 1715 450 1741 totum
467 1710 689 1752 conflagravit.
736 1711 811 1743 Dio.

132 1761 189 1793 lvi.

175 1811 252 1842 233.
286 1811 398 1841 Amnes
427 1813 511 1842 decet
541 1811 624 1852 ira.]
675 1812 812 1854 Egregie

132 1861 294 1898 Lucanus,
320 1861 360 1893 de
383 1860 471 1898 Nilo,
498 1862 723 1903 Καταράκτας
754 1862 813 1893 im-

132 1916 210 1954 petu
222 1921 338 1953 magno
352 1912 541 1953 profluente,
558 1912 671 1944 Phars.
683 1923 715 1944 x.
727 1913 791 1944 315
805 1925 810 1943 ;

132 1965 154 1978 “
167 1983 177 1992 .
189 1985 198 1993 .
210 1984 217 1992 .
229 1961 310 1999 Quis
326 1966 434 1992 tetam
449 1962 521 1993 lene
536 1963 688 1994 fluentem
704 1963 811 1994 Motu—

133 2022 204 2042 rum
222 2017 328 2042 tantas
343 2011 473 2043 violenti
489 2012 625 2054 gurgitis
639 2012 711 2049 iras,
727 2013 813 2050 Nile,

134 2063 246 2105 putet?
271 2063 335 2094 Sed
352 2073 451 2104 quum
467 2062 577 2105 lapsus
592 2063 729 2106 abrupta
745 2063 814 2094 via-

133 2123 202 2144 rum
241 2113 407 2155 Excepere
444 2118 527 2148 tuos,
565 2120 598 2144 et
634 2113 814 2156 praecipites

134 2168 317 2200 cataractae,
342 2162 392 2194 Ac
417 2174 576 2205 nusquam
600 2163 706 2195 vetitis
729 2163 814 2195 ullas

135 2213 286 2245 obsistere
329 2219 440 2245 cautes
484 2214 666 2255 Indignaris
711 2214 813 2257 aquiS,

135 2274 249 2306 spuma
272 2269 350 2295 tunc
382 2270 467 2295 astra
497 2265 653 2303 lacessis;
689 2265 816 2296 Cuncta

135 2313 276 2345 fremunt
305 2313 419 2352 undis;
453 2324 491 2344 ac
521 2313 622 2344 multo
655 2325 816 2346 murmure

137 2363 254 2395 montis
264 2364 424 2405 Spumeus
438 2363 568 2395 invictis
583 2364 726 2395 canescit
737 2364 816 2395 fluc—

139 2413 226 2445 tibus
242 2412 380 2444 amnis.'’
429 2414 504 2445 Non
525 2413 609 2445 male
629 2419 734 2453 certe3
760 2414 816 2445 sed

139 2468 261 2506 quanto
294 2463 395 2505 major
427 2464 596 2501 Homerus,
627 2463 659 2494 in
698 2463 817 2495 descri-

138 2513 254 2545 bendis
280 2513 479 2545 Scamandro
506 2520 539 2545 et
563 2514 739 2551 Simoente,
763 2526 818 2557 pro

139 2562 216 2605 ripis
226 2573 299 2594 cum
310 2562 441 2595 Achille
450 2563 688 2595 decertantibus
700 2564 706 2595 !
723 2564 820 2597 Iliad.

142 2616 184 2645 Φ.
197 2625 227 2644 ν.
243 2615 320 2645 234.
336 2624 407 2655 sqq.

187 2664 264 2696 235.
290 2662 352 2694 Iste
367 2675 450 2695 meus
464 2664 586 2705 periit]
614 2664 713 2700 Meus,
724 2674 819 2706 quem

141 2713 211 2756 ipse
227 2713 268 2744 ad
283 2718 383 2745 artem
397 2715 549 2746 bellicam
563 2714 820 2753 informaveram,

143 2763 356 2806 fovebamque
399 2775 505 2796 amore
543 2771 694 2807 patern03
729 2767 823 2805 periit

145 2813 297 2857 quidem3
321 2814 378 2846 sed
398 2822 434 2847 ut
453 2816 619 2847 alumnum
637 2825 745 2847 meum
767 2815 822 2848 de—

879 1510 975 1540 cebat
998 1510 1112 1552 perire,
1135 1522 1222 1541 arma
1246 1512 1330 1542 inter
1356 1518 1386 1543 et
1411 1523 1506 1549 enses,
1533 1519 1562 1543 et

880 1562 943 1591 dur
966 1572 1021 1600 pro
1042 1562 1169 1600 patria!
1217 1561 1341 1593 Funere
1362 1574 1455 1593 causa
1475 1564 1562 1595 latet.

882 1610 1078 1653 Interpretes
1104 1610 1159 1642 diu
1184 1611 1385 1654 multumque
1413 1613 1563 1644 exercuit

881 1659 941 1691 hoc
972 1660 1209 1692 hemistichion.
1256 1661 1465 1704 Intelligebat
1494 1663 1560 1693 Mi-

881 1710 1005 1751 cyllus:
1029 1722 1085 1742 cur
1109 1710 1200 1741 illum
1226 1711 1292 1748 Dii,
1314 1722 1370 1743 seu
1394 1712 1473 1749 fata,
1496 1717 1560 1744 tam

882 1761 945 1791 cito
961 1760 1165 1798 abstulerint,
1182 1761 1215 1792 in
1232 1762 1366 1793 obscuro
1386 1767 1446 1794 est.
1495 1762 1561 1800 Qui

882 1821 992 1842 sensus
1017 1822 1079 1842 non
1104 1811 1149 1842 ita
1175 1817 1344 1854 repugnat,
1370 1823 1469 1854 quum
1498 1823 1562 1844 non

882 1861 958 1892 satis
983 1861 1064 1893 inter
1087 1872 1120 1893 se
1146 1868 1294 1893 constent
1319 1863 1497 1905 scriptores,
1521 1864 1562 1896 de

883 1921 991 1948 causa,
1022 1917 1078 1942 aut
1107 1922 1223 1954 genere.
1252 1912 1380 1943 mortis:
1420 1913 1476 1944 sed
1506 1914 1562 1945 ad-

884 1961 1041 1992 mittenda
1067 1967 1142 1992 tunc
1173 1961 1282 1993 durior
1309 1962 1409 1993 multo
1439 1963 1562 1996 ἀντίπ-

884 2012 1133 2054 τωσις,]ἰιηενε,
1151 2024 1207 2055 pro
1220 2013 1353 2055 funeris
1377 2013 1564 2056 vel-simeri.

884 2063 979 2101 Quod
995 2063 1205 2104 Scaligerum,
1223 2063 1339 2095 Heins.
1356 2070 1388 2095 et
1403 2065 1562 2098 Burman-

883 2124 958 2144 num
978 2112 1117 2155 impulit,
1137 2119 1171 2144 ut
1184 2114 1341 2156 legerent,
1357 2114 1477 2156 primus
1493 2117 1564 2158 qui-

883 2162 975 2194 dem:
1003 2168 1023 2181 ‘¹
1048 2164 1088 2194 Et
1119 2165 1171 2195 liu·
1194 2165 1292 2205 proh!
1315 2165 1426 2208 patriae
1454 2165 1564 2199 funere

883 2215 990 2245 clausa
1012 2215 1121 2246 latet.''
1168 2214 1321 2246 Heinsius
1342 2226 1435 2246 vero:
1484 2221 1505 2234 “
1522 2219 1564 2248 Et

885 2264 939 2295 lux
956 2264 1033 2306 proh
1049 2264 1054 2294 !
1083 2263 1194 2306 patriae
1213 2266 1327 2296 lumine
1348 2276 1429 2296 cassa
1445 2265 1565 2297 latet.''

885 2315 1016 2346 Servato
1038 2315 1216 2346 Burmanni
1236 2315 1330 2358 priori
1352 2315 1565 2355 hemistichio,

886 2365 947 2396 levi
965 2365 1137 2396 admodum
1157 2364 1394 2397 immutatione.
1446 2367 1489 2397 Ut
1503 2369 1566 2399 dux

884 2426 940 2455 pro
971 2415 1097 2452 Patria,
1128 2414 1264 2446 alterum
1298 2415 1343 2447 sic
1380 2416 1564 2448 constituit:

877 2466 999 2508 fimere
1029 2476 1121 2496 causa
1148 2471 1244 2505 patet.
1301 2465 1341 2496 Id
1370 2471 1429 2502 est,
1459 2465 1564 2508 ipsum

876 2515 985 2558 finnus
1000 2514 1144 2546 declarat
1159 2515 1300 2546 Drusum
1315 2527 1372 2556 pro
1389 2517 1494 2556 patria
1510 2527 1564 2547 oc-

889 2565 1050 2597 cubuisse.
1095 2564 1289 2596 Praeluserat
1315 2565 1380 2608 jam
1409 2566 1566 2609 Cuperus,

890 2617 1025 2648 Observ.
1037 2615 1081 2647 iv.
1097 2616 1128 2647 3.

932 2667 1009 2698 244.
1041 2665 1130 2700 Quod
1154 2667 1242 2706 petis,
1266 2666 1347 2696 alter
1371 2666 1442 2696 erit.
1498 2666 1565 2697 Im-

889 2716 1041 2752 mortalis,
1064 2714 1210 2754 scilicet3
1235 2725 1300 2757 qua
1323 2721 1429 2746 autem
1450 2715 1502 2747 via
1525 2717 1567 2749 ad

891 2767 1028 2810 Superos
1057 2765 1215 2797 Romulus
1242 2764 1438 2807 migraverit,
1463 2765 1567 2798 incer-

892 2823 972 2848 tum.

1032 2815 1162 2847 Poetice
1203 2814 1351 2857 quidem:
1400 2818 1422 2832 “
1451 2815 1568 2849 Martis
