1809 3220
190 193 275 235 174

572 189 623 229 Ρ.
655 186 873 229 OVIDII
907 185 1194 228 NASONIS

192 309 320 365 Quae
346 306 533 362 decuit,
560 304 734 369 primis
761 304 869 351 sine
895 302 1102 350 crimine
1127 301 1340 350 lusimus
1366 300 1538 349 annis:

256 385 407 433 Nunc
434 382 611 431 teritur
635 381 820 429 nostris
847 397 963 428 area
987 380 1148 443 major
1173 379 1338 442 equis.
1550 379 1611 424 10

187 464 438 528 Tempora
461 477 577 509 cum
603 459 788 516 causis,
818 458 1085 507 annalibus
1112 465 1257 505 eruta
1282 455 1481 521 priscis,

256 541 526 606 Lapsaque
552 538 647 585 sub
672 546 848 593 terras,
876 544 1088 600 ortaque
1114 535 1259 598 signa
1284 550 1427 582 cano.

187 620 433 669 Venimus
450 617 514 665 ad
530 622 783 680 quartum,
798 630 899 678 quo
915 622 967 662 tu
986 613 1332 669 celeberrima,
1347 627 1601 660 mensem:

256 697 324 745 Et
347 703 529 751 vatem,
557 701 608 742 et
632 709 860 741 mensem
887 692 1003 748 scis,
1033 691 1223 747 Venus,
1252 706 1365 739 esse
1390 697 1522 737 tuos.

189 775 336 824 Mota
361 772 670 839 Cytheriaca
692 771 868 818 leviter
892 786 1006 818 mea
1029 777 1261 834 tempora
1287 776 1454 833 myrto
1552 769 1611 815 15

259 851 513 914 Contigit3
555 858 621 906 et,
649 856 873 913 coeptum
900 847 1103 912 perfice,
1131 847 1277 903 dixit,
1306 863 1450 910 opus,

191 930 482 986 Sensimus3
525 934 576 976 et
601 926 768 974 subito
794 942 960 974 causae
982 933 1191 990 patuere
1217 924 1441 971 dierum:

258 1008 396 1055 Dum
420 1006 556 1061 licet,
585 1012 636 1053 et
661 1004 855 1068 spirant
879 1003 1099 1058 flamina,
1129 1002 1268 1050 navis
1294 1008 1391 1049 eat.

191 1088 243 1135 Si
272 1101 375 1150 qua
398 1092 568 1131 tamen
594 1097 709 1147 pars
735 1088 784 1129 te
811 1081 875 1128 de
901 1080 1067 1128 Fastis
1093 1088 1299 1143 tangere
1325 1079 1496 1136 debet,

259 1164 448 1218 Caesar,
477 1160 526 1208 in
554 1159 733 1224 Aprili,
763 1174 864 1222 quo
894 1158 1132 1214 tenearis,
1158 1157 1337 1205 habes.

1546 1160 1613 1204 20

184 1241 283 1290 Hic
309 1241 374 1289 ad
399 1248 449 1287 te
475 1254 660 1301 magna
684 1236 952 1285 descendit
976 1235 1195 1299 imagine
1221 1235 1440 1294 mensis3

258 1318 327 1367 Et
350 1318 408 1365 fit
433 1316 669 1380 adoptiva
693 1314 957 1362 nobilitate
983 1321 1121 1361 tuus.

187 1499 283 1532 quam
308 1492 427 1523 tract03
451 1486 611 1517 abstracta
633 1484 677 1515 sic
701 1484 803 1515 solent
821 1484 861 1515 de

186 1537 328 1582 personis
351 1536 436 1574 dici;
461 1534 608 1576 exempla
631 1533 760 1575 collegit
778 1533 861 1563 Dra-

185 1589 284 1620 kenb.
311 1586 351 1618 ad
375 1586 501 1617 Silium.
530 1584 593 1615 xvi.
616 1585 693 1615 504.
741 1583 863 1614 Primos

189 1638 292 1671 aetatis
321 1647 420 1668 annos
448 1637 552 1666 decere
580 1634 738 1676 putabant
766 1633 861 1664 talem

185 1686 369 1720 lasciviam:
387 1686 540 1716 Amorum
556 1683 618 1714 ΙΙΙ.
632 1695 683 1714 xv.
695 1684 732 1713 4:
761 1687 780 1699 “
792 1683 862 1713 Nec

189 1749 240 1769 me
260 1735 385 1767 deliciae
407 1734 583 1765 dedecuere
599 1732 715 1764 meae.”
762 1732 863 1762 Hora-

188 1787 262 1821 tius,
287 1785 315 1815 Ι.
338 1784 398 1826 Ep.
421 1783 485 1814 xiv.
510 1783 572 1813 36:
613 1786 635 1799 “
655 1781 725 1813 Nec
750 1780 863 1812 lusisse

188 1835 302 1879 pudet,
342 1833 399 1865 sed
438 1843 500 1864 non
537 1831 677 1863 incidere
715 1831 862 1862 lusum.”

191 1887 329 1928 Operam
344 1893 433 1914 suam
455 1881 552 1913 etiam
574 1881 609 1912 ii.
627 1882 703 1912 360.
720 1891 792 1912 cum
809 1880 863 1911 de-

190 1946 284 1968 cursu
312 1933 345 1964 in
371 1932 454 1963 circo
479 1937 651 1973 comparat,
673 1931 765 1972 cujus
791 1941 863 1972 spa-

190 1987 270 2017 tium
285 1995 356 2015 urea
378 1982 494 2013 dicitur
509 1994 517 2019 3
543 1981 611 2012 ΙΙΙ.
627 1982 792 2016 Amorum,
811 1991 864 2010 xv.

195 2037 246 2067 18.
277 2032 467 2074 tragoediam
497 2031 633 2062 scribere
663 2041 866 2071 aggressurus

189 2084 279 2128 ponit
293 2083 380 2113 haec:
408 2082 567 2112 Pulsanda
586 2086 627 2111 est
651 2082 769 2121 magnis
793 2090 866 2109 area

191 2136 288 2174 major
316 2134 410 2173 equis.
460 2130 736 2170 Tempora—cano.
785 2129 865 2159 Haec

191 2182 326 2225 repetita
341 2191 358 2211 e
374 2179 430 2210 lib.
445 2178 466 2209 i.
486 2181 498 2209 l
517 2190 609 2220 seqq.

239 2233 290 2263 15.
313 2231 358 2262 Ut
371 2228 487 2271 puellae
500 2228 680 2270 petulantes
692 2233 866 2258 amatorem

191 2293 224 2314 re
252 2280 327 2316 levi,
352 2289 447 2320 quam
474 2288 570 2309 manu
594 2283 714 2314 tenent,
739 2276 866 2313 feriunt,

192 2333 236 2364 sie
262 2331 373 2362 Venus
402 2327 552 2359 Ovidium
584 2334 682 2369 myrto
713 2329 864 2369 contigit;

193 2381 248 2423 qui
270 2385 374 2410 tactus
396 2378 457 2409 vim
483 2377 689 2409 iustitutionis
712 2377 864 2407 habebat.

193 2431 310 2472 Neque
331 2426 411 2459 adeo
432 2433 510 2462 erat,
526 2437 581 2458 cur
603 2432 729 2469 poetam
751 2426 797 2456 ita
816 2425 864 2456 in-

193 2483 338 2514 strueret,
366 2482 402 2508 ut
426 2477 541 2512 JanuS‚
571 2476 627 2507 lib.
655 2476 677 2506 i.
723 2475 865 2506 Similem

194 2535 300 2561 autem
323 2526 387 2557 vim
414 2525 448 2556 iu
471 2525 576 2556 animo
603 2531 715 2567 poetae,
730 2525 801 2555 Art.
821 2524 865 2555 iii.

194 2578 302 2610 Amat.
318 2576 371 2608 53.
386 2575 496 2606 folium
511 2575 651 2606 habebat
665 2582 698 2606 et
711 2584 810 2616 grana
825 2573 865 2605 de

194 2627 328 2659 Veneris
344 2632 445 2667 myrto
460 2625 547 2656 data.

239 2677 380 2708 19—60.
428 2675 540 2706 Coesarz'
575 2673 779 2710 Germanico,
812 2674 864 2705 cui

194 2728 254 2759 hoc
278 2737 357 2769 opus
379 2730 609 2760 consecratum,
633 2734 728 2765 supra
751 2723 772 2754 i.
796 2723 864 2754 init.

195 2776 391 2809 nobilitatem
406 2785 495 2807 suam
511 2774 722 2810 commendat,
738 2779 770 2804 et
785 2784 862 2805 cau-

931 1495 999 1515 sam
1013 1484 1106 1515 simul
1123 1482 1233 1526 aperit,
1250 1493 1306 1514 cur
1322 1481 1444 1525 Aprilis
1468 1480 1541 1513 olim
1559 1491 1611 1512 se-

931 1534 1071 1565 cundum
1088 1533 1190 1564 locum
1216 1532 1371 1563 habuerit.
1418 1531 1480 1562 Hic
1497 1529 1611 1562 seriem

932 1583 1068 1615 intexuit
1091 1594 1200 1625 regum
1224 1589 1256 1614 et
1269 1582 1475 1623 Trojanorum
1499 1585 1532 1612 et
1548 1579 1608 1611 Al-

931 1635 1097 1664 banorum.
1143 1633 1246 1663 Locus
1260 1638 1307 1663 est
1323 1631 1491 1662 historicus
1506 1635 1539 1661 et
1561 1635 1608 1661 te-

932 1683 1034 1713 nuiter
1050 1681 1195 1724 scriptus.
1240 1682 1360 1721 Aprilis
1371 1679 1490 1711 Veneri
1506 1689 1610 1716 sacer,

932 1733 1024 1774 cujus
1039 1742 1137 1773 nepos
1153 1730 1254 1767 Iulus,
1271 1741 1290 1762 a
1311 1740 1374 1772 quo
1389 1729 1541 1771 originem
1561 1738 1611 1760 re-

934 1783 1064 1824 petebat
1088 1780 1178 1812 Julia
1206 1791 1295 1822 gens,
1319 1779 1351 1809 in
1381 1779 1472 1821 cujus
1498 1779 1608 1809 nobili-

935 1838 1024 1861 tatem
1052 1832 1216 1870 adoptatus
1245 1835 1313 1860 erat
1338 1828 1516 1870 Augustus,
1543 1832 1615 1870 post

933 1881 1029 1912 etiarn
1053 1880 1160 1912 Caesar
1184 1878 1408 1914 Germanicus,
1422 1877 1444 1908 i.
1462 1878 1512 1908 10.
1558 1877 1613 1908 In-

933 1937 1052 1972 terpres
1066 1929 1213 1961 Gallicus
1228 1928 1318 1959 illum
1340 1938 1425 1959 nunc
1440 1926 1590 1968 intelligit
1605 1937 1615 1966 ;

933 1980 987 2011 sed
1015 1980 1134 2010 rectius
1161 1979 1245 2010 bunc
1274 1977 1447 2019 intelliges.
1493 1975 1613 2008 Cae'sari

934 2029 1018 2060 enim
1049 2028 1242 2060 Germanico
1275 2034 1375 2058 totum
1405 2037 1483 2069 opus
1518 2031 1614 2068 poeta

934 2078 1143 2114 consecravit,
1172 2077 1385 2118 eumdemque
1417 2076 1516 2107 etiam
1546 2087 1613 2107 ver.

934 2129 989 2159 81:
1004 2128 1185 2170 alloquitur.
1233 2128 1398 2158 Descendit
1420 2127 1459 2157 ad
1476 2132 1516 2162 te,
1532 2125 1612 2157 serie

934 2179 1089 2221 majorum
1105 2177 1273 2209 deducitur
1289 2177 1330 2207 ad
1354 2182 1398 2213 te,
1417 2181 1550 2218 apparet
1571 2175 1613 2206 ad

935 2235 966 2259 te
997 2239 1124 2270 quoque
1150 2228 1240 2258 illum
1269 2237 1412 2257 mensem
1445 2225 1614 2268 pertinere.

935 2279 1080 2309 Sumtum
1109 2278 1167 2308 hoc
1195 2276 1342 2308 vocabul.
1365 2285 1449 2306 nunc
1473 2285 1493 2305 a
1515 2279 1611 2305 stem-

935 2335 1031 2364 mate,
1058 2328 1143 2370 quod
1173 2338 1192 2358 a
1222 2326 1323 2369 primo
1351 2325 1457 2367 gentis
1481 2330 1613 2355 auctore

935 2379 1088 2409 descendit
1113 2377 1154 2408 ad
1180 2382 1334 2419 posteros.
1381 2376 1419 2406 In
1442 2379 1611 2406 stemmate

936 2427 1073 2459 Caesaris
1102 2437 1218 2457 nomen
1249 2431 1316 2456 erat
1342 2424 1487 2460 Veneris,
1508 2423 1612 2465 quod,

936 2477 1013 2519 quia
1049 2476 1221 2508 maximam
1261 2474 1461 2506 nobilitatem
1497 2473 1610 2508 dabat,

934 2533 1029 2569 poeta
1066 2537 1083 2558 e
1118 2535 1261 2557 sermone
1290 2524 1436 2555 Romano
1469 2533 1611 2565 magnam

934 2578 1096 2619 imaginem
1125 2574 1218 2606 dixit.
1272 2573 1392 2616 Aprilis
1420 2572 1517 2614 igitur
1545 2581 1610 2613 prae

935 2625 1058 2657 caeteris
1087 2635 1178 2657 carus
1208 2623 1328 2655 Caesari
1358 2633 1426 2654 esse
1455 2621 1608 2653 debebat.

933 2675 995 2706 Sed
1011 2674 1091 2706 illud
1111 2684 1221 2706 carum
1242 2683 1311 2704 esse
1333 2670 1488 2714 expressit
1502 2669 1610 2700 verbis

935 2733 1060 2767 tangere
1074 2730 1106 2756 et
1121 2725 1228 2759 teneri,
1245 2733 1316 2764 quae
1332 2721 1450 2764 passim
1466 2719 1606 2752 oblecta-

935 2775 1028 2806 tionis
1042 2774 1200 2806 notionem
1217 2772 1346 2803 habent.
