1830 3220
622 192 1133 235 KALENDARIUM.
1500 190 1589 259 vxix

166 311 190 346 b
246 311 312 348 xiii
407 310 496 348 Kal.
518 310 693 362 Delphin
713 311 835 348 oritur
855 311 1042 348 chronice.
1074 309 1140 347 Sol
1160 309 1200 346 in
1221 307 1428 345 Cancrum.
1459 304 1592 343 Volsci

565 387 605 418 et
626 379 744 430 AEqui
764 379 987 417 vincuntur.

168 463 188 486 c
247 450 301 486 xii
406 448 499 487 Kal.
521 449 732 501 Templum
752 448 887 486 datum
907 455 966 486 est
991 447 1204 486 Summano
1223 448 1325 486 Jovi.

168 517 192 554 d
246 518 285 555 xi
408 517 499 556 Kal.
522 517 782 569 AEsculapius,
803 518 870 568 qui
890 525 930 555 et
949 516 1091 555 dicitur
1111 517 1342 568 Ophiuchus
1364 526 1403 556 et
1425 519 1593 571 Serpen-

565 587 700 632 tarius,
723 587 899 625 chronice
918 587 1052 624 oritur.

168 671 189 695 e
248 671 274 694 x
409 656 500 695 Kal.

168 726 189 762 f
249 727 287 763 ix
408 725 499 764 Kal.
522 725 666 764 Victus
686 733 745 764 est
767 726 996 764 Flaminius.

168 810 193 846 g
244 796 312 833 viii
407 795 498 834 Kal.
521 795 681 847 Syphax
700 796 880 834 vincitur.
940 795 1163 833 Hasdrubal
1183 795 1382 835 occiditur.
1430 797 1590 836 Festum

567 865 678 904 fortis
700 864 733 902 F
735 871 895 902 ortunae.
954 863 1186 902 Solstitium.

171 934 210 972 A
247 935 299 972 vii
410 934 502 972 Kal.
525 934 689 972 Festum
709 933 869 971 Larium
890 939 930 971 et
950 932 975 969 J
979 933 1059 970 ovis
1081 932 1259 971 Statoris.

169 1004 194 1041 b
250 1004 288 1041 vi
410 1003 502 1041 Kal.
524 1002 646 1041 Orion
666 1009 824 1053 apparet
845 1016 866 1039 a
887 1001 994 1040 Zona
1014 1002 1186 1040 inferius.
1218 1001 1450 1040 Solstitium.

171 1086 191 1110 c
250 1087 274 1109 v
413 1071 504 1110 Kal.
525 1071 711 1110 Laurum.

171 1141 196 1179 d
252 1142 290 1179 iv
414 1140 505 1179 Kal.
527 1140 738 1192 Templum
760 1140 924 1186 Quirino
943 1141 1101 1178 factum.

172 1225 193 1249 e
253 1211 294 1248 iii
414 1210 504 1249 Kal.

173 1283 194 1318 f

256 1281 283 1318 ii
411 1279 502 1318 Kal.
525 1280 687 1318 Festum
711 1280 923 1317 Pieridum.

229 1485 359 1532 Quem
387 1492 515 1524 ortum
544 1499 767 1524 occasumve
799 1486 969 1524 siderum
1003 1487 1216 1524 astronomi
1248 1485 1448 1531 leeliacam,
1482 1501 1597 1538 quem

175 1555 388 1600 cosmiczcm,
419 1570 535 1607 quem
564 1555 835 1607 cccronyclzizcm
867 1555 1011 1600 dicant,
1039 1555 1278 1594 admonitum
1315 1566 1373 1594 est
1402 1556 1449 1594 ad
1478 1555 1544 1594 lib.
1573 1557 1597 1593 i.

175 1637 243 1662 ver
263 1623 352 1663 295.
