1809 3220
231 172 318 215 502

628 172 680 213 Ρ.
716 172 935 214 OVIDII
970 173 1256 217 NASONIS

225 288 397 353 Atque
423 288 616 351 aliquid
641 288 815 345 facias,
845 305 874 337 a
898 306 1111 355 vespere
1136 308 1308 340 rursus
1333 293 1397 341 ad
1424 301 1563 342 ortus

292 366 398 413 Cur
423 366 701 414 exsternati
733 366 867 414 Solis
895 376 1108 431 agantur
1134 370 1272 433 equi.

224 444 382 492 Foeda
410 443 679 508 Lycaoniae
707 452 909 510 repetes
935 447 1164 495 convivia
1188 464 1396 505 mensae,

290 522 641 586 Tentabisque
667 523 768 570 cibi
794 523 968 572 fallere
993 525 1171 573 fraude
1196 525 1227 572 J
1231 543 1402 575 ovem:

221 600 400 663 Teque
427 601 610 663 aliquis
635 601 800 665 posito
827 608 993 650 tentet
1011 603 1113 650 vim
1133 603 1354 651 numinis
1374 611 1524 668 opto;
1547 606 1649 653 435

289 678 584 726 Tantalides
611 686 666 726 tu
694 679 779 736 sis,
805 679 1156 745 Terei‘desque
1183 697 1322 744 puer.

222 757 290 805 Et
312 764 402 805 tua
427 757 499 804 sie
526 758 655 805 latos
682 766 987 822 spargantur
1012 759 1241 807 membra
1266 775 1356 823 per
1381 775 1547 823 agros,

285 835 552 899 Tanquam
579 852 694 900 quae
719 836 909 900 patrias
936 836 1201 885 detinuere
1226 837 1349 885 vias.

218 913 337 962 AEre
363 913 583 962 Perilleo
608 931 753 962 veros
780 915 976 963 imitere
997 916 1262 978 juvencos,

286 991 368 1039 Ad
394 991 605 1039 formam
631 993 759 1040 tauri
787 993 1121 1041 conveniente
1149 1010 1302 1041 sono:

1545 996 1646 1042 440

222 1069 355 1118 Utve
380 1070 523 1117 ferox
552 1070 800 1128 Phalaris,
829 1070 1003 1134 lingua
1027 1071 1165 1135 prius
1192 1087 1313 1119 ense
1339 1078 1553 1128 resecta,

290 1147 436 1196 More
462 1149 623 1204 bovis,
653 1148 852 1213 Paphio
879 1150 1082 1196 clausus
1109 1149 1161 1196 in
1186 1165 1284 1197 aere
1310 1165 1504 1212 gemas.

221 1225 463 1290 Dumque
490 1227 652 1274 redire
677 1227 816 1275 voles
844 1227 936 1274 aevi
961 1227 1181 1275 melioris
1207 1227 1258 1274 in
1284 1243 1460 1284 annos,

289 1303 361 1352 Ut
385 1312 529 1352 vetus
556 1305 764 1353 Admeti
790 1305 1047 1369 decipiare
1075 1322 1236 1353 socer.

217 1382 392 1445 Atque
419 1399 578 1446 eques
606 1384 656 1430 in
683 1384 835 1431 medii
863 1400 1093 1447 mergare
1121 1383 1358 1447 voragine
1383 1383 1642 1440 eoeni,445

287 1460 578 1508 Dummodo
605 1461 706 1508 sint
731 1461 819 1508 fati
847 1462 1052 1509 nomina
1078 1462 1218 1509 nulla
1241 1462 1333 1509 tui.

214 1537 389 1602 Atque
415 1539 608 1587 utinam
635 1556 832 1603 pereas,
861 1540 1015 1588 veluti
1043 1540 1106 1588 de
1132 1541 1373 1588 dentibus
1395 1539 1490 1588 orti

284 1616 494 1663 Sidonia
512 1617 665 1680 jactis
694 1617 850 1664 Graia
876 1634 966 1682 per
993 1633 1110 1665 arva
1135 1634 1305 1665 manu.

215 1691 283 1740 Et
307 1709 422 1758 quae
450 1693 732 1742 Pentliides
760 1694 895 1751 fecit,
924 1694 1182 1759 fraterque
1210 1694 1461 1752 Medusae,

284 1770 535 1819 Eveniant
560 1772 714 1836 capiti
741 1780 859 1820 vota
884 1773 1087 1821 sinistra
1111 1781 1215 1821 tuo.

1539 1775 1640 1821 450

215 1848 282 1896 Et
306 1849 492 1913 quibus
519 1851 705 1913 exiguo
730 1852 948 1900 volucris
975 1852 1159 1900 devota
1183 1851 1355 1899 libello
1381 1858 1475 1908 est,

282 1927 509 1992 Corpora
534 1930 763 1993 projecta
789 1946 903 1994 quae
930 1947 1023 1978 sua
1048 1938 1232 1995 purgat
1256 1946 1406 1994 aqua.

255 2129 330 2160 431.
355 2130 419 2160 Aut
442 2129 593 2170 aliquid]
621 2129 759 2161 Adludit
779 2129 818 2161 ad
841 2129 886 2160 fa-

209 2177 318 2208 bulam
343 2179 491 2220 Thyesta¹
519 2185 550 2209 et
578 2178 681 2215 Atrei,
707 2189 725 2210 a
755 2190 886 2221 quorum

210 2237 319 2258 mensa
345 2228 399 2258 Sol
423 2228 538 2258 dicitur
563 2227 712 2259 avertisse
738 2238 885 2266 currum3

207 2277 281 2308 vide
304 2278 425 2320 IIygin.
444 2279 523 2309 Fab.
541 2279 592 2309 68.
610 2283 641 2308 et
661 2277 812 2318 Tragoed.
828 2278 884 2309 Se-

208 2336 297 2358 necae
313 2328 447 2368 Thyest.

253 2377 326 2407 436.
344 2377 549 2418 Tantalides]
565 2378 690 2419 PelopS,
703 2377 788 2409 filius
798 2378 883 2408 Tan-

207 2425 274 2462 tali,
301 2427 482 2458 numinibus
508 2427 645 2468 hospitio
673 2428 840 2470 susceptis,
866 2439 885 2459 a

206 2482 295 2517 patre
311 2475 473 2519 adpositus
489 2482 548 2512 est,
569 2477 752 2519 experiente
771 2488 811 2508 an
829 2478 884 2509 Dii

206 2531 327 2556 essent.
375 2525 506 2568 Reliqui
539 2526 779 2557 abstinuerunt:
811 2527 886 2558 Una

207 2575 306 2606 Ceres
343 2575 511 2606 humerum
557 2575 744 2617 absumpsit,
791 2587 885 2618 quem

207 2630 317 2665 postea
347 2624 486 2655 reddidit
515 2625 689 2656 eburneum
721 2625 883 2657 divinitas.

210 2673 257 2704 Tu
277 2673 443 2715 Tereusque
457 2685 544 2714 puer.
584 2675 658 2716 Ityn
675 2674 775 2705 filium
792 2675 883 2706 Terei

207 2721 366 2763 designat,
383 2723 461 2765 patri
480 2723 672 2765 adpositum.

251 2773 325 2803 445.
342 2773 561 2814 Atqueeques]
586 2772 781 2805 Dehiscente
801 2779 884 2805 terra

956 2129 988 2160 in
1013 2130 1105 2167 urbe,
1126 2128 1287 2171 aruspices
1311 2127 1552 2171 responderunt,
1571 2128 1634 2160 Po-

955 2179 1124 2210 stulionem
1150 2179 1291 2209 manium
1310 2178 1418 2209 Deum
1442 2188 1571 2220 poscere
1588 2178 1636 2209 vi-

955 2239 1023 2260 rum
1061 2228 1286 2260 fortissimum:
1318 2228 1372 2270 qui
1400 2227 1460 2259 nisi
1491 2227 1632 2264 daretur,

954 2278 1116 2310 interitum
1158 2278 1230 2308 urbi
1268 2277 1444 2308 imminere.
1506 2276 1636 2308 Curtius

954 2327 1102 2359 iuventus
1123 2333 1181 2363 est,
1199 2326 1253 2368 qui
1278 2332 1419 2357 armatus
1439 2336 1512 2357 eum
1531 2327 1566 2356 in
1585 2327 1632 2358 lo-

953 2387 1026 2408 cum
1053 2388 1085 2408 se
1110 2375 1238 2419 dejecit.
1286 2376 1412 2406 Nomen
1435 2375 1547 2406 datum
1571 2382 1631 2413 est,

953 2433 989 2457 ut
1020 2428 1149 2457 Curtius
1180 2428 1264 2456 lacus
1294 2424 1534 2467 adpellaretur3
1560 2424 1634 2457 vide

954 2476 1028 2507 Val.
1047 2476 1182 2507 Maxim.
1200 2475 1256 2506 lib.
1271 2487 1301 2506 v.
1316 2485 1390 2517 cap.
1403 2477 1434 2506 5.
1459 2475 1557 2506 Dou-

999 2527 1075 2558 451.
1117 2526 1159 2556 Et
1188 2527 1295 2566 quibus
1326 2526 1435 2567 exiguo
1467 2524 1632 2566 volucris]

955 2575 1104 2617 Intellige
1141 2585 1195 2606 eas
1229 2573 1483 2616 imprecationes,
1515 2574 1633 2616 quibus

955 2625 1163 2667 Apollonium
1190 2624 1354 2655 Rhodium
1378 2633 1396 2654 a
1419 2623 1631 2661 Callimacho,

954 2676 1013 2707 sub
1030 2675 1132 2706 Ibidis
1153 2674 1279 2706 nomine
1295 2673 1445 2705 devotum
1461 2683 1531 2705 esse
1547 2673 1630 2704 dixi-

955 2735 1024 2757 mus
1068 2725 1158 2756 initio
1201 2724 1314 2756 harum
1360 2723 1628 2756 observationum.

955 2774 1090 2806 Ovidius
1114 2774 1198 2805 enim
1220 2772 1345 2816 planius
1368 2772 1545 2805 describere
1565 2782 1628 2804 non
