<?xml version="1.0" encoding="UTF-8"?>
<!DOCTYPE html PUBLIC "-//W3C//DTD XHTML 1.0 Transitional//EN"
    "http://www.w3.org/TR/xhtml1/DTD/xhtml1-transitional.dtd">
<html xmlns="http://www.w3.org/1999/xhtml" xml:lang="en" lang="en">
 <head>
  <title>
</title>
<meta http-equiv="Content-Type" content="text/html;charset=utf-8" />
  <meta name='ocr-system' content='tesseract 3.04.00' />
  <meta name='ocr-capabilities' content='ocr_page ocr_carea ocr_par ocr_line ocrx_word'/>
</head>
<body>
  <div class='ocr_page' id='page_1' title='image "./povidiinasonisop05oviduoft_0401.png"; bbox 0 0 1830 3220; ppageno 0'>
   <div class='ocr_carea' id='block_1_1' title="bbox 511 192 1534 236">
    <p class='ocr_par' dir='ltr' id='par_1_1' title="bbox 511 192 1534 236">
     <span class='ocr_line' id='line_1_1' title="bbox 511 192 1534 236; baseline 0 0"><span class='ocrx_word' id='word_1_1' title='bbox 511 193 585 236; x_wconf 95' lang='lat' dir='ltr'>IN</span> <span class='ocrx_word' id='word_1_2' title='bbox 619 192 838 235; x_wconf 85' lang='lat' dir='ltr'><strong>OVIDH</strong></span> <span class='ocrx_word' id='word_1_3' title='bbox 871 193 1125 235; x_wconf 89' lang='lat' dir='ltr'>FASTOS.</span> <span class='ocrx_word' id='word_1_4' title='bbox 1445 194 1534 236; x_wconf 79' lang='lat'>373</span> 
     </span>
    </p>
   </div>
   <div class='ocr_carea' id='block_1_2' title="bbox 110 311 1545 2806">
    <p class='ocr_par' dir='ltr' id='par_1_2' title="bbox 112 311 1538 491">
     <span class='ocr_line' id='line_1_2' title="bbox 112 311 1538 366; baseline 0.001 -14"><span class='ocrx_word' id='word_1_5' title='bbox 112 326 208 352; x_wconf 89' lang='lat' dir='ltr'>cum</span> <span class='ocrx_word' id='word_1_6' title='bbox 243 317 322 360; x_wconf 91' lang='lat' dir='ltr'>est,</span> <span class='ocrx_word' id='word_1_7' title='bbox 347 316 392 352; x_wconf 92' lang='lat' dir='ltr'>et</span> <span class='ocrx_word' id='word_1_8' title='bbox 419 325 568 352; x_wconf 89' lang='lat' dir='ltr'>omnes</span> <span class='ocrx_word' id='word_1_9' title='bbox 598 311 697 352; x_wconf 86' lang='lat' dir='ltr'>anni</span> <span class='ocrx_word' id='word_1_10' title='bbox 727 326 898 353; x_wconf 87' lang='lat' dir='ltr'>menses</span> <span class='ocrx_word' id='word_1_11' title='bbox 930 311 1246 366; x_wconf 81' lang='lat' dir='ltr'>complectitur,</span> <span class='ocrx_word' id='word_1_12' title='bbox 1271 311 1538 353; x_wconf 90' lang='lat' dir='ltr'>brevioribus</span> 
     </span>
     <span class='ocr_line' id='line_1_3' title="bbox 112 380 1533 436; baseline 0.001 -15"><span class='ocrx_word' id='word_1_13' title='bbox 112 386 254 422; x_wconf 86' lang='lat' dir='ltr'>tamen</span> <span class='ocrx_word' id='word_1_14' title='bbox 289 395 384 421; x_wconf 93' lang='lat' dir='ltr'>cum</span> <span class='ocrx_word' id='word_1_15' title='bbox 424 380 548 422; x_wconf 90' lang='lat' dir='ltr'>notis.</span> <span class='ocrx_word' id='word_1_16' title='bbox 615 380 821 421; x_wconf 82' lang='lat' dir='ltr'>Marmori</span> <span class='ocrx_word' id='word_1_17' title='bbox 857 381 1108 436; x_wconf 86' lang='lat' dir='ltr'>inscriptum</span> <span class='ocrx_word' id='word_1_18' title='bbox 1143 381 1316 422; x_wconf 89' lang='lat' dir='ltr'>videtur</span> <span class='ocrx_word' id='word_1_19' title='bbox 1352 381 1430 422; x_wconf 89' lang='lat' dir='ltr'>sub</span> <span class='ocrx_word' id='word_1_20' title='bbox 1462 381 1533 422; x_wconf 87' lang='lat' dir='ltr'>Ti-</span> 
     </span>
     <span class='ocr_line' id='line_1_4' title="bbox 112 450 246 491; baseline 0 0"><span class='ocrx_word' id='word_1_21' title='bbox 112 450 246 491; x_wconf 87' lang='lat' dir='ltr'>berio.</span> 
     </span>
    </p>

    <p class='ocr_par' dir='ltr' id='par_1_3' title="bbox 112 519 1539 701">
     <span class='ocr_line' id='line_1_5' title="bbox 169 519 1539 575; baseline 0.001 -14"><span class='ocrx_word' id='word_1_22' title='bbox 169 520 228 561; x_wconf 76' lang='grc'>20.</span> <span class='ocrx_word' id='word_1_23' title='bbox 256 519 447 561; x_wconf 85' lang='lat' dir='ltr'><strong>Kalend.</strong></span> <span class='ocrx_word' id='word_1_24' title='bbox 477 519 836 575; x_wconf 76' lang='lat' dir='ltr'>Capram&#39;corum,</span> <span class='ocrx_word' id='word_1_25' title='bbox 863 520 941 560; x_wconf 86' lang='lat' dir='ltr'>sub</span> <span class='ocrx_word' id='word_1_26' title='bbox 965 534 1049 574; x_wconf 91' lang='lat' dir='ltr'>quo</span> <span class='ocrx_word' id='word_1_27' title='bbox 1072 520 1243 561; x_wconf 90' lang='lat' dir='ltr'>nomine</span> <span class='ocrx_word' id='word_1_28' title='bbox 1267 520 1425 575; x_wconf 86' lang='lat' dir='ltr'>saepius</span> <span class='ocrx_word' id='word_1_29' title='bbox 1449 521 1539 562; x_wconf 86' lang='lat' dir='ltr'>edi-</span> 
     </span>
     <span class='ocr_line' id='line_1_6' title="bbox 113 588 1539 645; baseline 0.001 -15"><span class='ocrx_word' id='word_1_30' title='bbox 113 596 202 631; x_wconf 91' lang='lat' dir='ltr'>tum</span> <span class='ocrx_word' id='word_1_31' title='bbox 228 595 309 631; x_wconf 89' lang='lat' dir='ltr'>est.</span> <span class='ocrx_word' id='word_1_32' title='bbox 372 590 617 644; x_wconf 83' lang='lat' dir='ltr'>Supersunt</span> <span class='ocrx_word' id='word_1_33' title='bbox 638 589 807 630; x_wconf 90' lang='lat' dir='ltr'>nonnisi</span> <span class='ocrx_word' id='word_1_34' title='bbox 829 588 1057 642; x_wconf 77' lang='lat' dir='ltr'>Augustus</span> <span class='ocrx_word' id='word_1_35' title='bbox 1087 595 1132 630; x_wconf 90' lang='lat' dir='ltr'>et</span> <span class='ocrx_word' id='word_1_36' title='bbox 1162 591 1437 645; x_wconf 75' lang='lat' dir='ltr'>September,</span> <span class='ocrx_word' id='word_1_37' title='bbox 1462 591 1539 632; x_wconf 88' lang='lat' dir='ltr'>sed</span> 
     </span>
     <span class='ocr_line' id='line_1_7' title="bbox 112 659 747 701; baseline 0 -1"><span class='ocrx_word' id='word_1_38' title='bbox 112 660 310 700; x_wconf 88' lang='lat' dir='ltr'>uberiore</span> <span class='ocrx_word' id='word_1_39' title='bbox 333 674 430 701; x_wconf 90' lang='lat' dir='ltr'>cum</span> <span class='ocrx_word' id='word_1_40' title='bbox 454 659 747 700; x_wconf 84' lang='lat' dir='ltr'>adnotatione.</span> 
     </span>
    </p>

    <p class='ocr_par' dir='ltr' id='par_1_4' title="bbox 110 728 1542 1132">
     <span class='ocr_line' id='line_1_8' title="bbox 168 728 1540 783; baseline 0.001 -13"><span class='ocrx_word' id='word_1_41' title='bbox 168 729 228 770; x_wconf 84' lang='lat'>3⁰.</span> <span class='ocrx_word' id='word_1_42' title='bbox 252 729 444 770; x_wconf 84' lang='lat' dir='ltr'>Kalend.</span> <span class='ocrx_word' id='word_1_43' title='bbox 469 729 802 778; x_wconf 73' lang='lat' dir='ltr'>Amiterninmn,</span> <span class='ocrx_word' id='word_1_44' title='bbox 833 743 857 770; x_wconf 90' lang='lat' dir='ltr'>e</span> <span class='ocrx_word' id='word_1_45' title='bbox 886 728 1251 783; x_wconf 84' lang='lat' dir='ltr'>praestantissimis</span> <span class='ocrx_word' id='word_1_46' title='bbox 1280 729 1402 770; x_wconf 80' lang='lat' dir='ltr'>fastis</span> <span class='ocrx_word' id='word_1_47' title='bbox 1431 745 1540 771; x_wconf 88' lang='lat' dir='ltr'>mar-</span> 
     </span>
     <span class='ocr_line' id='line_1_9' title="bbox 111 797 1540 853; baseline 0 -13"><span class='ocrx_word' id='word_1_48' title='bbox 111 799 282 848; x_wconf 89' lang='lat' dir='ltr'>moreis,</span> <span class='ocrx_word' id='word_1_49' title='bbox 306 799 348 839; x_wconf 90' lang='lat' dir='ltr'>in</span> <span class='ocrx_word' id='word_1_50' title='bbox 379 799 494 853; x_wconf 92' lang='lat' dir='ltr'>quod</span> <span class='ocrx_word' id='word_1_51' title='bbox 526 798 789 853; x_wconf 84' lang='lat' dir='ltr'>peculiarem</span> <span class='ocrx_word' id='word_1_52' title='bbox 820 797 1173 838; x_wconf 87' lang='lat' dir='ltr'>commentarium</span> <span class='ocrx_word' id='word_1_53' title='bbox 1204 797 1440 852; x_wconf 83' lang='lat' dir='ltr'>Purpurini</span> <span class='ocrx_word' id='word_1_54' title='bbox 1469 798 1540 840; x_wconf 84' lang='lat' dir='ltr'>ha-</span> 
     </span>
     <span class='ocr_line' id='line_1_10' title="bbox 110 867 1539 923; baseline -0.001 -13"><span class='ocrx_word' id='word_1_55' title='bbox 110 869 187 910; x_wconf 92' lang='lat' dir='ltr'>bes</span> <span class='ocrx_word' id='word_1_56' title='bbox 216 868 259 910; x_wconf 92' lang='lat' dir='ltr'>in</span> <span class='ocrx_word' id='word_1_57' title='bbox 292 868 519 923; x_wconf 81' lang='lat' dir='ltr'>Sallengre</span> <span class='ocrx_word' id='word_1_58' title='bbox 547 868 686 923; x_wconf 88' lang='lat' dir='ltr'>suppl.</span> <span class='ocrx_word' id='word_1_59' title='bbox 720 867 773 908; x_wconf 85' lang='lat' dir='ltr'>ad</span> <span class='ocrx_word' id='word_1_60' title='bbox 799 867 966 908; x_wconf 86' lang='lat' dir='ltr'>Graevii</span> <span class='ocrx_word' id='word_1_61' title='bbox 989 867 1123 922; x_wconf 85' lang='lat' dir='ltr'>antiq.</span> <span class='ocrx_word' id='word_1_62' title='bbox 1148 872 1247 908; x_wconf 87' lang='lat' dir='ltr'>tom.</span> <span class='ocrx_word' id='word_1_63' title='bbox 1269 869 1310 908; x_wconf 80' lang='lat'>3.</span> <span class='ocrx_word' id='word_1_64' title='bbox 1335 868 1539 910; x_wconf 82' lang='lat' dir='ltr'>effossum</span> 
     </span>
     <span class='ocr_line' id='line_1_11' title="bbox 111 936 1542 993; baseline -0.001 -14"><span class='ocrx_word' id='word_1_65' title='bbox 111 953 135 979; x_wconf 89' lang='lat' dir='ltr'>e</span> <span class='ocrx_word' id='word_1_66' title='bbox 170 939 398 979; x_wconf 87' lang='lat' dir='ltr'>ruderibus</span> <span class='ocrx_word' id='word_1_67' title='bbox 437 938 596 979; x_wconf 89' lang='lat' dir='ltr'>veteris</span> <span class='ocrx_word' id='word_1_68' title='bbox 630 937 846 979; x_wconf 86' lang='lat' dir='ltr'>Amiterni</span> <span class='ocrx_word' id='word_1_69' title='bbox 883 937 925 977; x_wconf 91' lang='lat' dir='ltr'>in</span> <span class='ocrx_word' id='word_1_70' title='bbox 961 936 1131 978; x_wconf 80' lang='lat' dir='ltr'>Sabinis</span> <span class='ocrx_word' id='word_1_71' title='bbox 1165 937 1308 991; x_wconf 85' lang='lat' dir='ltr'>(hodie</span> <span class='ocrx_word' id='word_1_72' title='bbox 1344 937 1542 993; x_wconf 77' lang='lat' dir='ltr'>Aquila.)</span> 
     </span>
     <span class='ocr_line' id='line_1_12' title="bbox 112 1006 1542 1062; baseline 0 -14"><span class='ocrx_word' id='word_1_73' title='bbox 112 1007 321 1049; x_wconf 88' lang='lat' dir='ltr'>Correcte</span> <span class='ocrx_word' id='word_1_74' title='bbox 353 1007 427 1048; x_wconf 87' lang='lat' dir='ltr'>aeri</span> <span class='ocrx_word' id='word_1_75' title='bbox 456 1007 636 1048; x_wconf 89' lang='lat' dir='ltr'>incisum</span> <span class='ocrx_word' id='word_1_76' title='bbox 660 1012 727 1047; x_wconf 87' lang='lat' dir='ltr'>est</span> <span class='ocrx_word' id='word_1_77' title='bbox 756 1007 870 1061; x_wconf 83' lang='lat' dir='ltr'>apud</span> <span class='ocrx_word' id='word_1_78' title='bbox 894 1006 1078 1061; x_wconf 85' lang='lat' dir='ltr'>Foggin.</span> <span class='ocrx_word' id='word_1_79' title='bbox 1106 1021 1147 1061; x_wconf 86' lang='lat' dir='ltr'>p.</span> <span class='ocrx_word' id='word_1_80' title='bbox 1166 1006 1266 1047; x_wconf 81' lang='lat'>100.</span> <span class='ocrx_word' id='word_1_81' title='bbox 1332 1007 1424 1048; x_wconf 84' lang='lat' dir='ltr'>Sex</span> <span class='ocrx_word' id='word_1_82' title='bbox 1446 1021 1542 1062; x_wconf 92' lang='lat' dir='ltr'>pos-</span> 
     </span>
     <span class='ocr_line' id='line_1_13' title="bbox 111 1077 1059 1132; baseline -0.002 -14"><span class='ocrx_word' id='word_1_83' title='bbox 111 1077 292 1118; x_wconf 84' lang='lat' dir='ltr'>teriores</span> <span class='ocrx_word' id='word_1_84' title='bbox 315 1092 485 1118; x_wconf 85' lang='lat' dir='ltr'>menses</span> <span class='ocrx_word' id='word_1_85' title='bbox 508 1078 611 1118; x_wconf 84' lang='lat' dir='ltr'>satis</span> <span class='ocrx_word' id='word_1_86' title='bbox 632 1077 790 1132; x_wconf 79' lang='lat' dir='ltr'>integri</span> <span class='ocrx_word' id='word_1_87' title='bbox 813 1081 1059 1131; x_wconf 88' lang='lat' dir='ltr'>supersunt.</span> 
     </span>
    </p>

    <p class='ocr_par' dir='ltr' id='par_1_5' title="bbox 111 1144 1544 1551">
     <span class='ocr_line' id='line_1_14' title="bbox 168 1144 1544 1188; baseline -0.001 0"><span class='ocrx_word' id='word_1_88' title='bbox 168 1147 228 1188; x_wconf 84' lang='lat'>4⁰.</span> <span class='ocrx_word' id='word_1_89' title='bbox 263 1146 455 1188; x_wconf 81' lang='lat' dir='ltr'>Kalend.</span> <span class='ocrx_word' id='word_1_90' title='bbox 490 1146 773 1187; x_wconf 70' lang='lat' dir='ltr'>Antiatium</span> <span class='ocrx_word' id='word_1_91' title='bbox 810 1160 834 1187; x_wconf 95' lang='lat' dir='ltr'>e</span> <span class='ocrx_word' id='word_1_92' title='bbox 869 1145 1097 1186; x_wconf 85' lang='lat' dir='ltr'>ruderibus</span> <span class='ocrx_word' id='word_1_93' title='bbox 1135 1144 1293 1186; x_wconf 83' lang='lat' dir='ltr'>theatri</span> <span class='ocrx_word' id='word_1_94' title='bbox 1327 1144 1544 1187; x_wconf 85' lang='lat' dir='ltr'>Antiatini</span> 
     </span>
     <span class='ocr_line' id='line_1_15' title="bbox 112 1214 1541 1272; baseline -0.001 -15"><span class='ocrx_word' id='word_1_95' title='bbox 112 1217 270 1272; x_wconf 79' lang='lat' dir='ltr'>(Anzo)</span> <span class='ocrx_word' id='word_1_96' title='bbox 295 1221 481 1264; x_wconf 89' lang='lat' dir='ltr'>erutum,</span> <span class='ocrx_word' id='word_1_97' title='bbox 504 1216 607 1256; x_wconf 88' lang='lat' dir='ltr'>item</span> <span class='ocrx_word' id='word_1_98' title='bbox 630 1215 892 1270; x_wconf 83' lang='lat' dir='ltr'>posteriores</span> <span class='ocrx_word' id='word_1_99' title='bbox 924 1230 1002 1256; x_wconf 83' lang='lat' dir='ltr'>sex</span> <span class='ocrx_word' id='word_1_100' title='bbox 1025 1229 1196 1255; x_wconf 89' lang='lat' dir='ltr'>menses</span> <span class='ocrx_word' id='word_1_101' title='bbox 1221 1214 1541 1269; x_wconf 85' lang='lat' dir='ltr'>complectitur,</span> 
     </span>
     <span class='ocr_line' id='line_1_16' title="bbox 113 1284 1543 1341; baseline -0.001 -14"><span class='ocrx_word' id='word_1_102' title='bbox 113 1301 294 1341; x_wconf 88' lang='lat' dir='ltr'>quorum</span> <span class='ocrx_word' id='word_1_103' title='bbox 328 1285 507 1341; x_wconf 87' lang='lat' dir='ltr'>singulis</span> <span class='ocrx_word' id='word_1_104' title='bbox 539 1287 664 1327; x_wconf 86' lang='lat' dir='ltr'>deest</span> <span class='ocrx_word' id='word_1_105' title='bbox 697 1286 827 1327; x_wconf 87' lang='lat' dir='ltr'>decas</span> <span class='ocrx_word' id='word_1_106' title='bbox 859 1285 1010 1340; x_wconf 85' lang='lat' dir='ltr'>prima.</span> <span class='ocrx_word' id='word_1_107' title='bbox 1074 1284 1307 1339; x_wconf 83' lang='lat' dir='ltr'>Inscriptio</span> <span class='ocrx_word' id='word_1_108' title='bbox 1340 1284 1382 1325; x_wconf 89' lang='lat' dir='ltr'>in</span> <span class='ocrx_word' id='word_1_109' title='bbox 1417 1300 1543 1340; x_wconf 90' lang='lat' dir='ltr'>supe-</span> 
     </span>
     <span class='ocr_line' id='line_1_17' title="bbox 111 1356 1544 1411; baseline -0.001 -14"><span class='ocrx_word' id='word_1_110' title='bbox 111 1356 222 1397; x_wconf 90' lang='lat' dir='ltr'>riore</span> <span class='ocrx_word' id='word_1_111' title='bbox 248 1356 405 1397; x_wconf 79' lang='lat' dir='ltr'>tabulae</span> <span class='ocrx_word' id='word_1_112' title='bbox 428 1360 550 1411; x_wconf 88' lang='lat' dir='ltr'>parte</span> <span class='ocrx_word' id='word_1_113' title='bbox 575 1361 772 1404; x_wconf 84' lang='lat' dir='ltr'>testatur,</span> <span class='ocrx_word' id='word_1_114' title='bbox 799 1356 979 1397; x_wconf 88' lang='lat' dir='ltr'>incisum</span> <span class='ocrx_word' id='word_1_115' title='bbox 1009 1370 1103 1396; x_wconf 89' lang='lat' dir='ltr'>esse</span> <span class='ocrx_word' id='word_1_116' title='bbox 1127 1369 1311 1396; x_wconf 86' lang='lat' dir='ltr'>marmor</span> <span class='ocrx_word' id='word_1_117' title='bbox 1335 1370 1438 1396; x_wconf 87' lang='lat' dir='ltr'>cura</span> <span class='ocrx_word' id='word_1_118' title='bbox 1458 1356 1544 1396; x_wconf 89' lang='lat' dir='ltr'>col-</span> 
     </span>
     <span class='ocr_line' id='line_1_18' title="bbox 111 1424 1542 1482; baseline -0.001 -15"><span class='ocrx_word' id='word_1_119' title='bbox 111 1426 214 1482; x_wconf 82' lang='lat' dir='ltr'>legii</span> <span class='ocrx_word' id='word_1_120' title='bbox 236 1426 487 1467; x_wconf 89' lang='lat' dir='ltr'>libertorum</span> <span class='ocrx_word' id='word_1_121' title='bbox 503 1440 820 1480; x_wconf 85' lang='lat' dir='ltr'>vernarumque</span> <span class='ocrx_word' id='word_1_122' title='bbox 843 1426 995 1466; x_wconf 89' lang='lat' dir='ltr'>domus</span> <span class='ocrx_word' id='word_1_123' title='bbox 1011 1424 1226 1481; x_wconf 79' lang='lat' dir='ltr'>Augustae</span> <span class='ocrx_word' id='word_1_124' title='bbox 1250 1425 1293 1465; x_wconf 93' lang='lat' dir='ltr'>in</span> <span class='ocrx_word' id='word_1_125' title='bbox 1315 1424 1542 1467; x_wconf 76' lang='lat' dir='ltr'>Anti-atino</span> 
     </span>
     <span class='ocr_line' id='line_1_19' title="bbox 113 1494 1256 1551; baseline 0 -15"><span class='ocrx_word' id='word_1_126' title='bbox 113 1510 289 1537; x_wconf 89' lang='lat' dir='ltr'>secessu</span> <span class='ocrx_word' id='word_1_127' title='bbox 313 1495 581 1551; x_wconf 86' lang='lat' dir='ltr'>degentium,</span> <span class='ocrx_word' id='word_1_128' title='bbox 607 1495 740 1549; x_wconf 89' lang='lat' dir='ltr'>idque</span> <span class='ocrx_word' id='word_1_129' title='bbox 763 1495 841 1535; x_wconf 93' lang='lat' dir='ltr'>sub</span> <span class='ocrx_word' id='word_1_130' title='bbox 868 1494 1040 1536; x_wconf 88' lang='lat' dir='ltr'>Claudii</span> <span class='ocrx_word' id='word_1_131' title='bbox 1061 1494 1256 1549; x_wconf 90' lang='lat' dir='ltr'>imperio.</span> 
     </span>
    </p>

    <p class='ocr_par' dir='ltr' id='par_1_6' title="bbox 111 1564 1543 1760">
     <span class='ocr_line' id='line_1_20' title="bbox 169 1564 1543 1619; baseline -0.001 -12"><span class='ocrx_word' id='word_1_132' title='bbox 169 1566 229 1607; x_wconf 81' lang='grc'>50.</span> <span class='ocrx_word' id='word_1_133' title='bbox 264 1565 527 1607; x_wconf 78' lang='lat' dir='ltr'>Pincianum</span> <span class='ocrx_word' id='word_1_134' title='bbox 557 1565 611 1606; x_wconf 87' lang='lat' dir='ltr'>ad</span> <span class='ocrx_word' id='word_1_135' title='bbox 642 1570 832 1606; x_wconf 90' lang='lat' dir='ltr'>montem</span> <span class='ocrx_word' id='word_1_136' title='bbox 861 1564 1061 1605; x_wconf 89' lang='lat' dir='ltr'>Pincium</span> <span class='ocrx_word' id='word_1_137' title='bbox 1093 1570 1280 1612; x_wconf 90' lang='lat' dir='ltr'>erutum,</span> <span class='ocrx_word' id='word_1_138' title='bbox 1309 1570 1467 1619; x_wconf 85' lang='lat' dir='ltr'>praeter</span> <span class='ocrx_word' id='word_1_139' title='bbox 1497 1564 1543 1605; x_wconf 91' lang='lat' dir='ltr'>li-</span> 
     </span>
     <span class='ocr_line' id='line_1_21' title="bbox 112 1633 1542 1676; baseline -0.001 0"><span class='ocrx_word' id='word_1_140' title='bbox 112 1642 226 1676; x_wconf 86' lang='lat' dir='ltr'>teras</span> <span class='ocrx_word' id='word_1_141' title='bbox 250 1636 507 1676; x_wconf 87' lang='lat' dir='ltr'>nundinales</span> <span class='ocrx_word' id='word_1_142' title='bbox 536 1640 581 1675; x_wconf 88' lang='lat' dir='ltr'>et</span> <span class='ocrx_word' id='word_1_143' title='bbox 610 1634 777 1674; x_wconf 90' lang='lat' dir='ltr'>dierum</span> <span class='ocrx_word' id='word_1_144' title='bbox 800 1633 988 1675; x_wconf 88' lang='lat' dir='ltr'>rationes</span> <span class='ocrx_word' id='word_1_145' title='bbox 1020 1633 1122 1674; x_wconf 84' lang='lat' dir='ltr'>nihil</span> <span class='ocrx_word' id='word_1_146' title='bbox 1145 1633 1350 1675; x_wconf 86' lang='lat' dir='ltr'>continet.</span> <span class='ocrx_word' id='word_1_147' title='bbox 1415 1633 1542 1675; x_wconf 89' lang='lat' dir='ltr'>Com-</span> 
     </span>
     <span class='ocr_line' id='line_1_22' title="bbox 111 1703 1181 1760; baseline -0.002 -14"><span class='ocrx_word' id='word_1_148' title='bbox 111 1705 318 1760; x_wconf 88' lang='lat' dir='ltr'>plectitur</span> <span class='ocrx_word' id='word_1_149' title='bbox 339 1719 510 1746; x_wconf 90' lang='lat' dir='ltr'>menses</span> <span class='ocrx_word' id='word_1_150' title='bbox 533 1718 557 1744; x_wconf 85' lang='lat' dir='ltr'>a</span> <span class='ocrx_word' id='word_1_151' title='bbox 579 1703 669 1746; x_wconf 85' lang='lat' dir='ltr'>Jul.</span> <span class='ocrx_word' id='word_1_152' title='bbox 694 1704 747 1745; x_wconf 88' lang='lat' dir='ltr'>ad</span> <span class='ocrx_word' id='word_1_153' title='bbox 771 1704 930 1746; x_wconf 89' lang='lat' dir='ltr'>Octob.</span> <span class='ocrx_word' id='word_1_154' title='bbox 955 1703 1181 1744; x_wconf 90' lang='lat' dir='ltr'>inclusive.</span> 
     </span>
    </p>

    <p class='ocr_par' dir='ltr' id='par_1_7' title="bbox 169 1773 1334 1828">
     <span class='ocr_line' id='line_1_23' title="bbox 169 1773 1334 1828; baseline -0.002 -12"><span class='ocrx_word' id='word_1_155' title='bbox 169 1774 228 1816; x_wconf 85' lang='lat'>6⁰.</span> <span class='ocrx_word' id='word_1_156' title='bbox 271 1774 532 1818; x_wconf 79' lang='lat' dir='ltr'>Venurinum</span> <span class='ocrx_word' id='word_1_157' title='bbox 555 1773 723 1815; x_wconf 88' lang='lat' dir='ltr'>Maium</span> <span class='ocrx_word' id='word_1_158' title='bbox 747 1780 792 1814; x_wconf 90' lang='lat' dir='ltr'>et</span> <span class='ocrx_word' id='word_1_159' title='bbox 812 1773 991 1815; x_wconf 87' lang='lat' dir='ltr'>Junium</span> <span class='ocrx_word' id='word_1_160' title='bbox 1015 1773 1334 1828; x_wconf 85' lang='lat' dir='ltr'>complectitur.</span> 
     </span>
    </p>

    <p class='ocr_par' dir='ltr' id='par_1_8' title="bbox 113 1842 1545 2591">
     <span class='ocr_line' id='line_1_24' title="bbox 170 1842 1544 1899; baseline -0.002 -13"><span class='ocrx_word' id='word_1_161' title='bbox 170 1845 231 1886; x_wconf 83' lang='lat'>7⁰.</span> <span class='ocrx_word' id='word_1_162' title='bbox 271 1845 527 1888; x_wconf 77' lang='lat' dir='ltr'>Vaticanum</span> <span class='ocrx_word' id='word_1_163' title='bbox 546 1859 570 1885; x_wconf 90' lang='lat' dir='ltr'>a</span> <span class='ocrx_word' id='word_1_164' title='bbox 588 1843 803 1899; x_wconf 84' lang='lat' dir='ltr'>Fogginio</span> <span class='ocrx_word' id='word_1_165' title='bbox 822 1843 1005 1898; x_wconf 87' lang='lat' dir='ltr'>primum</span> <span class='ocrx_word' id='word_1_166' title='bbox 1025 1843 1189 1884; x_wconf 89' lang='lat' dir='ltr'>editum</span> <span class='ocrx_word' id='word_1_167' title='bbox 1209 1842 1403 1884; x_wconf 90' lang='lat' dir='ltr'>continet</span> <span class='ocrx_word' id='word_1_168' title='bbox 1420 1857 1544 1897; x_wconf 89' lang='lat' dir='ltr'>quos-</span> 
     </span>
     <span class='ocr_line' id='line_1_25' title="bbox 115 1912 1543 1969; baseline -0.002 -14"><span class='ocrx_word' id='word_1_169' title='bbox 115 1915 213 1955; x_wconf 87' lang='lat' dir='ltr'>dam</span> <span class='ocrx_word' id='word_1_170' title='bbox 235 1913 400 1969; x_wconf 89' lang='lat' dir='ltr'>Aprilis</span> <span class='ocrx_word' id='word_1_171' title='bbox 426 1920 470 1955; x_wconf 92' lang='lat' dir='ltr'>et</span> <span class='ocrx_word' id='word_1_172' title='bbox 503 1913 651 1954; x_wconf 80' lang='lat' dir='ltr'>Martii</span> <span class='ocrx_word' id='word_1_173' title='bbox 676 1912 783 1954; x_wconf 89' lang='lat' dir='ltr'>dies.</span> <span class='ocrx_word' id='word_1_174' title='bbox 846 1912 1086 1961; x_wconf 86' lang='lat' dir='ltr'>Alifanum,</span> <span class='ocrx_word' id='word_1_175' title='bbox 1115 1912 1414 1967; x_wconf 79' lang='lat' dir='ltr'>Exquilinum,</span> <span class='ocrx_word' id='word_1_176' title='bbox 1438 1912 1543 1953; x_wconf 89' lang='lat' dir='ltr'>Far-</span> 
     </span>
     <span class='ocr_line' id='line_1_26' title="bbox 114 1981 1544 2042; baseline -0.002 -17"><span class='ocrx_word' id='word_1_177' title='bbox 114 1984 337 2025; x_wconf 88' lang='lat' dir='ltr'>nesianum</span> <span class='ocrx_word' id='word_1_178' title='bbox 359 1983 533 2042; x_wconf 80' lang='lat' dir='ltr'>minoris</span> <span class='ocrx_word' id='word_1_179' title='bbox 557 1983 763 2024; x_wconf 89' lang='lat' dir='ltr'>momenti</span> <span class='ocrx_word' id='word_1_180' title='bbox 787 1988 899 2023; x_wconf 87' lang='lat' dir='ltr'>sunt.</span> <span class='ocrx_word' id='word_1_181' title='bbox 958 1981 1182 2037; x_wconf 85' lang='lat' dir='ltr'>Suppositi</span> <span class='ocrx_word' id='word_1_182' title='bbox 1204 1988 1363 2030; x_wconf 83' lang='lat' dir='ltr'>autem,</span> <span class='ocrx_word' id='word_1_183' title='bbox 1386 1986 1431 2022; x_wconf 86' lang='lat' dir='ltr'>et</span> <span class='ocrx_word' id='word_1_184' title='bbox 1451 1982 1544 2022; x_wconf 88' lang='lat' dir='ltr'>fere</span> 
     </span>
     <span class='ocr_line' id='line_1_27' title="bbox 113 2051 1544 2108; baseline -0.003 -13"><span class='ocrx_word' id='word_1_185' title='bbox 113 2068 170 2095; x_wconf 87' lang='lat' dir='ltr'>ex</span> <span class='ocrx_word' id='word_1_186' title='bbox 193 2053 354 2096; x_wconf 87' lang='lat' dir='ltr'>Ovidio</span> <span class='ocrx_word' id='word_1_187' title='bbox 378 2053 599 2108; x_wconf 88' lang='lat' dir='ltr'>descripti,</span> <span class='ocrx_word' id='word_1_188' title='bbox 625 2067 732 2107; x_wconf 90' lang='lat' dir='ltr'>quos</span> <span class='ocrx_word' id='word_1_189' title='bbox 762 2051 1017 2094; x_wconf 88' lang='lat' dir='ltr'>Mazochius</span> <span class='ocrx_word' id='word_1_190' title='bbox 1047 2052 1198 2100; x_wconf 89' lang='lat' dir='ltr'>edidit,</span> <span class='ocrx_word' id='word_1_191' title='bbox 1221 2051 1323 2093; x_wconf 85' lang='lat' dir='ltr'>fasti</span> <span class='ocrx_word' id='word_1_192' title='bbox 1353 2065 1430 2092; x_wconf 88' lang='lat' dir='ltr'>sex</span> <span class='ocrx_word' id='word_1_193' title='bbox 1460 2051 1544 2106; x_wconf 86' lang='lat' dir='ltr'>pri-</span> 
     </span>
     <span class='ocr_line' id='line_1_28' title="bbox 114 2122 1543 2165; baseline -0.001 -1"><span class='ocrx_word' id='word_1_194' title='bbox 114 2138 236 2165; x_wconf 91' lang='lat' dir='ltr'>orum</span> <span class='ocrx_word' id='word_1_195' title='bbox 257 2123 486 2164; x_wconf 90' lang='lat' dir='ltr'>mensium.</span> <span class='ocrx_word' id='word_1_196' title='bbox 521 2122 837 2164; x_wconf 85' lang='lat' dir='ltr'>Kalendarium</span> <span class='ocrx_word' id='word_1_197' title='bbox 858 2122 1089 2164; x_wconf 89' lang='lat' dir='ltr'>Rusticum</span> <span class='ocrx_word' id='word_1_198' title='bbox 1108 2122 1422 2163; x_wconf 87' lang='lat' dir='ltr'>Farnesianum</span> <span class='ocrx_word' id='word_1_199' title='bbox 1445 2136 1543 2162; x_wconf 92' lang='lat' dir='ltr'>con-</span> 
     </span>
     <span class='ocr_line' id='line_1_29' title="bbox 113 2192 1545 2249; baseline -0.002 -14"><span class='ocrx_word' id='word_1_200' title='bbox 113 2200 179 2236; x_wconf 83' lang='lat' dir='ltr'>tra</span> <span class='ocrx_word' id='word_1_201' title='bbox 201 2193 495 2235; x_wconf 88' lang='lat' dir='ltr'>Pontederam</span> <span class='ocrx_word' id='word_1_202' title='bbox 526 2194 660 2248; x_wconf 89' lang='lat' dir='ltr'>antiq.</span> <span class='ocrx_word' id='word_1_203' title='bbox 690 2209 732 2249; x_wconf 91' lang='lat' dir='ltr'>p.</span> <span class='ocrx_word' id='word_1_204' title='bbox 754 2192 855 2234; x_wconf 81' lang='lat'>393.</span> <span class='ocrx_word' id='word_1_205' title='bbox 891 2193 1084 2235; x_wconf 89' lang='lat' dir='ltr'>vindicat</span> <span class='ocrx_word' id='word_1_206' title='bbox 1106 2192 1362 2248; x_wconf 71' lang='lat' dir='ltr'>Foggifflus,</span> <span class='ocrx_word' id='word_1_207' title='bbox 1386 2207 1428 2246; x_wconf 93' lang='lat' dir='ltr'>p.</span> <span class='ocrx_word' id='word_1_208' title='bbox 1443 2192 1545 2233; x_wconf 84' lang='lat'>104.</span> 
     </span>
     <span class='ocr_line' id='line_1_30' title="bbox 115 2261 1544 2319; baseline -0.003 -14"><span class='ocrx_word' id='word_1_209' title='bbox 115 2265 394 2319; x_wconf 87' lang='lat' dir='ltr'>Supersedeo</span> <span class='ocrx_word' id='word_1_210' title='bbox 429 2278 658 2305; x_wconf 88' lang='lat' dir='ltr'>recensere</span> <span class='ocrx_word' id='word_1_211' title='bbox 694 2264 800 2312; x_wconf 90' lang='lat' dir='ltr'>loca,</span> <span class='ocrx_word' id='word_1_212' title='bbox 834 2263 907 2304; x_wconf 91' lang='lat' dir='ltr'>ubi</span> <span class='ocrx_word' id='word_1_213' title='bbox 936 2277 1084 2303; x_wconf 92' lang='lat' dir='ltr'>eorum</span> <span class='ocrx_word' id='word_1_214' title='bbox 1117 2262 1159 2303; x_wconf 91' lang='lat' dir='ltr'>in</span> <span class='ocrx_word' id='word_1_215' title='bbox 1196 2261 1356 2302; x_wconf 88' lang='lat' dir='ltr'>Ovidio</span> <span class='ocrx_word' id='word_1_216' title='bbox 1390 2261 1544 2316; x_wconf 89' lang='lat' dir='ltr'>aliquis</span> 
     </span>
     <span class='ocr_line' id='line_1_31' title="bbox 114 2331 1543 2390; baseline -0.001 -16"><span class='ocrx_word' id='word_1_217' title='bbox 114 2349 217 2375; x_wconf 93' lang='lat' dir='ltr'>usus</span> <span class='ocrx_word' id='word_1_218' title='bbox 243 2339 323 2382; x_wconf 91' lang='lat' dir='ltr'>est,</span> <span class='ocrx_word' id='word_1_219' title='bbox 349 2339 394 2374; x_wconf 90' lang='lat' dir='ltr'>et</span> <span class='ocrx_word' id='word_1_220' title='bbox 423 2349 571 2375; x_wconf 90' lang='lat' dir='ltr'>eorum</span> <span class='ocrx_word' id='word_1_221' title='bbox 601 2335 644 2375; x_wconf 89' lang='lat' dir='ltr'>in</span> <span class='ocrx_word' id='word_1_222' title='bbox 678 2335 874 2390; x_wconf 84' lang='lat' dir='ltr'>gratiam,</span> <span class='ocrx_word' id='word_1_223' title='bbox 900 2333 1057 2388; x_wconf 90' lang='lat' dir='ltr'>quibus</span> <span class='ocrx_word' id='word_1_224' title='bbox 1080 2331 1284 2388; x_wconf 80' lang='lat' dir='ltr'>Fogginii</span> <span class='ocrx_word' id='word_1_225' title='bbox 1314 2346 1434 2386; x_wconf 86' lang='lat' dir='ltr'>opus,</span> <span class='ocrx_word' id='word_1_226' title='bbox 1459 2345 1543 2372; x_wconf 89' lang='lat' dir='ltr'>non</span> 
     </span>
     <span class='ocr_line' id='line_1_32' title="bbox 113 2401 1543 2459; baseline -0.002 -15"><span class='ocrx_word' id='word_1_227' title='bbox 113 2403 235 2459; x_wconf 90' lang='lat' dir='ltr'>parvi</span> <span class='ocrx_word' id='word_1_228' title='bbox 271 2404 527 2458; x_wconf 88' lang='lat' dir='ltr'>parandum,</span> <span class='ocrx_word' id='word_1_229' title='bbox 565 2419 650 2445; x_wconf 90' lang='lat' dir='ltr'>non</span> <span class='ocrx_word' id='word_1_230' title='bbox 689 2404 741 2444; x_wconf 89' lang='lat' dir='ltr'>ad</span> <span class='ocrx_word' id='word_1_231' title='bbox 783 2417 934 2444; x_wconf 86' lang='lat' dir='ltr'>manus</span> <span class='ocrx_word' id='word_1_232' title='bbox 973 2407 1104 2451; x_wconf 87' lang='lat' dir='ltr'>esset,</span> <span class='ocrx_word' id='word_1_233' title='bbox 1141 2402 1285 2457; x_wconf 88' lang='lat' dir='ltr'>potius</span> <span class='ocrx_word' id='word_1_234' title='bbox 1324 2401 1543 2456; x_wconf 88' lang='lat' dir='ltr'>specimen</span> 
     </span>
     <span class='ocr_line' id='line_1_33' title="bbox 114 2470 1544 2528; baseline -0.003 -14"><span class='ocrx_word' id='word_1_235' title='bbox 114 2473 332 2528; x_wconf 87' lang='lat' dir='ltr'>quoddam</span> <span class='ocrx_word' id='word_1_236' title='bbox 367 2473 574 2514; x_wconf 87' lang='lat' dir='ltr'>fastorum</span> <span class='ocrx_word' id='word_1_237' title='bbox 607 2473 720 2514; x_wconf 88' lang='lat' dir='ltr'>inter</span> <span class='ocrx_word' id='word_1_238' title='bbox 751 2488 797 2514; x_wconf 91' lang='lat' dir='ltr'>se</span> <span class='ocrx_word' id='word_1_239' title='bbox 834 2478 1179 2528; x_wconf 88' lang='lat' dir='ltr'>comparatorum</span> <span class='ocrx_word' id='word_1_240' title='bbox 1213 2487 1236 2513; x_wconf 93' lang='lat' dir='ltr'>e</span> <span class='ocrx_word' id='word_1_241' title='bbox 1272 2486 1436 2520; x_wconf 87' lang='lat' dir='ltr'>mense,</span> <span class='ocrx_word' id='word_1_242' title='bbox 1470 2470 1544 2526; x_wconf 91' lang='lat' dir='ltr'>qui</span> 
     </span>
     <span class='ocr_line' id='line_1_34' title="bbox 113 2542 1082 2591; baseline -0.002 -7"><span class='ocrx_word' id='word_1_243' title='bbox 113 2543 340 2584; x_wconf 88' lang='lat' dir='ltr'>uberiores</span> <span class='ocrx_word' id='word_1_244' title='bbox 363 2548 486 2584; x_wconf 90' lang='lat' dir='ltr'>notas</span> <span class='ocrx_word' id='word_1_245' title='bbox 508 2543 653 2591; x_wconf 82' lang='lat' dir='ltr'>habet,</span> <span class='ocrx_word' id='word_1_246' title='bbox 679 2542 927 2584; x_wconf 85' lang='lat' dir='ltr'>describere</span> <span class='ocrx_word' id='word_1_247' title='bbox 953 2542 1082 2583; x_wconf 89' lang='lat' dir='ltr'>volui.</span> 
     </span>
    </p>

    <p class='ocr_par' dir='ltr' id='par_1_9' title="bbox 115 2606 1543 2806">
     <span class='ocr_line' id='line_1_35' title="bbox 174 2606 1543 2667; baseline -0.003 -14"><span class='ocrx_word' id='word_1_248' title='bbox 174 2612 241 2654; x_wconf 92' lang='lat' dir='ltr'>II.</span> <span class='ocrx_word' id='word_1_249' title='bbox 273 2613 466 2654; x_wconf 87' lang='lat' dir='ltr'>Transeo</span> <span class='ocrx_word' id='word_1_250' title='bbox 503 2619 648 2654; x_wconf 85' lang='lat' dir='ltr'>autem</span> <span class='ocrx_word' id='word_1_251' title='bbox 686 2612 739 2653; x_wconf 85' lang='lat' dir='ltr'>ad</span> <span class='ocrx_word' id='word_1_252' title='bbox 777 2612 891 2653; x_wconf 88' lang='lat' dir='ltr'>aliud</span> <span class='ocrx_word' id='word_1_253' title='bbox 930 2606 1247 2667; x_wconf 84' lang='lat' dir='ltr'>qualecumque</span> <span class='ocrx_word' id='word_1_254' title='bbox 1292 2609 1543 2658; x_wconf 88' lang='lat' dir='ltr'>subsidium,</span> 
     </span>
     <span class='ocr_line' id='line_1_36' title="bbox 115 2679 1541 2737; baseline -0.004 -14"><span class='ocrx_word' id='word_1_255' title='bbox 115 2697 199 2737; x_wconf 93' lang='lat' dir='ltr'>quo</span> <span class='ocrx_word' id='word_1_256' title='bbox 240 2682 293 2723; x_wconf 90' lang='lat' dir='ltr'>ad</span> <span class='ocrx_word' id='word_1_257' title='bbox 334 2681 482 2723; x_wconf 90' lang='lat' dir='ltr'>Ovidii</span> <span class='ocrx_word' id='word_1_258' title='bbox 521 2687 822 2737; x_wconf 83' lang='lat' dir='ltr'>argumentum</span> <span class='ocrx_word' id='word_1_259' title='bbox 863 2687 1006 2722; x_wconf 88' lang='lat' dir='ltr'>tamen</span> <span class='ocrx_word' id='word_1_260' title='bbox 1044 2680 1242 2736; x_wconf 84' lang='lat' dir='ltr'>proxime</span> <span class='ocrx_word' id='word_1_261' title='bbox 1282 2679 1541 2734; x_wconf 88' lang='lat' dir='ltr'>pertinente,</span> 
     </span>
     <span class='ocr_line' id='line_1_37' title="bbox 115 2747 1542 2806; baseline -0.003 -14"><span class='ocrx_word' id='word_1_262' title='bbox 115 2751 278 2806; x_wconf 88' lang='lat' dir='ltr'>priores</span> <span class='ocrx_word' id='word_1_263' title='bbox 300 2751 575 2806; x_wconf 86' lang='lat' dir='ltr'>interpretes,</span> <span class='ocrx_word' id='word_1_264' title='bbox 601 2765 782 2806; x_wconf 90' lang='lat' dir='ltr'>quorum</span> <span class='ocrx_word' id='word_1_265' title='bbox 810 2757 1004 2805; x_wconf 88' lang='lat' dir='ltr'>tempore</span> <span class='ocrx_word' id='word_1_266' title='bbox 1028 2749 1218 2791; x_wconf 88' lang='lat' dir='ltr'>tenebris</span> <span class='ocrx_word' id='word_1_267' title='bbox 1248 2748 1386 2790; x_wconf 89' lang='lat' dir='ltr'>adhuc</span> <span class='ocrx_word' id='word_1_268' title='bbox 1418 2747 1542 2789; x_wconf 90' lang='lat' dir='ltr'>obru-</span> 
     </span>
    </p>
   </div>
  </div>
 </body>
</html>
