1830 3220
535 192 608 233 IN
642 192 856 234 OVIDII
890 192 1141 234 FASTOS.
1441 194 1528 235 387

178 305 345 361 Aperte
370 322 567 349 occasum
591 309 881 363 vespertinum
905 310 1025 349 verbi
1049 309 1245 349 innuunt.
1310 309 1522 350 Occasum

119 381 261 416 autem
290 377 542 418 matutinum
570 378 798 418 dicendum
826 378 958 418 fuisse
990 392 1136 418 omnes
1163 377 1374 418 viderunt.
1437 378 1523 418 Pro

119 443 260 484 aderit
285 451 427 486 autem
460 446 695 486 rescribere
722 446 844 493 abiit,
867 446 949 486 etsi
982 445 1181 486 Latinum
1210 446 1334 493 foret,
1359 461 1438 487 nec
1469 447 1522 487 ob

120 518 372 566 sequentem
389 529 558 555 versum
581 515 694 562 licet,
715 515 788 569 qui
805 529 1027 568 vesperam
1049 514 1200 563 innuit,
1220 529 1298 555 nec
1320 514 1385 555 hic
1408 530 1525 556 error

120 596 289 637 semper
309 598 532 625 recurrens
555 585 767 624 concedit.

178 650 215 691 Ι.
237 652 336 693 653.
360 653 419 706 (d.
440 653 498 693 23
522 652 644 704 Jan.)
670 653 861 694 Occasus
886 653 1010 707 Lyrae
1038 652 1302 706 vespertinus
1332 667 1428 692 cum
1454 667 1522 693 oc-

119 734 220 761 casu
250 720 410 776 Reguli
439 723 676 777 vespertino
699 722 907 776 jungitur.
969 722 1079 762 Toto
1109 721 1219 761 coelo
1251 721 1324 761 hos
1352 721 1523 762 differre

120 803 173 829 ne
200 790 330 830 verbo
359 790 530 845 quidem
562 791 787 838 indicatur,
812 796 855 830 et
886 790 958 830 ubi
987 791 1115 831 iidem
1143 804 1317 830 occasus
1338 789 1521 844 junctim

118 864 343 899 recurrunt
369 862 559 910 (causam
587 874 714 914 supra
737 859 917 910 tentavi)
941 859 983 899 ii.
1004 860 1074 900 57.
1102 859 1232 899 verba
1255 858 1348 913 ejus
1375 865 1523 913 aperte

118 926 319 976 indicant,
354 933 526 982 poetam
565 934 791 983 utramque
829 928 994 968 stellam
1027 933 1117 968 toto
1150 927 1261 968 coelo
1294 927 1522 968 distantem

119 996 242 1038 simul
264 998 474 1046 occidere,
499 998 759 1039 credidisse:

276 1095 351 1133 Illa
369 1103 479 1134 nocte
499 1095 636 1146 aliquis
655 1095 795 1133 tollens
814 1095 862 1133 ad
881 1095 1006 1133 sidera
1024 1095 1179 1132 vultum

328 1159 467 1197 Dicet:
499 1159 577 1196 Ubi
597 1165 654 1197 est
673 1159 798 1203 hodie,
818 1173 902 1209 quae
921 1159 1024 1210 Lyra
1043 1158 1153 1196 fulsit
1172 1158 1283 1195 heri?

278 1222 460 1273 Dumque
480 1223 622 1273 Lyram
642 1229 799 1273 quaeret,
820 1222 937 1260 medii
957 1235 1106 1273 quoque
1126 1226 1235 1272 terga
1255 1221 1395 1260 Leonis

329 1285 377 1322 In
396 1285 560 1336 liquidas
579 1285 701 1323 subito
718 1299 842 1323 mersa
861 1285 1008 1323 videbit
1027 1299 1154 1335 aquas.

178 1375 363 1417 Vertere
394 1375 536 1424 liceat,
560 1390 655 1430 quae
686 1375 930 1416 K'astnerus
964 1375 991 1415 l.
1024 1389 1060 1415 c.
1091 1374 1266 1429 egregie
1298 1375 1524 1415 disseruit:

121 1445 168 1487 Si
197 1445 291 1500 quis
325 1445 481 1486 frustra
510 1445 666 1500 Lyram
698 1445 967 1499 quaesiverat,
1006 1443 1151 1497 idque,
1184 1449 1231 1483 ut
1259 1449 1451 1498 apparet,
1481 1445 1523 1484 in

120 1515 220 1556 coeli
240 1520 360 1569 parte
387 1514 645 1569 vespertina,
669 1513 860 1554 converti
886 1512 996 1553 hunc
1025 1512 1190 1553 nonnisi
1215 1513 1454 1567 oportebat,
1478 1518 1526 1553 ut

120 1584 326 1625 orientem
349 1584 540 1624 videret:
575 1583 743 1637 poetice
770 1581 912 1637 igitur,
938 1595 1021 1622 non
1044 1581 1154 1622 mari
1174 1581 1424 1629 immersum,
1448 1582 1523 1622 sed

117 1659 388 1710 evizerqentevn
422 1667 445 1693 e
477 1653 580 1693 mari
600 1652 787 1693 videbat.
851 1651 978 1702 Quod
1009 1651 1043 1690 si
1071 1656 1241 1691 noctem
1271 1650 1525 1704 pervigilare

119 1722 338 1770 voluisset,
362 1736 485 1762 mane
513 1721 685 1776 quidem
709 1720 866 1762 Leonis
895 1734 1092 1760 occasum
1120 1725 1315 1773 spectare
1341 1725 1524 1773 poterat.

120 1791 215 1832 Etsi
246 1797 389 1832 autem
419 1806 505 1831 nox
536 1791 709 1830 ineunte
741 1789 977 1830 Februario
1006 1788 1259 1843 pervigilata
1288 1802 1371 1828 non
1402 1802 1525 1841 aeque

118 1859 245 1915 longa
268 1866 333 1901 est
353 1861 394 1900 in
420 1860 558 1908 Italia,
582 1874 630 1900 ac
654 1859 765 1900 forte
786 1857 1008 1912 Gottingae
1030 1858 1172 1905 suerit,
1194 1856 1342 1897 dubito
1365 1862 1524 1905 tamen,

119 1945 174 1971 an
205 1930 332 1971 etiam
367 1929 519 1971 Romae
551 1930 604 1970 de
637 1929 816 1984 integrae
848 1928 984 1969 noctis
1016 1927 1241 1968 intervallo
1271 1926 1410 1967 subito
1442 1926 1527 1967 dici

120 2004 263 2053 queat.
326 1999 384 2039 Et
412 1999 577 2053 patebit
603 1999 676 2047 ita,
698 1998 917 2045 Ovidium,
942 1998 1073 2053 Lyrae
1099 2002 1141 2036 et
1163 1996 1316 2037 Leonis
1336 2010 1526 2036 occasum

118 2069 245 2110 simul
264 2070 391 2117 cerni,
416 2084 517 2109 vere
544 2068 792 2109 credidisse.
858 2068 1071 2108 Occasum
1096 2066 1154 2107 ibi
1175 2065 1390 2120 duplicem
1413 2080 1524 2115 esse,

119 2138 377 2192 interpretes
409 2139 595 2179 breviter
626 2137 897 2185 adnotarunt,
923 2136 1004 2176 etsi
1025 2136 1097 2176 vix
1127 2134 1279 2189 aliquis
1302 2135 1402 2175 inde
1433 2149 1526 2175 sen-

122 2222 214 2248 sum
236 2207 316 2248 loci
340 2208 439 2248 satis
462 2207 693 2262 percipiat:
721 2207 784 2247 Eo
802 2206 933 2262 wiaqis
953 2203 1239 2260 exponendum
1261 2210 1379 2251 esset,
1398 2218 1525 2259 quam

114 2283 282 2331 praeter
306 2283 509 2318 naturam
523 2277 685 2331 passim
710 2276 951 2331 depinxerit
969 2280 1114 2330 poeta,
1137 2274 1182 2314 in
1202 2274 1321 2327 ciffus
1340 2272 1524 2327 descrip-

124 2345 305 2386 tionibus
333 2346 433 2387 alibi
460 2361 540 2387 non
569 2346 714 2402 leyere,
736 2344 810 2385 sed
833 2345 968 2399 ipsam
997 2349 1199 2384 naturam
1226 2342 1386 2383 intueri
1410 2341 1527 2382 nobis

122 2414 404 2456 arbitramur.
469 2415 602 2456 Haud
633 2415 759 2455 dubie
786 2414 928 2455 stelias
955 2412 1120 2453 nonnisi
1147 2427 1170 2453 e
1193 2411 1323 2459 libris,
1347 2416 1525 2451 caeteras

123 2498 191 2524 res
228 2498 284 2524 ex
316 2484 406 2538 ipsa
438 2491 589 2525 natura
622 2483 836 2538 cognovit,
868 2489 911 2522 et
941 2482 1079 2522 defuit
1113 2496 1195 2521 una
1227 2494 1249 2520 e
1283 2479 1524 2525 virtutibus,

124 2566 228 2606 quas
251 2552 291 2592 in
315 2552 581 2593 Astronomis
605 2552 772 2593 laudat:

337 2643 424 2681 Non
449 2643 484 2681 V
482 2657 586 2687 enus,
607 2649 646 2680 et
666 2642 799 2679 vinum
818 2640 997 2679 sublimia
1017 2646 1167 2691 pectora
1187 2638 1316 2688 fregit.

185 2730 251 2770 Do
285 2729 376 2771 aliis
409 2730 511 2771 locis
542 2743 714 2770 monere
750 2727 891 2775 liceat,
921 2727 990 2767 ubi
1024 2726 1173 2766 eadem
1207 2729 1273 2764 est
1304 2722 1525 2776 utriusque
