1830 3220
532 202 882 244 FASTORUM
915 202 1038 245 LIB.
1073 203 1138 245 ΙΙ.
1496 203 1554 246 69

141 316 427 365 Carmentis
453 326 611 382 portae
638 319 818 366 dextro
843 320 923 366 via
947 320 1179 384 proxima
1203 319 1232 366 J
1239 335 1334 367 ano
1360 328 1453 367 est.

208 394 288 443 Ire
313 413 404 460 per
428 397 557 444 hanc
584 397 702 454 noli,
732 397 965 460 quisquis
992 414 1075 445 es:
1116 413 1264 445 omen
1290 397 1462 446 habet.

140 472 235 520 Illa
259 473 393 522 fama
417 475 569 522 refert
595 475 779 523 Fabios
807 475 975 523 exisse
1001 482 1256 523 trecentos
1278 494 1289 532 ;

211 551 364 600 Porta
387 561 533 601 vacat
557 555 740 618 culpa3
784 553 875 601 sed
901 561 1071 601 tamen
1097 570 1245 601 omen
1270 553 1439 601 habet.

144 629 217 677 Ut
241 631 392 678 celeri
418 648 572 696 passu
601 632 893 680 Cremeram
918 632 1131 696 tetigere
1157 648 1409 696 rapacem,
1458 636 1556 681 205

208 708 463 757 Turbidus
489 710 712 758 hibernis
738 711 822 758 ille
846 711 1040 758 fluebat
1065 709 1238 773 aquis;

142 787 325 835 Castra
348 788 458 836 loco
485 795 708 853 ponunt:
750 788 1007 836 destrictis
1034 788 1240 836 ensibus
1268 787 1364 851 ipsi

208 865 527 930 Tyrrhenum
552 866 718 913 valido
746 866 912 913 Marte
939 883 1028 931 per
1054 882 1235 929 agmen
1263 873 1412 923 eunt3

145 942 261 991 Non
287 943 447 1000 aliter,
476 960 631 1008 quam
658 959 815 1008 quum
844 944 1037 1008 Libyca
1061 945 1125 992 de
1152 960 1276 1008 rupe
1301 943 1474 992 leones

212 1021 464 1069 Invadunt
490 1039 691 1086 sparsos
716 1023 818 1069 lata
843 1039 933 1087 per
958 1039 1076 1070 arva
1101 1038 1310 1085 greges3

1460 1027 1559 1071 210

144 1099 431 1163 Diffugiunt
455 1100 645 1156 hostes,
674 1100 1045 1164 inhonestaque
1071 1100 1278 1147 vulnera
1302 1106 1444 1163 tergo

209 1178 511 1243 Accipiunt3
553 1178 720 1226 Tusco
748 1179 994 1242 sanguine
1020 1186 1153 1226 terra
1177 1178 1351 1226 rubet:

147 1256 231 1304 Sic
259 1256 456 1312 iterum,
480 1257 552 1304 sic
579 1273 715 1321 saepe
740 1258 957 1315 cadunt3
999 1257 1084 1304 ubi
1110 1257 1311 1303 vincere
1337 1263 1511 1320 aperte

214 1334 330 1382 Non
356 1335 519 1391 datur,
548 1335 756 1382 insidias
782 1351 1022 1399 armaque
1048 1350 1186 1382 caeca
1210 1340 1406 1398 parant.

147 1412 375 1477 Campus
395 1421 501 1461 erat
519 1431 528 1461 z
558 1414 724 1477 campi
746 1413 1053 1461 claudebant
1073 1412 1251 1460 ultima
1268 1411 1441 1469 colles,
1464 1415 1562 1460 215

176 1542 179 1545 ,
216 1491 455 1555 Silvaque
481 1499 746 1539 montanas
774 1493 1004 1539 occulere
1031 1499 1151 1555 apta
1175 1491 1323 1538 feras.

148 1569 207 1618 In
235 1570 401 1618 medio
426 1587 618 1634 paucos
639 1578 970 1634 armentaque
996 1586 1107 1617 rara
1131 1570 1452 1632 relinquunt:

219 1648 421 1696 Caetera
444 1648 672 1711 virgultis
699 1649 871 1696 abdita
895 1649 1046 1696 turba
1064 1649 1207 1696 latet.

149 1771 294 1802 dextrum
320 1778 351 1802 et
371 1772 542 1803 sinistrum.
590 1772 724 1803 Lenzius
747 1783 821 1803 vero

147 1822 301 1864 templum
318 1822 391 1853 Jani
414 1829 488 1853 ante
507 1829 628 1864 portam
652 1822 746 1853 fuisse
764 1834 820 1864 pu-

148 1878 205 1904 tat.
243 1872 294 1903 Sic
316 1878 347 1903 et
362 1873 477 1904 Krebs.
495 1872 549 1914 qui
567 1872 722 1914 improbat
738 1873 821 1903 Stro-

150 1922 208 1953 thii
247 1922 287 1953 ad
317 1922 386 1953 Liv.
417 1922 449 1953 ii.
476 1923 528 1953 49.
567 1922 822 1964 explicationem,

148 1983 244 2015 quam
275 1983 349 2003 vero
387 1983 443 2003 nos
475 1971 628 2003 veriorem
664 1977 824 2014 putamus·

153 2024 207 2054 Via
224 2023 280 2054 illa
293 2029 420 2065 propter
433 2023 560 2053 cladem
579 2022 745 2053 Fabiorum
763 2034 823 2053 sce-

149 2075 247 2104 lerata
272 2072 359 2103 dicta
384 2079 432 2103 est
458 2078 490 2103 et
517 2072 638 2114 infelix.
688 2072 819 2102 Florus:

146 2124 290 2154 scelerato
314 2124 436 2164 signata
461 2124 592 2152 nomine.
626 2121 678 2152 Sic
703 2132 820 2152 memo-

147 2173 226 2204 riam
236 2173 280 2204 rei
292 2173 331 2204 ad
343 2179 482 2215 posteros
493 2173 699 2214 propagabat.
725 2171 750 2202 A
758 2171 822 2213 pud

147 2223 261 2254 Silium
277 2234 360 2254 omen
377 2221 432 2253 dat
447 2222 590 2258 stridore,
603 2228 698 2263 atque
715 2221 822 2251 Maxi-

150 2283 202 2304 ma
224 2272 373 2304 Herculis
395 2282 449 2303 ara
473 2271 575 2313 mugit
595 2270 660 2301 illis
679 2269 824 2301 exeunti-

150 2324 220 2354 bus.
254 2322 561 2365 Illafama—habet.
581 2322 650 2352 Hoc
665 2320 823 2351 distichon

151 2384 170 2404 a
193 2374 286 2404 MSS.
308 2372 498 2414 quibusdam
521 2372 621 2402 abest.
670 2370 823 2405 Cremera,

152 2423 286 2454 Etruriae
315 2423 434 2453 flumen
462 2420 547 2452 baud
571 2421 664 2462 longe
689 2431 707 2450 a
725 2419 823 2456 Veiis,

152 2473 212 2504 hac
227 2472 296 2515 ipsa
316 2471 408 2503 clade
425 2471 639 2502 nobilitatum.
689 2470 825 2511 Tangere

151 2523 256 2554 locum
289 2532 344 2564 pro
375 2521 540 2564 pervenire
569 2531 617 2555 eo,
649 2519 827 2561 frequentat

152 2577 266 2603 noster.
320 2571 487 2602 Turbidus.
526 2569 694 2605 Nonnulli,
726 2570 826 2610 turgi-

152 2624 220 2654 dus.
268 2622 414 2653 Hibernis
438 2622 534 2661 aquis,
556 2619 667 2650 solutis
690 2618 825 2649 nivibus.

152 2672 342 2714 Susceptum
357 2671 416 2702 hoc
432 2669 551 2701 bellum
565 2668 682 2700 hieme.
716 2668 828 2699 Rebus

155 2721 241 2754 enim
265 2721 425 2753 nonnullis
447 2719 554 2762 gestis,
570 2718 588 2751 ὁ
612 2718 735 2762 χειμὼν
751 2718 826 2750 ἐκεῖ·

892 1785 949 1810 νος
964 1771 1128 1803 ἐτελεύτα.
1161 1771 1296 1812 Dionys.
1316 1772 1366 1801 13.
1382 1778 1462 1801 extr.
1491 1771 1566 1802 Jam

892 1822 1108 1853 fortitudinem
1124 1821 1295 1852 Fabiorum
1318 1820 1351 1851 in
1372 1820 1489 1850 honore
1510 1831 1566 1861 po-

893 1871 948 1902 nit.
989 1871 1098 1901 Castroe
1116 1872 1176 1901 loco
1189 1877 1306 1910 ponunt
1322 1882 1330 1907 ,·
1356 1870 1387 1900 in
1399 1869 1469 1899 loco
1485 1879 1565 1911 prae-

892 1926 984 1963 rupto
1000 1920 1167 1951 castellum
1193 1920 1352 1956 muniunt,
1368 1919 1418 1950 cui
1436 1929 1454 1949 a
1469 1919 1564 1950 fluvio

893 1981 1006 2001 nomen
1035 1970 1182 2001 inditum.
1245 1970 1332 2001 Eunt
1363 1981 1419 2010 per·
1447 1980 1567 2011 agmen,

893 2026 1098 2062 perrumpunt
1115 2030 1242 2061 agmen.

935 2071 1011 2101 209.
1037 2070 1154 2111 Lybica
1178 2071 1213 2100 de
1241 2068 1344 2109 rupa]
1374 2069 1510 2099 Metam.
1526 2067 1569 2100 iv.

896 2120 979 2159 1143
1002 2121 1181 2161 quicumque
1195 2121 1249 2150 sub
1265 2119 1320 2150 hac
1331 2119 1477 2149 habitatis
1491 2129 1568 2158 rupe

895 2172 1000 2200 leones.
1064 2171 1105 2200 Et
1135 2169 1303 2200 Claudian.
1336 2167 1382 2199 iii.
1415 2169 1480 2207 803
1517 2168 1568 2199 leo

891 2225 1005 2250 aestuat
1025 2230 1101 2258 rupe
1125 2219 1235 2249 relicta
1261 2218 1384 2249 tht‘ulo
1406 2228 1499 2248 comes
1522 2219 1567 2248 ire

890 2272 988 2309 patri.
1041 2268 1154 2309 Atque
1184 2268 1280 2298 etiam
1310 2266 1400 2297 Fabii
1427 2266 1467 2297 de
1497 2266 1567 2298 loco

892 2324 1049 2361 praerupto
1075 2317 1298 2348 decurrebant.
1349 2317 1434 2347 Caeca
1460 2327 1497 2347 ex
1522 2317 1569 2348 al-

893 2374 959 2398 tero
995 2368 1140 2398 Puteano
1177 2366 1290 2397 Heius.
1331 2372 1416 2397 recte
1445 2366 1567 2408 vulgari

894 2424 972 2448 tecta
998 2415 1148 2459 praetulit.
1198 2416 1283 2446 Caeca
1303 2414 1385 2446 enim
1407 2415 1570 2456 eleganter

894 2467 1106 2503 clandestina,
1119 2472 1203 2497 tecta
1219 2466 1345 2501 dicitur,
1358 2471 1392 2496 ut
1407 2477 1484 2496 caeca
1500 2468 1568 2498 vul-

894 2529 982 2554 nera,
1013 2519 1083 2548 coeci
1111 2519 1216 2558 ignes3
1252 2522 1348 2557 atque
1376 2527 1463 2546 arma
1493 2528 1569 2549 σασα

895 2574 969 2599 sunt
993 2566 1129 2598 insidiae.
1170 2566 1221 2597 De
1245 2577 1347 2606 campo
1368 2565 1569 2598 consentiunt

895 2617 1048 2649 historici.
1088 2617 1341 2659 Occulereferas,
1358 2616 1432 2647 hinc
1447 2621 1478 2647 et
1493 2623 1568 2658 apta

897 2667 1030 2700 insidiis.
