1809 3220
178 185 264 228 498

578 186 629 226 Ρ.
665 185 883 227 OVIDII
917 185 1204 228 NASONIS

182 302 255 349 Ut
279 318 425 366 quos,
453 301 654 349 obscuri
680 302 818 350 lusos
845 302 1144 367 ambagibus
1169 303 1286 359 oris,

251 379 491 442 Legimus
517 378 734 427 infandae
763 380 996 444 Sphinga
1019 380 1224 428 dedisse
1253 380 1394 438 neci;

1507 382 1606 428 380

184 457 256 504 Ut
280 457 367 521 qui
391 457 635 505 Bistoniae
661 458 853 522 templo
879 458 1112 506 cecidere
1139 458 1400 515 Minervae,

252 534 472 599 Propter
492 535 629 598 quod
650 535 805 583 facies
823 552 956 583 nunc
978 552 1185 600 quoque
1204 543 1342 584 tecta
1358 535 1483 583 Deae
1503 541 1607 593 est;

187 611 258 660 Ut
283 612 372 676 qui
398 612 617 660 Threicii
644 613 903 677 quondam
930 611 1180 677 praesepia
1204 613 1338 676 regis

254 689 507 737 Fecerunt
531 689 749 754 dapibus
777 691 1164 755 sanguinolenta
1184 692 1316 749 suis;

183 766 655 815 Therodamanteos
677 775 733 815 ut
757 768 845 832 qui
872 785 1076 817 sensere
1103 770 1293 825 leoneS‚

1509 770 1608 815 385

253 845 459 910 Quique
485 846 760 895 Thoonteae
788 847 1005 895 Taurica
1030 863 1174 895 sacra
1200 847 1353 905 Deae3

187 922 260 971 Ut
285 940 413 987 quos
442 924 617 989 Scylla
636 941 808 982 vorax,
830 925 1125 990 Scyllaeque
1145 925 1356 973 adversa
1378 923 1611 987 Charyb-

252 1000 505 1049 Dulichiae
531 1002 740 1065 pavidos
768 1003 998 1067 eripuere
1024 1004 1147 1060 rati;

1489 1001 1608 1064 [dis,

188 1077 261 1125 Ut
286 1095 415 1142 quos
441 1079 633 1127 dimisit
658 1088 854 1128 vastam
879 1081 1233 1145 Polyphemus
1260 1080 1310 1127 in
1336 1079 1532 1136 alvum3

258 1156 331 1204 Ut
359 1156 733 1222 Laestrygonias
761 1159 849 1222 qui
875 1159 1075 1207 subiere
1102 1159 1308 1213 domos;

1513 1159 1613 1205 390

194 1234 264 1281 Ut
286 1251 415 1298 quos
441 1235 548 1283 dux
578 1235 767 1284 Poenus
793 1238 970 1285 mersit
993 1237 1286 1302 putealibus
1312 1235 1477 1291 undis,

261 1311 328 1360 Et
348 1314 486 1376 jacto
512 1330 665 1362 canas
693 1316 901 1379 pulvere
927 1315 1051 1365 fecit
1076 1332 1265 1381 aquas3

189 1475 342 1518 Trojanos
367 1476 551 1508 fortissimos
571 1478 736 1520 jugulatos
762 1480 867 1521 conje-

190 1524 246 1561 cit,
286 1531 321 1557 ut
358 1526 516 1558 Homerus
555 1527 688 1567 scribit3
734 1536 868 1570 quatuor

189 1584 288 1616 equos
311 1581 476 1617 praeterea,
494 1582 527 1607 et
547 1576 626 1608 duos
650 1588 756 1614 canes,
772 1585 868 1609 uncto

189 1624 276 1665 prius
289 1625 445 1656 cadavere
461 1626 571 1668 pingui
587 1626 693 1658 ovium
710 1633 742 1658 et
757 1628 865 1664 boum,

192 1674 247 1716 qui
263 1675 394 1706 mactati
410 1681 496 1706 sunt.
537 1676 632 1708 Dom.

237 1725 312 1756 379.
340 1725 439 1757 Victus
461 1727 638 1768 ambagibus
660 1727 747 1768 oris.]
777 1727 872 1759 Lusus

193 1773 357 1816 eleganter
374 1775 468 1806 Polit.
485 1776 542 1807 lib.
553 1776 613 1807 nisi
630 1779 745 1808 vinctos
759 1777 871 1814 mavis,

194 1829 229 1854 ut
246 1824 287 1855 ad
304 1824 461 1867 Sphingos
478 1836 591 1856 nomen
609 1826 755 1857 adludat.

238 1875 314 1906 381.
352 1874 393 1906 Ut
424 1878 475 1915 qui
505 1875 680 1917 Bistoniae.]
723 1876 872 1908 Bistones

194 1924 304 1967 populi
330 1930 403 1955 sunt
426 1924 593 1964 Thraciae;
619 1925 706 1957 unde
729 1925 872 1957 Palladis

195 1974 401 2005 simulacrum
426 1975 466 2005 ad
487 1975 745 2007 Lacedaemonios
770 1982 871 2007 trans-

194 2023 294 2054 latum
313 2029 371 2058 est,
390 2023 475 2065 apud
490 2034 569 2065 quos
584 2024 682 2067 impia
697 2025 759 2061 lex,
775 2036 871 2067 quam

195 2071 402 2111 ξενηλασίαν
427 2073 640 2114 adpellarunt,
664 2080 713 2105 est
732 2074 872 2116 promul-

195 2128 284 2163 gata,
312 2132 351 2152 ne
376 2121 472 2153 alicui
498 2122 614 2164 hospiti
639 2124 761 2165 Spartae
787 2134 872 2154 com-

196 2171 310 2202 morari
341 2171 464 2202 liceret.
511 2172 624 2214 Spreta
654 2180 761 2204 autem
790 2173 872 2215 lege,

198 2220 321 2252 Lemnii
335 2222 481 2263 Spartam
495 2232 626 2260 venere;
652 2234 730 2264 quos
744 2222 777 2254 in
794 2229 873 2254 tem-

197 2268 250 2310 plo
273 2269 417 2300 Palladis
441 2271 588 2312 Spartani
612 2272 777 2304 occidere:
813 2283 875 2314 quo

198 2318 338 2350 facinore
374 2320 490 2362 pariter
527 2327 560 2352 et
596 2321 762 2364 impietate
795 2323 874 2353 Deae

198 2366 306 2409 imago
344 2375 433 2400 torva
469 2371 621 2413 adparere
656 2372 809 2408 creditur,
841 2378 876 2403 ut

199 2423 292 2449 vetus
313 2418 425 2450 scribit
445 2420 610 2461 interpres.
647 2423 730 2453 Zsm.
778 2422 875 2453 Bisto-

199 2470 270 2499 niae.
318 2469 462 2501 Fortasse
485 2471 573 2501 Naso
602 2471 782 2503 Minervam
809 2472 875 2503 Bis-

201 2521 315 2549 toniam
345 2518 499 2561 adpellat,
527 2520 611 2561 quod
641 2520 698 2552 illa
727 2529 877 2563 praeesset

202 2567 336 2604 militiae,
352 2569 443 2611 cujus
458 2569 571 2611 peritia
585 2570 725 2601 Thraces
740 2572 876 2604 maxime

202 2616 401 2657 gloriantur:
450 2618 533 2650 unde
571 2626 602 2650 et
635 2621 796 2661 Στρατεία
830 2629 877 2653 est

202 2665 300 2703 dicta,
325 2674 356 2698 et
379 2667 500 2710 Ἀρεία,
525 2669 592 2701 sive
616 2670 749 2701 Martia.
795 2672 876 2702 SAL-

206 2726 287 2747 vm.

247 2766 324 2797 383.
355 2766 396 2797 Ut
420 2768 500 2809 qui.]
535 2768 708 2802 Diomedes
730 2770 875 2812 Tyndam

938 1481 1047 1511 urbem
1069 1480 1214 1511 Thraciae
1235 1478 1349 1516 tenuit,
1366 1485 1401 1510 ut
1423 1477 1534 1509 scribit
1548 1477 1615 1509 Pli-

937 1530 1020 1567 nius,
1032 1530 1086 1561 ubi
1103 1540 1201 1572 equos
1218 1530 1298 1561 seros
1313 1528 1437 1560 catenis
1452 1528 1618 1559 devinctos

938 1581 1045 1616 aeneis,
1080 1579 1263 1622 corporibus
1301 1578 1449 1610 humanis
1486 1577 1593 1609 alebat
1608 1589 1614 1607 :

939 1640 991 1660 eos
1021 1629 1178 1660 Hercules
1215 1628 1354 1665 sustulit,
1379 1629 1470 1671 jussu
1500 1627 1617 1670 Eurys-

939 1679 1003 1710 thei
1017 1692 1023 1710 :
1072 1679 1271 1721 Eurystheus
1309 1678 1446 1710 sacravit
1473 1677 1594 1710 Junoni
1608 1691 1615 1710 z

939 1740 1047 1760 eorum
1077 1740 1178 1772 genus
1206 1735 1415 1772 propagatum
1439 1734 1488 1760 est
1514 1739 1616 1771 usque

940 1778 981 1809 ad
1001 1778 1223 1810 Alexandrum
1245 1780 1416 1821 Magnum,
1430 1779 1455 1810 si
1477 1778 1618 1810 Diodoro

939 1828 1108 1860 credimus.
1144 1829 1241 1860 Dom.

985 1880 1063 1910 385.
1104 1878 1406 1919 Therodamanteos]
1454 1877 1617 1910 Theroda-

939 1939 1019 1965 mas,
1044 1939 1097 1960 rex
1124 1928 1275 1971 Scythiae,
1303 1928 1386 1959 sicut
1412 1934 1502 1959 vetus
1526 1927 1620 1960 docet

939 1979 1105 2020 interpres,
1122 1978 1238 2009 timens
1253 1989 1293 2009 ne
1309 1989 1365 2020 per
1380 1977 1512 2009 insidias
1531 1978 1616 2009 occi-

941 2028 1082 2064 deretur,
1119 2028 1227 2059 leones
1262 2027 1426 2059 hominum
1464 2027 1618 2069 sanguine

942 2077 1060 2114 alebat,
1076 2088 1139 2119 quo
1154 2077 1256 2119 magis
1271 2077 1420 2108 saevirent
1434 2089 1440 2107 :
1468 2083 1504 2108 ut
1518 2077 1544 2107 si
1561 2087 1617 2108 ca-

942 2138 996 2158 sus
1016 2128 1200 2169 postularet,
1217 2127 1258 2158 ad
1281 2126 1505 2158 crudelitatem
1528 2137 1619 2168 para—

943 2182 990 2207 tos
1004 2176 1146 2208 haberet.
1177 2176 1284 2218 Hujus
1299 2176 1331 2207 in
1347 2175 1448 2218 primo
1464 2175 1504 2206 de
1516 2176 1619 2208 Ponto

944 2226 1040 2257 Ovid.
1067 2227 1127 2269 Ep.
1151 2226 1186 2258 ii.
1215 2228 1286 2258 121.
1310 2226 1474 2257 meminit:
1504 2230 1526 2244 “
1543 2226 1618 2257 Non

944 2276 1001 2307 tibi
1016 2276 1244 2313 Therodamas,
1260 2276 1441 2318 crudusque
1455 2276 1621 2308 vocabitur

945 2325 1072 2363 Atreus,
1085 2326 1214 2368 Quique
1229 2326 1329 2357 suis.''
1366 2326 1399 2356 Z.

990 2377 1065 2407 390.
1092 2376 1133 2406 Ut
1149 2375 1402 2418 Laestrygonins.]
1427 2374 1622 2418 Antiphates

946 2427 1169 2468 Laestrygonus
1191 2436 1244 2457 rex
1266 2425 1334 2462 fuit,
1351 2424 1405 2467 qui
1421 2431 1453 2456 et
1468 2436 1568 2457 unum
1582 2437 1621 2458 ex

947 2475 1072 2517 Ulyssis
1087 2475 1179 2506 sociis
1194 2475 1344 2512 comedit,
1359 2485 1396 2506 ae
1413 2485 1510 2506 naves
1525 2475 1621 2507 viros-

947 2535 1009 2567 que
1033 2525 1152 2562 mersit,
1171 2532 1285 2567 praeter
1308 2535 1416 2562 unam,
1433 2535 1504 2566 quae
1524 2525 1622 2567 Ulys-

946 2585 1012 2604 sem
1029 2574 1184 2613 vehebat3
1210 2581 1243 2606 ut
1263 2576 1295 2606 in
1312 2576 1395 2606 Met.
1410 2575 1473 2606 xiv.
1488 2575 1564 2607 240.
1580 2575 1622 2606 ab

946 2623 1041 2656 Ovid.
1057 2623 1218 2655 docemur.

989 2674 1064 2705 391.
1081 2673 1122 2704 Ut
1135 2684 1205 2714 quos
1220 2675 1283 2704 dur
1298 2672 1435 2714 Poenus-J
1453 2671 1621 2715 Appianus

946 2722 1196 2760 Alexandrinus,
1212 2723 1245 2754 in
1268 2732 1317 2759 eo,
1339 2722 1393 2764 qui
1414 2722 1547 2764 Libycus
1570 2721 1619 2753 in-

946 2773 1102 2810 scribitur,
1119 2773 1210 2810 libro,
1227 2772 1366 2804 ostendit
1388 2771 1621 2814 Carthaginen-
