1830 3220
588 154 939 197 FASTORUM
972 156 1095 198 LIB.
1120 158 1159 199 Ι.
1526 165 1583 206 29

160 270 363 318 Caerula
383 286 536 334 quem
559 271 778 334 genitrix
804 288 936 335 aegre
962 274 1123 322 solata
1147 275 1423 333 dolentem,
1480 283 1578 328 365

226 347 447 396 Addidit
466 349 575 397 haec
602 349 751 397 dictis
778 351 958 399 ultima
977 353 1132 400 verba
1156 354 1292 402 suis:

163 426 315 484 Siste,
335 441 477 490 puer,
501 426 753 491 lacrymas
773 445 782 476 :
813 428 1030 477 Proteus
1056 437 1145 479 tua
1159 431 1346 480 damna
1366 434 1580 494 levabit;

227 503 444 567 Quoque
470 504 621 552 modo
647 520 867 569 repares,
890 522 1003 570 quae
1030 508 1241 572 periere,
1269 508 1429 559 dabit.

162 581 401 646 Decipiat
426 598 489 630 ne
515 589 566 630 te
591 584 748 630 versis
774 591 946 632 tamen
972 586 1056 634 ille
1082 587 1287 650 figuris;

227 659 521 724 Impediant
540 661 766 723 geminas
792 663 997 712 vincula
1021 664 1165 713 firma
1190 682 1387 714 manus.

1485 670 1586 715 370

159 738 399 786 Pervenit
424 739 488 786 ad
513 746 681 787 vatem
700 740 933 803 juvenis:
974 743 1306 806 resolutaque
1332 760 1510 792 somno

225 817 418 880 Alligat
444 817 667 881 aequorei
694 818 905 867 brachia
929 827 1083 884 capta
1107 821 1259 868 senis.

166 894 258 942 Ille
283 911 376 942 sua
400 895 582 944 faciem
608 896 922 945 transformis
950 898 1203 946 adulterat
1228 906 1362 957 arte;

229 972 357 1022 Mox
383 975 605 1023 domitus
631 975 809 1024 vinclis
836 977 886 1024 in
915 992 1007 1024 sua
1031 977 1260 1025 membra
1283 977 1437 1026 redit:

163 1050 372 1116 Oraque
393 1053 611 1101 caerulea
634 1054 818 1102 tollens
845 1055 1064 1103 rorantia
1087 1056 1261 1112 barba,

1487 1059 1585 1104 375

229 1128 360 1186 Qua,
388 1130 535 1189 dixit,
564 1148 768 1196 repares
796 1140 920 1190 arte,
950 1134 1182 1198 requiris,
1211 1135 1369 1199 apes?

163 1206 337 1256 Obrue
361 1209 569 1257 mactati
595 1226 779 1275 corpus
804 1211 988 1259 tellure
1007 1212 1243 1275 juvenci:

227 1285 377 1341 Quod
403 1287 535 1352 petis
562 1304 592 1335 a
616 1288 780 1346 nobis,
809 1289 1020 1337 obrutus
1047 1289 1130 1337 ille
1150 1289 1310 1338 dabit.

158 1363 189 1410 J
194 1381 314 1412 ussa
338 1365 458 1414 facit
483 1373 682 1431 pastor:
723 1367 920 1416 fervent
945 1368 1183 1416 examina
1206 1368 1341 1432 putri

228 1441 308 1491 De
333 1444 492 1493 bove:
534 1444 671 1493 mille
698 1445 892 1493 animas
919 1462 1019 1494 una
1044 1453 1227 1495 necata
1250 1445 1408 1494 dedit.

161 1652 353 1690 Destituisse,
381 1663 444 1684 non
480 1654 662 1697 perfecisse.
713 1656 836 1687 Caerula

157 1704 306 1744 genitrix.
350 1704 476 1746 Nempe
494 1704 620 1746 Cyrene
632 1715 696 1736 una
712 1712 782 1737 erat
796 1716 835 1737 ex

160 1752 321 1794 Nymphis
336 1753 452 1790 Penei,
471 1759 562 1786 antra
573 1754 607 1786 in
622 1755 722 1786 fundo
733 1755 836 1787 flumi-

159 1803 207 1834 nis
218 1803 286 1845 jam'
302 1803 370 1846 jam
385 1804 465 1836 mari
487 1815 521 1836 se
536 1805 764 1837 committentis
787 1805 836 1837 in-

159 1853 278 1885 colens.

202 1903 280 1935 367.
302 1904 430 1935 Levabz't
446 1906 569 1941 damna,
581 1904 739 1941 ostendet,
752 1904 838 1936 unde

157 1954 345 1985 resarciatur
361 1954 527 1989 damnum,
543 1965 592 1986 res
607 1953 735 1986 amissa.
760 1955 838 1986 Pro-

159 2010 222 2035 teus
239 2009 346 2035 autem
363 2010 453 2036 vates
469 2004 577 2036 omnia
593 2011 735 2036 noverat.
765 2005 839 2037 Non

159 2058 267 2084 tamen
283 2054 350 2084 sine
366 2053 397 2085 vi
414 2053 559 2085 adhibita
582 2053 703 2085 monita
720 2054 838 2095 dabat;

158 2103 215 2134 sed
230 2102 401 2135 difficulter
414 2103 486 2146 cogi
502 2109 639 2146 poterat,
655 2115 754 2146 quum
770 2115 839 2136 cor-

158 2157 268 2194 reptus
294 2153 443 2185 manibus
468 2153 500 2185 in
523 2153 627 2185 varias
652 2164 685 2185 se
709 2161 841 2186 verteret

148 2203 286 2245 figuras,
298 2211 330 2234 et
346 2203 391 2236 ita
406 2206 558 2245 deciperet
572 2209 743 2237 tenentem.
770 2206 838 2236 Da-

159 2253 212 2289 bit,
241 2252 399 2285 edocebit.
449 2254 631 2295 AEquoreu5‚
662 2264 776 2296 nempe
806 2255 839 2286 in

160 2302 335 2344 Carpathio
357 2302 390 2334 in
411 2303 521 2346 primis
545 2313 643 2346 prope
659 2304 838 2346 AEgyptum

159 2352 239 2383 mari
259 2352 421 2385 habitans.
468 2354 575 2385 Somno
595 2353 759 2396 jacentem
781 2365 838 2396 ag-

159 2401 248 2443 gredi
265 2408 296 2433 et
314 2402 433 2434 vincire
457 2403 496 2434 ab
521 2403 591 2445 ipsa
611 2409 711 2434 matre
730 2403 839 2446 jussus

160 2457 240 2482 erat.
282 2451 367 2483 Vide
387 2452 501 2494 virgil.
517 2452 549 2484 d.
565 2453 586 2484 l.
622 2453 838 2495 Transformis,

160 2500 215 2542 qui
245 2500 279 2532 in
309 2501 391 2534 alias
419 2503 536 2534 formas
563 2502 696 2534 transire
723 2508 840 2545 potest.

161 2550 207 2581 Eo
222 2561 316 2583 sensu
331 2552 429 2584 etiam
439 2553 575 2584 Metam.
585 2552 652 2584 viii.
669 2554 722 2585 87.
739 2560 840 2585 trans-

150 2601 274 2642 formia
316 2613 443 2643 corpora
480 2601 553 2634 filiae
592 2601 839 2634 Erisichthonis.

163 2651 331 2683 Adulterat
346 2652 480 2694 faciem,
507 2651 645 2684 alienam
671 2651 768 2683 sumit
793 2652 838 2683 fa-

161 2700 265 2741 ciem3
289 2712 387 2744 quum
410 2703 589 2735 adulterare
612 2701 692 2734 alias
707 2701 839 2734 vitiandi

1483 1450 1583 1494 380

905 1656 1065 1688 notionem
1090 1656 1219 1688 habeat.
1265 1657 1329 1688 Sed
1351 1662 1383 1689 et
1406 1657 1467 1689 IV.
1488 1658 1584 1690 Pont.

905 1717 936 1738 x.
953 1707 1006 1738 59.
1023 1707 1182 1738 adulterat
1196 1708 1306 1744 undas,
1322 1706 1419 1738 aliam
1436 1712 1585 1738 naturam

905 1755 1026 1794 tribuit,
1062 1767 1159 1798 quam
1195 1756 1318 1788 marina
1354 1767 1438 1798 aqua
1475 1756 1586 1788 habet.

908 1806 1181 1846 Oraque—barba.
1236 1804 1288 1837 Sic
1319 1811 1352 1837 et
1380 1805 1518 1837 Tritonis
1552 1817 1588 1837 os

906 1855 1044 1887 Metam.
1072 1855 1093 1886 i.
1127 1856 1204 1886 339.
1235 1854 1439 1886 describitur.
1485 1854 1588 1896 Apud

909 1904 1024 1947 virgil.
1051 1905 1186 1936 Proteus
1212 1905 1314 1936 morbi
1339 1910 1465 1936 tantum
1488 1914 1586 1946 apum

908 1964 1038 1985 causam
1055 1959 1220 1990 memorat,
1232 1959 1265 1985 et
1278 1954 1451 1985 Aristaeum
1463 1954 1588 1985 consilii

909 2002 941 2034 in
959 2014 1052 2046 opem
1069 2003 1239 2045 relinquit;
1265 2003 1322 2035 sed
1338 2004 1463 2046 Cyrene
1487 2010 1588 2035 mater

908 2052 983 2084 inde
999 2064 1019 2084 a
1034 2063 1097 2085 ver.
1110 2054 1184 2084 530.
1200 2053 1344 2096 subjicit,
1362 2053 1448 2096 quod
1462 2053 1585 2085 deerat.

908 2102 1033 2135 Ibidem
1051 2114 1113 2135 non
1128 2105 1254 2135 obruere
1268 2114 1382 2146 corpus
1390 2103 1521 2146 juvenci
1531 2103 1587 2145 ju-

907 2152 1011 2190 betur,
1024 2152 1079 2184 sed
1095 2159 1262 2184 contusum
1272 2152 1436 2185 includere
1453 2157 1588 2194 angusto

908 2207 1002 2239 tecto,
1019 2202 1186 2234 substratis
1208 2202 1394 2245 fragmentis
1416 2213 1586 2234 ramorum.

907 2252 958 2283 Ibi
974 2253 1168 2295 Interpretes
1184 2253 1288 2284 multa
1307 2253 1348 2284 de
1362 2253 1422 2284 hac
1438 2252 1585 2295 opinione

907 2309 1050 2334 veterum
1074 2302 1284 2344 collegerunt,
1300 2313 1318 2334 e
1338 2303 1493 2334 cadavere
1509 2313 1584 2334 con-

909 2358 979 2384 tuso
1004 2358 1036 2384 et
1059 2352 1185 2395 sepulto
1211 2363 1293 2384 nova
1315 2363 1411 2395 apum
1436 2352 1587 2384 examina

908 2403 1014 2434 nasci:
1055 2402 1141 2445 quod
1165 2403 1393 2446 AEgyptiorum
1418 2403 1584 2434 inventum

910 2453 1004 2494 vulgo
1015 2453 1209 2496 jactabatur.
1242 2454 1356 2484 Anima
1370 2464 1426 2495 pro
1440 2453 1584 2484 animan-

909 2502 1004 2534 tibus.
1053 2503 1183 2534 Fervere
1199 2502 1239 2534 de
1254 2513 1373 2545 magna
1394 2503 1486 2545 copia
1504 2501 1582 2533 dici-

909 2558 959 2583 tur
975 2562 1039 2594 qua
1055 2552 1132 2594 quid
1154 2563 1227 2584 cum
1249 2558 1336 2584 motu
1353 2558 1385 2584 et
1403 2551 1508 2584 sonitu
1524 2551 1584 2582 im-

908 2602 1025 2645 pletur.
1072 2602 1187 2644 Virgil.
1207 2602 1326 2645 Georg.
1352 2602 1395 2634 iv.
1417 2613 1482 2634 ver.
1509 2602 1585 2633 556.

909 2657 928 2669 ‘⁴
938 2652 1076 2685 stridere
1092 2663 1167 2696 apes
1176 2658 1266 2684 utero
1277 2659 1308 2685 et
1318 2652 1419 2696 ruptis
1433 2652 1583 2683 effervere

907 2701 1039 2735 costis.’'
