1809 3220
161 198 219 240 84
557 200 609 242 Ρ.
644 200 862 243 OVIDII
898 199 1184 242 NASONIS

165 315 343 365 Monte
369 318 463 365 sub
492 316 741 381 Esquilio,
769 317 942 364 multis
963 317 1226 366 incaeduus
1251 317 1415 374 annis,

1486 320 1586 366 435

232 394 263 441 J
269 395 446 443 unonis
472 411 670 458 magnae
697 395 900 443 nomine
926 395 1070 443 lucus
1097 404 1222 444 erat.

165 472 281 521 Huc
308 474 394 521 ubi
419 481 680 531 venerunt,
708 473 895 539 pariter
920 481 1198 538 nuptaeque
1224 474 1420 538 virique

234 551 545 617 Suppliciter
569 553 734 617 posito
761 554 1076 618 procubuere
1104 569 1267 616 genu:

165 629 335 685 Quum
362 632 528 679 subito
554 638 705 679 motae
730 638 981 680 tremuere
1007 631 1273 679 cacumina
1297 631 1452 686 silvae,

236 709 303 758 Et
330 710 442 758 Dea
467 727 556 775 per
582 711 724 758 lucos
751 711 877 758 mira
903 711 1073 758 locuta
1099 726 1246 757 suos:

1492 710 1593 755 440

168 787 378 837 Italidas
405 797 608 846 matres,
636 790 819 853 inquit,
848 805 1001 854 caper
1027 788 1188 836 hirtus
1214 787 1354 835 inito.

238 866 519 932 Obstupuit
543 867 697 915 dubio
725 867 900 916 territa
925 867 1073 915 turba
1099 883 1240 914 sono.

169 944 345 1008 Augur
371 954 504 994 erat:
546 961 730 993 nomen
756 946 918 1009 longis
945 943 1200 992 intercidit
1225 943 1400 997 annis;

238 1022 417 1087 Nuper
442 1024 505 1071 ab
533 1023 751 1071 Etrusca
774 1030 981 1071 venerat
1006 1023 1154 1070 exsul
1181 1022 1352 1069 humo.

170 1099 264 1148 Ille
289 1116 499 1165 caprum
527 1108 743 1149 mactat:
779 1102 936 1163 jussae
964 1116 1057 1147 sua
1084 1108 1232 1162 terga
1253 1098 1444 1147 maritae
1493 1100 1593 1145 445

237 1178 466 1227 Pellibus
493 1178 715 1227 exsectis
743 1178 1076 1243 percutienda
1101 1179 1309 1226 dabant.

171 1255 314 1305 Luna
338 1259 628 1306 resumebat
653 1258 850 1305 decimo
878 1274 1005 1305 nova
1031 1273 1218 1304 cornua
1244 1263 1413 1313 motu;

235 1334 428 1399 Virque
453 1344 597 1401 pater
621 1337 805 1393 subito,
835 1343 1098 1401 nuptaque
1126 1343 1285 1383 mater
1312 1342 1436 1383 erat.

173 1412 350 1461 Gratia
376 1413 580 1462 Lucinae
602 1433 612 1463 :
653 1414 795 1462 dedit
822 1415 929 1462 haec
957 1414 1049 1461 tibi
1076 1415 1280 1462 nomina
1305 1414 1468 1469 lucus,

243 1490 347 1540 Aut
371 1493 491 1556 quia
515 1493 819 1558 principium
845 1503 916 1550 tu,
947 1492 1074 1549 Dea,
1102 1493 1227 1540 lucis
1253 1492 1427 1540 habes.

1497 1492 1598 1538 450

176 1568 355 1628 Parce,
384 1587 578 1635 precor,
608 1571 842 1635 gravidis,
870 1571 1031 1619 facilis
1061 1570 1268 1626 Lucina,
1297 1569 1509 1634 puellis;

243 1647 607 1714 Maturumque
633 1657 775 1698 utero
803 1649 1022 1697 molliter
1048 1649 1171 1698 effer
1197 1663 1344 1695 onus.

218 1753 293 1784 435.
317 1753 422 1785 Lucus
436 1754 569 1785 Jummis
586 1754 716 1786 Lucinae
730 1766 848 1786 memo-

174 1809 260 1833 ratur
279 1808 311 1833 et
327 1813 345 1833 a
358 1803 499 1835 Varrone
515 1804 554 1836 de
573 1805 608 1835 L.
626 1805 664 1835 L.
678 1804 710 1836 d.
727 1804 749 1836 l.
794 1805 848 1835 In-

173 1853 317 1889 cae‹luus,·
351 1853 458 1895 sylvas
486 1864 592 1885 sacras
620 1856 733 1885 caedere
763 1854 850 1886 nefas

173 1907 254 1933 erat.
302 1903 437 1934 Metam.
459 1903 504 1935 iii.
519 1905 582 1935 28:
609 1909 628 1921 “
647 1904 745 1945 Sylva
761 1910 852 1935 vetus

173 1952 292 1988 stabat,
308 1952 398 1983 nulla
413 1952 533 1984 violata
553 1952 691 1985 securi.'’
739 1954 766 1984 A
785 1953 850 1986 Pli-

178 1999 241 2037 nio,
257 2001 299 2032 V.
314 2002 418 2044 Epist.
434 2002 477 2033 vi.
491 2003 521 2034 7.
570 2003 701 2034 Nemora
724 2006 851 2045 antiqua

177 2055 210 2080 et
230 2051 321 2091 sylva:
341 2053 449 2083 caeduae
467 2052 525 2084 sibi
546 2063 663 2095 oppon.
714 2053 853 2085 Tremore

178 2098 234 2130 tali
251 2099 306 2130 Dii
327 2105 359 2131 et
383 2100 647 2143 indignationem,
663 2109 695 2133 et
715 2103 853 2135 savorem

178 2159 271 2180 suum
283 2149 518 2191 significabant.
530 2150 595 2182 III.
606 2152 700 2192 xlvii3
718 2153 854 2185 Metam.

179 2198 222 2230 ix.
240 2199 315 2230 782.
330 2200 385 2231 ubi
402 2200 467 2231 vid.
484 2208 548 2232 not.

225 2249 300 2280 441.
324 2250 486 2292 Italidas]
513 2251 565 2283 Sic
580 2251 616 2282 ΙΙ
632 2262 669 2283 ex
683 2252 795 2289 Ponto,
810 2250 854 2284 iii.

183 2300 238 2330 84.
264 2299 357 2331 Italis
380 2312 444 2331 ora.
492 2301 591 2342 Caper
615 2313 713 2344 quum
737 2309 854 2334 castra-

182 2355 250 2380 tum
266 2348 387 2380 hircum
403 2349 570 2391 significet,
587 2361 605 2382 a
621 2362 684 2393 quo
699 2351 770 2383 iniri
786 2363 855 2383 mu-

182 2397 276 2429 lieres
295 2409 358 2429 non
373 2406 532 2440 poterant,
550 2400 704 2432 monitum
719 2401 856 2433 Junonis

185 2458 225 2479 ex
245 2448 305 2480 hac
327 2448 463 2480 lectione
488 2455 575 2481 tanto
591 2451 741 2493 majorem
757 2453 856 2482 obstu-

180 2500 322 2538 pescendi
349 2509 479 2530 causam
508 2501 683 2541 praebebat,
706 2507 857 2543 tantoque

185 2547 287 2590 magis
304 2549 429 2579 dubium
449 2560 566 2585 sonum,
582 2550 731 2591 ambigua
746 2551 856 2587 verba,

184 2596 350 2629 reddebat.
396 2598 438 2629 Et
465 2609 539 2630 mox
569 2611 659 2640 cuper
688 2605 858 2631 mactatur.

187 2645 354 2678 Intercidit
375 2648 549 2689 eleganter,
570 2659 630 2679 non
654 2649 798 2691 pervenit
818 2649 859 2679 ad

188 2703 293 2728 nostra
316 2702 471 2739 tempora.
519 2698 651 2729 Etruria
675 2698 766 2730 sedes
786 2699 861 2730 artis

188 2746 360 2788 auguralis·
390 2746 459 2778 Liv.
473 2747 495 2778 i.
512 2749 570 2779 34:
597 2753 620 2765 “
634 2749 793 2790 Tanaquil
806 2760 860 2790 pe-

188 2794 259 2833 rita,
275 2801 310 2828 ut
325 2796 420 2838 vulgo
434 2797 572 2835 Etrusci,
590 2798 767 2830 coelestium
789 2809 859 2840 pro-

919 1755 1075 1797 digiorum
1091 1753 1239 1790 mulier,’'
1252 1758 1284 1784 et
1301 1753 1320 1784 i.
1337 1753 1391 1784 56.
1407 1756 1428 1770 “
1442 1762 1541 1794 quum
1557 1751 1599 1783 ad

920 1804 1050 1846 publica
1066 1802 1212 1846 prodigia
1227 1802 1351 1834 Etrusci
1368 1806 1493 1833 tantum
1511 1807 1602 1833 vates

920 1853 1188 1885 adliiberentur.''
1235 1853 1289 1885 Cf.
1307 1853 1378 1885 Cic.
1394 1853 1494 1895 Legg.
1514 1851 1548 1883 ii.
1568 1852 1600 1883 9.

924 1904 1067 1940 E1sectis,
1079 1904 1111 1935 in
1127 1904 1195 1936 lora
1206 1904 1313 1936 sectis.
1343 1903 1447 1947 Supra
1461 1913 1527 1935 ver.
1543 1903 1599 1934 31.

920 1962 998 1986 secta
1013 1956 1101 1995 pelle.

966 2005 1044 2035 447.
1080 2004 1197 2035 Moneri
1219 2003 1316 2036 etiam
1340 2014 1397 2046 pro
1420 2012 1602 2034 accrescere

922 2054 998 2091 dici,
1015 2061 1111 2097 atque
1129 2054 1208 2086 adeo
1224 2062 1307 2085 motu
1320 2055 1406 2086 bene
1423 2064 1457 2086 se
1472 2053 1604 2090 habere,

923 2116 1018 2147 quum
1044 2105 1098 2135 alii
1120 2116 1214 2136 cursu
1236 2111 1292 2136 aut
1306 2115 1404 2136 mense
1419 2103 1603 2147 praeferant,

923 2154 1016 2186 docet
1044 2155 1187 2187 Gronov.
1216 2155 1297 2186 Obs.
1327 2154 1392 2185 III.
1415 2154 1438 2186 i.
1466 2164 1501 2196 p.
1527 2153 1605 2184 336.

922 2204 1011 2236 Alibi
1028 2205 1145 2236 Nostro
1170 2204 1305 2236 formula
1328 2204 1452 2244 implere
1476 2208 1533 2235 aut
1552 2213 1603 2234 re·

921 2255 1004 2293 plere
1024 2255 1122 2285 orbem
1147 2254 1180 2284 in
1202 2254 1263 2285 hac
1285 2264 1318 2285 re
1335 2252 1508 2291 solemnis;
1533 2263 1600 2284 ver.

926 2304 1011 2342 175;
1048 2303 1094 2334 iii.
1118 2305 1190 2335 121.
1237 2303 1322 2335 Vide
1347 2302 1388 2334 ad
1410 2303 1547 2334 Metam.
1570 2302 1605 2334 ii.

925 2354 1000 2385 455.
1046 2353 1097 2384 De
1112 2353 1240 2385 Junone
1258 2353 1381 2384 Lucina
1405 2352 1448 2384 cf.
1463 2351 1508 2384 iii.
1523 2352 1603 2384 255.

926 2403 1061 2434 Nomina
1083 2404 1182 2435 lucus.
1226 2403 1278 2434 Sic
1302 2408 1334 2434 et
1357 2402 1441 2434 Plin.
1463 2401 1528 2434 xvi.
1550 2403 1604 2434 85.

926 2452 1070 2484 Alteram
1101 2452 1327 2495 etymologiam
1357 2452 1523 2495 amplexus
1556 2456 1606 2484 est

926 2502 1094 2534 Plutarch.
1138 2504 1262 2541 Quaest.
1291 2503 1429 2534 Roman.
1455 2513 1489 2544 p.
1519 2502 1602 2534 139:

928 2552 1098 2584 Λουκῖναν
1110 2552 1224 2593 ’Ἠραν
1238 2553 1411 2588 καλοῦσιν,
1423 2551 1497 2584 οἷον
1517 2557 1605 2594 ‹pazt-

928 2602 1006 2640 νὴν,
1032 2603 1054 2640 ἢ
1080 2602 1303 2644 φωτίζουσαν.
1349 2602 1465 2633 Totum
1496 2608 1604 2633 autem

927 2651 1112 2693 figmentum
1142 2652 1216 2683 inde
1245 2651 1397 2694 explicat,
1426 2651 1513 2694 quod
1542 2652 1602 2683 sub

926 2701 1137 2743 plenilunium
1149 2701 1299 2734 mulieres
1315 2701 1465 2733 facillime
1481 2701 1603 2743 prolem
1630 2738 1635 2744 .

926 2750 1004 2782 eniti
1019 2750 1233 2783 crederentur.
1281 2751 1408 2788 Puellae,
1424 2755 1544 2793 nuptae.
