1830 3220
556 560 1239 608 KALENDARIUM.

731 795 756 831 J
759 794 842 832 AN
848 793 1077 832 UARIUS.

195 896 233 934 A
265 895 355 933 Kal.
376 895 401 932 J
405 896 564 934 anuarii.
586 896 610 933 J
615 897 676 933 ani
696 896 852 941 festum,
874 896 899 933 J
903 896 1054 940 unonis,
1075 895 1184 933 Jovis
1204 902 1244 934 et
1264 895 1488 947 AEsculapii.

197 966 222 1004 b
276 965 316 1002 iv
437 964 513 1003 No.

195 1048 216 1072 c
276 1033 319 1071 iii
434 1033 478 1070 N
480 1047 512 1071 ο.
533 1033 680 1072 Cancer
699 1033 837 1072 occidit
857 1034 1029 1073 cosmice.

198 1102 223 1139 d
278 1102 307 1139 ii
439 1101 517 1139 No.

198 1185 219 1208 e
278 1170 417 1208 Nonis.
437 1170 542 1221 Lyra
560 1171 693 1208 oritur.

197 1241 218 1277 f
276 1239 346 1277 viii
437 1238 497 1276 Id.

199 1323 225 1360 g
283 1308 337 1346 vii
445 1307 505 1344 Id.

198 1376 239 1414 A
276 1376 315 1412 vi
436 1374 495 1413 Id.
517 1374 634 1413 Festa
654 1374 679 1411 J
683 1375 760 1419 ani,
780 1374 983 1425 Agonalia.
1005 1373 1179 1424 Delphin
1200 1374 1334 1412 oritur.

200 1444 225 1482 b
279 1457 303 1480 v
440 1442 499 1479 Id.
521 1441 717 1481 Medietas
735 1442 896 1493 hyemis.

202 1526 223 1550 c
282 1512 320 1549 iv
443 1511 502 1548 Id.

203 1581 229 1619 d
282 1580 324 1618 iii
442 1577 502 1618 Id.
525 1579 641 1618 Festa
661 1580 878 1618 Carmentis
898 1587 937 1618 et
957 1579 983 1616 J
986 1587 1150 1618 uturnae.

204 1663 226 1688 e
280 1649 309 1687 ii
443 1647 501 1686 Id.

202 1720 222 1756 f
284 1718 431 1757 Idibus.
445 1717 607 1757 Festum
619 1718 646 1755 J
649 1719 741 1757 ovis.
763 1718 944 1757 Redditae
957 1726 1049 1758 sunt
1060 1719 1264 1770 provinciae
1275 1720 1417 1771 populo
1429 1720 1614 1760 Romano.

204 1802 228 1839 g
285 1787 351 1825 xix
446 1786 538 1825 Kal.
560 1786 774 1825 Februarii.
795 1787 922 1825 Caesar
942 1786 1147 1838 Augustus
1166 1794 1335 1826 vocatur.

204 1857 244 1895 A
281 1855 378 1894 xviii
441 1855 532 1894 Kal.
548 1855 787 1894 Sacrificium
803 1856 1034 1895 Carmentis.
1065 1856 1228 1895 Festum
1245 1855 1429 1895 Porrimae
1443 1863 1483 1896 et
1498 1856 1614 1895 Post-

600 1930 731 1962 vertae.

283 1993 364 2030 xvii
448 1992 539 2030 Kal.
560 1991 723 2031 Festum
744 1992 978 2031 Concordiae.

202 1995 228 2032 b

205 2077 224 2101 c
284 2062 350 2099 xvi
447 2061 537 2099 Kal.

208 2131 234 2169 d
287 2144 340 2169 xv
451 2129 542 2168 Kal.
565 2129 632 2168 Sol
652 2129 693 2167 in
713 2129 878 2180 aquario,

209 2216 231 2239 e
287 2201 353 2238 xiv
448 2198 539 2237 Kal.

207 2270 228 2307 f
287 2268 356 2306 xiii
448 2266 538 2305 Kal.

212 2352 237 2388 g
288 2336 344 2374 xii
452 2334 543 2373 Kal.

214 2404 254 2443 A
292 2404 332 2442 xi
452 2402 542 2440 Kal.

211 2474 236 2511 b
290 2486 316 2510 x
452 2470 542 2509 Kal.

214 2557 234 2580 c
290 2541 331 2578 ix
451 2539 541 2578 Kal.
561 2539 665 2590 Lyra
684 2539 833 2578 occidit.

213 2610 238 2648 d
292 2609 359 2647 viii
452 2607 542 2646 Kal.
564 2607 707 2648 Pectus
726 2608 867 2648 Leonis
893 2608 1091 2654 occulitur.

214 2688 235 2711 e
288 2674 341 2711 vii
448 2671 537 2710 Kal.
