1809 3220
181 166 269 208 414
602 169 1198 212 PRAEFATIUNCULA.

242 285 311 328 Ac
353 287 540 341 primum
581 287 758 341 quidem
800 287 856 328 de
899 286 1080 329 Pedone
1120 286 1444 342 inquirendum,
1482 301 1537 327 an
1576 285 1613 326 is

182 355 399 397 exstiterit
436 362 582 410 poeta,
618 356 688 397 cui
716 355 1127 411 praestantissimum
1163 354 1270 397 illud
1308 370 1434 410 opus,
1469 361 1513 396 et
1549 360 1614 395 tot

181 424 344 481 ingenii
373 424 598 465 luminibus
627 425 811 480 insigne,
838 425 1132 476 tribueretur3
1167 440 1301 480 quum
1328 423 1390 465 illi
1417 423 1515 480 ipsi,
1538 422 1613 479 qui

181 494 396 542 tribuunt,
417 492 637 534 fateantur
661 493 862 550 Elegiam
879 495 922 536 in
944 495 1101 537 obitam
1120 495 1393 544 Maecenatis,
1416 492 1614 549 ejusdem

181 562 343 617 ingenii
364 561 533 612 foetum,
558 568 691 603 totam
712 563 934 620 languere,
957 578 1038 605 nec
1064 563 1304 620 quidquam
1328 562 1494 604 habere
1519 562 1616 619 dig-

182 646 278 672 num
309 630 547 688 Angustaeo
578 646 668 672 oevo
681 636 708 672 ⁰.
774 631 977 673 Meminit
1007 632 1185 688 quidem
1216 632 1408 674 Pedonis
1440 631 1613 679 Quinti-

181 699 338 748 lianus,
365 698 438 741 lib.
464 715 506 740 x.
533 700 569 750 i;
604 700 681 741 sed
715 701 872 750 obiter,
904 708 949 742 et
983 716 1081 743 cum
1111 701 1296 743 Rabirio
1329 702 1615 756 conjungens,

182 770 238 811 de
270 769 452 825 quibus:
492 784 573 810 non
604 770 788 826 indigni,
814 771 969 825 inquit,
1002 771 1273 827 cognitione;
1306 770 1383 812 sed
1410 769 1492 811 illis
1524 776 1618 811 tan-

182 846 289 890 tum,
332 839 491 893 quibus
536 845 727 880 ‘vacarea
805 839 939 887 Quod
986 848 1105 882 certe
1154 855 1241 881 non
1289 840 1618 896 pronuntiasset

176 908 320 963 judex
355 908 656 963 sagacissimus
690 908 745 949 de
783 916 962 950 auctore
1001 909 1316 950 Consolationis
1347 910 1408 950 aa'
1428 908 1614 950 Liviam.

182 976 261 1027 At,
291 977 487 1032 inquient
516 977 676 1026 forsan,
706 978 897 1032 perierat
929 993 1119 1027 carmen,
1148 993 1284 1033 quum
1312 978 1410 1019 haec
1441 977 1617 1025 Quinti-

182 1045 322 1088 lianus
352 1047 585 1089 scriberet:
621 1048 813 1102 perierat
836 1048 971 1104 igitur
993 1062 1187 1102 quoque,
1210 1054 1408 1102 tempore
1434 1047 1616 1088 Senecae

184 1115 413 1166 Rloetoris,
432 1117 507 1171 qui
527 1132 661 1172 quum
684 1116 861 1158 Suasor.
882 1118 909 1158 i.
934 1117 1225 1173 fragmentum
1248 1116 1441 1158 Pedonis
1462 1115 1618 1158 afferat

183 1186 236 1226 de
259 1185 559 1241 Navigatione
595 1185 848 1227 Germanici
867 1201 954 1241 per
981 1186 1198 1227 Oceanum
1227 1185 1615 1241 septentrionalem,

184 1253 347 1295 nullam
364 1254 538 1295 omnino
557 1255 612 1296 de
633 1255 947 1305 Consolatione,
962 1253 1109 1296 aliisve
1124 1253 1391 1296 Albinovani
1408 1255 1617 1310 operibus

184 1324 448 1365 mentionem
470 1323 613 1365 faciat.
680 1324 770 1366 Sed
792 1324 847 1365 ad
872 1325 1174 1366 auctoritatem
1196 1324 1498 1380 confugiamus
1520 1339 1619 1380 gra-

185 1393 314 1434 vioris
344 1392 481 1434 multo
512 1394 743 1447 ponderis:
778 1393 893 1434 illam
925 1394 1023 1435 dico
1056 1393 1220 1443 Ovidii,
1247 1394 1317 1435 cui
1346 1394 1505 1435 vixisse
1534 1392 1617 1435 Pe-

186 1461 345 1502 donem
378 1461 777 1516 conjunctissimum
809 1468 994 1512 constat,
1022 1476 1077 1503 ex
1110 1460 1268 1517 Elegia
1299 1476 1342 1502 x.
1371 1461 1427 1503 de
1457 1461 1617 1512 Ponto,

185 1529 259 1572 lib.
287 1530 341 1571 iv.
366 1530 422 1571 ad
452 1545 551 1571 eum
582 1531 726 1580 missa,
754 1546 841 1586 quo
874 1537 1086 1586 tempore,
1110 1531 1297 1572 carmine
1330 1531 1498 1573 Thesea
1527 1531 1619 1571 laa-

186 1600 325 1650 daret,
356 1599 399 1641 id
432 1606 512 1649 est,
552 1599 592 1639 T
590 1599 780 1649 heseida,
811 1600 1121 1641 conscriberet.
1189 1600 1412 1641 Sidereum
1442 1614 1618 1655 quoque

188 1668 307 1718 dicit,
334 1668 378 1708 in
410 1668 606 1724 ejusdem
640 1667 765 1710 Libri
799 1667 957 1724 Elegia
988 1668 1138 1709 ultima
1167 1685 1205 1709 v.
1232 1670 1274 1710 6.
1339 1669 1452 1716 Quis
1485 1683 1618 1724 porro

188 1737 425 1779 crediderit
455 1737 695 1788 Nasonem,
726 1739 801 1793 qui
831 1737 937 1780 nulli
969 1737 1201 1794 aequalium
1233 1753 1416 1793 poeseos
1444 1737 1620 1780 laudem

189 1807 346 1848 dicitur
383 1807 604 1857 invidisse,
642 1822 816 1849 carmen
857 1808 1277 1863 praestantissimum,
1314 1807 1358 1848 in
1397 1806 1621 1849 laudando

189 1876 386 1925 Pedone,
420 1876 494 1931 qui
531 1883 619 1917 tam
655 1876 832 1918 fidelem
875 1892 919 1918 se
957 1878 1094 1919 amico
1133 1877 1414 1932 praestiterat,
1449 1875 1620 1918 silentio

187 1944 403 1988 volentem
424 1945 719 2000 praeteriisse?

247 2013 428 2055 Faciant
453 2014 591 2069 magis
616 2015 672 2055 ad
699 2029 804 2064 rem,
828 2014 918 2069 qui,
942 2015 1099 2055 omisso
1123 2014 1304 2056 Pedone
1326 2013 1619 2065 Albinovano,

174 2083 434 2138 fabulatore
463 2084 659 2139 egregio,
682 2090 731 2125 ut
755 2091 881 2126 vocat
908 2083 1091 2134 Seneca,
1115 2091 1158 2125 et
1168 2084 1352 2140 festivo,
1375 2084 1419 2125 in
1450 2099 1622 2126 scenam

189 2152 399 2193 inducant
428 2159 650 2193 auctorem
682 2151 852 2207 Elegiae
885 2160 1059 2203 nostrae,
1088 2151 1264 2195 Celsum
1292 2153 1409 2194 hunc
1437 2151 1623 2194 Albino-

190 2236 363 2271 vanum,
389 2221 445 2262 ad
475 2236 605 2275 quem
634 2222 831 2263 inscribit
860 2221 1075 2264 Horatius
1105 2221 1352 2278 Epistolam
1381 2221 1466 2263 viii.
1497 2220 1623 2263 Libri

190 2290 332 2346 primi,
367 2306 584 2346 quemque
620 2292 805 2333 scribam
841 2292 960 2342 dicit,
998 2292 1272 2347 comitemque
1304 2291 1498 2333 Neronis
1530 2289 1624 2344 (Ti-

192 2359 343 2413 berii3)
380 2374 467 2414 quo
504 2359 668 2401 scilicet
705 2376 885 2402 munere
922 2361 1065 2416 potuit
1100 2360 1277 2416 quidem
1311 2360 1451 2402 Drusi
1486 2359 1623 2401 frater

192 2435 368 2484 poetam
409 2428 464 2469 ad
507 2435 679 2483 tempus
724 2444 1039 2480 remunerasse,
1080 2430 1154 2485 qui
1195 2445 1282 2471 non
1322 2430 1382 2471 ita
1424 2429 1622 2471 Drusum

191 2496 463 2546 laudaverat,
489 2504 535 2537 ut
566 2512 652 2538 non
682 2498 725 2538 in
750 2498 921 2540 Tiberii
950 2498 1094 2540 fratris
1121 2497 1274 2540 laudes
1303 2498 1521 2554 copiosior
1549 2513 1624 2540 ex-

195 2566 415 2607 undasset.
481 2566 716 2607 Diversum
739 2566 856 2609 hunc
882 2583 907 2609 a
930 2567 1110 2609 Pedone
1136 2575 1300 2617 nostro,
1322 2566 1424 2609 licet
1446 2566 1622 2609 Albino-

195 2650 328 2677 vanus
356 2642 542 2689 uterque
571 2636 843 2689 cognomine,
870 2652 895 2677 a
925 2637 1068 2691 patria
1091 2635 1206 2677 Alba
1232 2636 1376 2686 Nova,
1400 2643 1518 2678 recte
1549 2636 1624 2677 de-

347 2750 359 2764 ⁴'
384 2745 578 2787 Longissime
595 2746 684 2777 abest
700 2757 718 2777 a
734 2746 882 2778 carminis
900 2747 997 2779 nostri
1013 2747 1183 2779 suavitate.
1231 2748 1324 2784 Beck,
1343 2758 1395 2790 op.
1408 2747 1468 2778 'cit-
