1830 3220
255 211 285 253 6
651 208 703 250 Ρ.
742 207 959 251 OVIDII
991 207 1277 251 NASONIS

255 326 341 374 ΝΕ
366 339 565 374 TAMEN
592 325 791 388 ignores
816 325 1064 372 variorum
1085 327 1201 389 J'ura
1224 323 1448 372 dierum:

1596 327 1661 372 45

323 403 440 451 Non
464 403 618 450 habet
642 402 790 450 officii
818 402 1017 451 Lucifer
1041 403 1203 451 omnis
1228 402 1381 451 idern.

253 481 348 529 Ille
373 480 596 528 nefastus
622 479 732 537 erit,
759 497 849 546 per
875 497 1028 545 quem
1053 483 1148 530 tria
1170 481 1325 529 verba
1349 480 1589 529 silentur:

322 558 504 608 Fastus
525 557 635 614 erit,
663 574 752 622 per
777 574 929 621 quem
955 559 1067 622 lege
1092 559 1266 607 licebit
1291 558 1388 622 agi.

254 636 371 684 Neu
395 643 499 684 toto
524 642 748 700 perstare
774 637 855 685 die
881 653 972 684 sua
991 639 1107 701 jura
1130 636 1352 702 putaris;

322 714 421 769 Qui
440 715 547 778 jam
571 713 730 762 fastus
756 715 865 772 erit,
893 732 1041 763 mane
1065 715 1293 764 nefastus
1319 721 1441 762 erat.

1598 716 1663 761 50

255 790 389 839 Nam
414 791 562 838 simul
581 798 700 839 exta
726 792 836 840 Deo
862 793 982 840 data
1005 800 1138 849 sunt,
1165 792 1286 840 licet
1310 791 1479 839 omnia
1502 790 1608 848 fari,

320 868 590 933 Verbaque
615 869 886 918 honoratus
911 870 1068 918 libera
1093 877 1276 934 preetor
1301 869 1470 917 habet.

255 945 348 994 Est
363 963 584 1011 quoque,
602 964 703 1011 quo
720 948 963 1013 populum
983 949 1069 1011 jus
1091 955 1168 995 est
1193 947 1448 995 includere
1469 945 1628 1011 septis
1647 963 1657 994 :

321 1023 416 1072 Est
439 1040 661 1088 quoque,
685 1025 772 1089 qui
797 1042 928 1073 nono
954 1041 1153 1090 semper
1174 1026 1237 1072 ab
1263 1025 1384 1073 orbe
1409 1024 1555 1073 redit.

251 1101 488 1150 Vindicat
510 1101 762 1151 Ausonias
787 1103 817 1151 J
824 1104 1000 1152 unonis
1026 1119 1146 1151 cura
1172 1103 1458 1151 Kalendas:

1596 1103 1660 1149 55

321 1179 497 1228 Idibus
523 1181 638 1230 alba
661 1181 691 1229 J
697 1183 775 1230 ovi
801 1183 1035 1246 grandior
1061 1198 1190 1245 agna
1212 1181 1377 1229 cadit:

252 1341 292 1372 de
315 1341 376 1372 hac
398 1351 431 1372 re
450 1342 499 1373 usi
518 1348 602 1379 sunt,
618 1348 650 1374 et
665 1344 749 1386 quod
770 1345 919 1387 praetule-

254 1397 327 1421 runt
347 1390 524 1423 Mitscherl.
545 1397 640 1434 atque
661 1393 796 1425 Lenzius
813 1400 844 1425 et
869 1394 919 1426 hic

254 1440 382 1482 quidem
406 1450 454 1476 ee,
482 1441 565 1483 quod
590 1442 725 1473 Ovidius
750 1454 919 1484 pronomen

252 1491 306 1521 ille
324 1491 369 1522 sic
389 1490 490 1522 soleat
509 1502 635 1533 ponere,
651 1498 686 1523 ut
706 1492 737 1523 ii.
754 1494 829 1524 277.
844 1495 919 1525 285.

251 1539 348 1581 Regii
376 1545 439 1571 tres
466 1540 583 1572 habent
608 1545 795 1582 praeposuit,·
826 1548 859 1574 at
888 1543 919 1575 in

253 1589 364 1620 codice
387 1590 414 1621 C
435 1595 484 1621 est
503 1591 607 1632 glossa
626 1593 758 1628 addidit,
777 1603 848 1635 quae
864 1604 920 1637 pro

251 1638 386 1670 lectione
401 1646 505 1682 posset
520 1640 627 1682 recipi.
665 1642 754 1673 LEM.

295 1689 434 1720 45—62.
459 1690 508 1720 De
521 1691 694 1722 discrimine
709 1693 827 1722 dierum
844 1702 919 1723 con-

251 1737 298 1769 fer
321 1739 478 1770 Macrobii
499 1740 565 1770 Sat.
588 1740 615 1771 Ι.
631 1752 682 1771 xv.
702 1742 751 1772 16.
797 1742 920 1773 Discri-

251 1787 338 1818 mina
353 1788 432 1819 bene
443 1791 622 1829 vocatjura
634 1795 665 1821 et
677 1790 830 1831 officium;
847 1802 918 1833 quae

251 1847 340 1868 voce.
356 1837 396 1868 ab
410 1837 588 1869 hominibus
603 1839 768 1871 translata.
807 1840 920 1872 Verbis

250 1896 287 1916 ne
315 1888 434 1928 ignores
465 1898 528 1918 non
557 1888 785 1920 Germanicum
814 1900 920 1921 rursus

251 1935 440 1976 alloquitur3
464 1937 519 1968 sed
538 1937 672 1969 formula
687 1944 733 1969 est
748 1939 918 1980 generalis,

252 1985 392 2016 tenenda
411 1992 484 2016 sunt
500 1986 582 2028 jura.
628 1988 675 2018 Ex
692 1989 808 2019 Numae
829 1988 919 2020 insti-

253 2039 322 2066 tuto
351 2046 459 2067 omnes
481 2036 549 2067 dies
571 2043 661 2068 erant
685 2038 735 2068 vel
750 2038 842 2079 festi,
869 2039 919 2070 vel

250 2084 387 2126 profesti,
400 2085 450 2116 vel
465 2087 611 2118 intercisi.
636 2088 742 2123 Fastis,
758 2088 811 2130 qui
825 2088 921 2119 etiam

253 2134 366 2175 nefasti
391 2134 588 2172 dicebantur,
610 2137 732 2168 inerant
757 2138 920 2175 sacrificia,

253 2184 368 2225 epulae,
384 2185 462 2221 ludi,
475 2185 574 2217 feriae.
613 2186 705 2218 Conf.
720 2188 820 2218 Varro
837 2189 872 2220 L.
884 2189 919 2220 L.

253 2243 283 2264 v.
300 2234 330 2264 4.
367 2234 454 2265 Nota
475 2240 548 2266 sunt
569 2238 630 2266 tria
649 2237 796 2268 Praetoris
818 2240 918 2275 verba,

253 2282 368 2325 quibus
389 2283 440 2314 hic
459 2284 560 2315 omnis
574 2284 752 2327 jurisdictio
772 2287 919 2329 exprimi-

253 2337 314 2363 tur.
336 2333 413 2363 Scil.
439 2334 504 2369 Do,
531 2346 617 2371 mco,
639 2347 774 2373 Λοιηςο,
799 2337 919 2368 ΒΑΒΑΤ

253 2381 337 2412 enim
357 2385 513 2419 actionem,
536 2394 674 2415 DICEBAT
689 2388 757 2425 jus,
781 2397 919 2417 ADDICE-

255 2442 317 2462 ΒΑΤ
340 2434 463 2464 damna.
508 2433 589 2475 Lege
614 2434 688 2475 (ex)
715 2442 824 2477 agunt,
853 2437 918 2478 qui,

252 2481 453 2524 permittente
464 2483 546 2524 lege,
556 2491 717 2515 accusant.
748 2486 832 2516 Dare
841 2493 919 2522 exta,

253 2537 289 2562 ut
308 2533 383 2562 clare
401 2538 449 2563 lus
469 2537 524 2563 aut
540 2536 618 2563 turis
637 2534 758 2565 honores
778 2535 918 2566 formulae

251 2580 420 2612 solemnes.
466 2582 654 2619 Honoratus,
677 2583 730 2625 qui
756 2585 920 2626 magistra-

252 2634 320 2661 tum
340 2631 431 2671 gerit.
476 2631 650 2664 Burmann.
672 2634 828 2670 observat,
850 2645 918 2676 pro-

250 2679 354 2722 prium
391 2681 576 2722 praetoribus
610 2682 705 2713 fuisse
739 2682 915 2724 epitheton,

251 2739 384 2772 quorum
399 2729 568 2770 edictajzts
583 2731 775 2762 honorarium
790 2731 886 2763 dicta.

295 2779 351 2811 53.
376 2778 571 2816 Macrobius,
591 2780 827 2818 “Comitiales,
843 2782 913 2823 qui-

988 1345 1047 1376 bus
1075 1355 1147 1375 cum
1177 1343 1295 1387 populo
1321 1342 1372 1384 agi
1402 1342 1511 1379 licet,''
1541 1341 1573 1373 id
1599 1346 1659 1378 est,

989 1394 1076 1435 leges
1092 1393 1174 1430 ferri,
1185 1392 1310 1424 suaderi
1323 1397 1378 1423 aut
1388 1390 1574 1423 dissuaderi.
1597 1391 1660 1423 Sed

989 1445 1116 1481 Noster,
1142 1449 1177 1475 ut
1197 1450 1302 1486 poeta,
1324 1454 1389 1474 rem
1416 1443 1560 1474 sensibus
1584 1443 1658 1474 sub-

983 1495 1075 1537 jecit,
1101 1496 1245 1535 populum
1268 1495 1424 1525 includere
1448 1494 1547 1534 septis,
1572 1492 1658 1535 quod

988 1555 1027 1576 ex
1050 1545 1163 1586 Antiq.
1191 1545 1288 1575 Rom.
1313 1550 1435 1575 notum.
1485 1544 1548 1578 Qui
1572 1554 1660 1580 nouo,

989 1600 1050 1626 etc.
1090 1594 1274 1625 Institutum
1302 1598 1369 1625 erat
1394 1593 1443 1624 vel
1467 1603 1486 1624 a
1510 1593 1661 1631 Romulo,

987 1645 1050 1682 vel,
1072 1650 1108 1675 ut
1128 1643 1181 1674 alii
1205 1643 1347 1679 tradunt,
1370 1653 1389 1674 a
1412 1643 1520 1674 Servio
1537 1642 1657 1679 Tullio,

988 1700 1023 1724 ut
1042 1700 1112 1725 octo
1141 1693 1252 1725 diebus
1277 1695 1311 1723 in
1337 1692 1420 1735 agris
1448 1692 1556 1724 rustici
1580 1703 1659 1734 opus

987 1744 1137 1780 facerent,
1161 1754 1244 1774 nono
1269 1749 1374 1774 autem
1399 1753 1524 1784 quoque
1548 1742 1599 1774 die
1620 1742 1660 1773 ad

987 1799 1196 1825 mercaturam
1212 1792 1420 1825 exercendam
1441 1793 1590 1834 legesque
1606 1803 1659 1824 ac-

987 1842 1152 1885 cipiendas
1188 1843 1325 1873 Romam
1363 1842 1515 1873 venirent.
1573 1842 1658 1884 Lege

988 1892 1158 1924 Hortensia
1172 1893 1333 1929 effectum,
1349 1897 1384 1923 ut
1405 1891 1477 1923 fasti
1493 1900 1596 1924 essent
1611 1892 1658 1923 illi

988 1942 1066 1978 dies,
1081 1942 1196 1984 quibus
1215 1942 1323 1973 rustici
1339 1942 1411 1973 lites
1425 1949 1660 1984 componerent.

989 1991 1127 2022 Cautum
1156 1998 1272 2027 tamen,
1295 2001 1334 2022 ne
1363 1990 1395 2021 in
1422 1991 1557 2033 primum
1584 1991 1658 2022 anni

988 2041 1084 2078 diem,
1107 2046 1162 2072 aut
1190 2040 1222 2071 in
1245 2041 1354 2072 Nonas
1382 2040 1530 2071 nundina?
1560 2040 1656 2072 cade-

988 2096 1070 2121 rent.

1031 2142 1084 2171 55.
1109 2140 1160 2171 De
1185 2140 1345 2177 Kalendis,
1371 2140 1477 2171 Idibus
1502 2144 1535 2171 et
1561 2139 1658 2171 Nonis

989 2188 1053 2220 vid.
1083 2189 1275 2221 Plutarchus
1304 2191 1425 2227 Quaest.
1455 2190 1551 2220 Rom.
1582 2194 1657 2222 tom.

988 2238 1042 2269 vii.
1071 2250 1144 2280 pag.
1173 2240 1229 2270 90.
1259 2238 1336 2269 edit.
1371 2238 1481 2270 Reisk.
1511 2239 1656 2270 Mensem

988 2288 1131 2319 lunarem
1160 2288 1319 2331 peperisse
1349 2288 1431 2320 hanc
1458 2288 1656 2326 divisionem,

988 2337 1081 2369 docet
1095 2337 1213 2374 Ideler,
1231 2349 1262 2379 p.
1279 2339 1353 2369 350.
1399 2338 1444 2369 Ut
1461 2337 1536 2369 Idus
1549 2349 1657 2370 omnes

987 2387 1074 2423 Jovi,
1093 2387 1138 2418 ita
1160 2398 1268 2418 ornnes
1291 2387 1439 2418 Kalendae
1461 2388 1580 2419 Junoni
1604 2389 1658 2419 tri—

987 2437 1093 2476 butae;
1117 2436 1314 2472 Macrobius,
1331 2436 1352 2467 i.
1372 2438 1423 2468 15.
1463 2437 1551 2468 Olim
1572 2437 1656 2468 enim

987 2486 1026 2516 ab
1039 2491 1148 2516 exortu
1160 2485 1242 2516 lunae
1254 2485 1380 2516 initium
1395 2492 1463 2517 erat
1477 2487 1633 2518 mensium
1648 2500 1656 2522 ;

986 2536 1109 2566 Lunam
1135 2541 1242 2567 autem
1267 2541 1299 2567 et
1324 2537 1484 2568 Junonem
1509 2537 1654 2568 eamdem

986 2586 1152 2627 putabant.
1197 2585 1354 2616 Kalendis
1387 2585 1483 2626 igitur
1511 2585 1656 2618 omnibus

986 2634 1134 2665 Pontifex
1157 2633 1269 2670 minor,
1286 2640 1382 2676 atque
1401 2635 1528 2677 Regina
1551 2645 1654 2667 sacro-

984 2693 1053 2714 rum
1077 2694 1142 2714 rem
1171 2683 1310 2715 divinam
1334 2683 1454 2716 Junoni
1483 2683 1654 2715 faciebant.

986 2733 1160 2770 Kalendas,
1194 2733 1364 2765 Romanis*
1385 2732 1536 2776 proprias,
1571 2732 1654 2764 dixit

983 2783 1142 2820 Ausonias,
1171 2788 1207 2814 ut
1227 2794 1293 2814 ver.
1321 2784 1349 2815 l.
1375 2793 1492 2815 annum
1516 2782 1653 2814 Latium.
