1830 3220
576 163 653 205 FA
663 163 777 205 STO
785 164 871 207 RU
880 164 925 205 M
963 164 1083 206 LIB.
1117 164 1182 206 ΙΙ.
1531 171 1590 214 87

170 275 302 324 Nam
320 284 464 341 pater
479 280 808 344 armipotens,
822 289 1094 346 postquam
1107 299 1235 331 nova
1251 284 1583 344 moeniavidit‚

233 354 504 421 Multaque
532 357 785 407 Romulea
809 360 945 408 bella
970 368 1178 425 peracta
1204 378 1372 418 manu,

161 431 380 497 Jupiter,
410 436 590 500 inquit,
614 438 771 486 habet
794 438 1029 487 Romana
1050 440 1280 504 potentia
1304 441 1462 501 vires;

233 511 506 576 Sanguinis
528 516 689 563 officio
716 533 815 564 non
841 524 959 579 eget
985 517 1069 565 illa
1094 518 1222 566 mei:

166 588 347 639 Redde
373 591 503 656 patri
525 600 701 641 natum
724 613 734 652 ;
777 595 1008 658 quamvis
1036 596 1292 644 intercidit
1318 597 1460 655 alter,
1484 601 1582 647 485

233 667 334 717 Pro
361 686 432 728 se,
461 687 656 736 proque
685 672 866 730 Remo,
897 673 983 737 qui
1011 673 1133 721 mihi
1160 681 1333 732 restat,
1361 676 1469 725 erit.

162 743 308 794 Unus
334 747 444 804 erit,
473 766 628 813 quem
654 757 707 798 tu
732 751 879 799 tolles
905 751 956 798 in
977 751 1166 798 caerula
1191 751 1305 799 coeli
1327 771 1338 810 3

230 823 306 871 Tu
333 825 456 872 mihi
483 827 686 887 dixisti3
730 828 833 876 sint
858 837 966 876 rata
991 829 1129 876 dicta
1153 828 1313 877 Jovis.

159 900 362 966 Jupiter
388 913 663 955 annuerat:
705 914 830 955 nutu
859 907 1191 955 tremefactus
1218 915 1433 973 uterque

229 979 325 1028 Est
349 983 514 1046 polus,
544 992 596 1032 et
621 985 735 1033 coeli
762 986 989 1050 pondera
1013 986 1173 1034 sensit
1199 986 1361 1035 Atlas.

1483 990 1582 1036 490

163 1056 258 1105 Est
283 1059 424 1108 locus
447 1081 458 1119 3
501 1064 695 1127 antiqui
725 1064 978 1129 Capream
1005 1065 1182 1112 dixere
1209 1065 1477 1129 paludem3

231 1135 379 1186 Forte
406 1140 504 1188 tuis
531 1141 648 1198 illic,
680 1142 915 1200 Romule,
938 1144 1055 1206 jura
1080 1143 1256 1190 dabas,

163 1212 251 1261 Sol
277 1214 433 1279 fugit3
476 1224 528 1265 et
554 1226 815 1267 removent
841 1220 1114 1268 subeuntia
1139 1220 1313 1268 nubila
1330 1221 1543 1270 coelum:

229 1291 296 1340 Et
321 1295 487 1357 gravis
514 1296 689 1344 effusis
715 1296 906 1345 decidit
931 1297 1093 1346 imber
1117 1297 1294 1362 aquis:

203 1444 278 1476 481.
295 1444 426 1478 Romuli
439 1447 632 1490 apotheosis,
644 1459 742 1480 causa
758 1449 834 1487 Qui-

157 1491 316 1526 rinalium.
353 1496 529 1529 Traditioni
545 1499 669 1541 vulgari
684 1505 780 1542 poeta
796 1499 837 1531 de

157 1554 214 1575 suo
229 1545 393 1587 praemittit
405 1548 520 1579 Martis
535 1559 646 1591 preces
657 1560 713 1592 pro
727 1549 791 1580 filio
804 1549 837 1580 in

157 1595 277 1626 coelum
313 1596 507 1639 recipiendo.
555 1599 638 1630 Nam
675 1599 838 1630 connectit

157 1645 333 1677 orationem
364 1657 438 1678 cum
462 1658 528 1679 ver.
558 1649 634 1680 475.
659 1655 690 1680 et
712 1649 834 1691 reliqua

157 1695 248 1736 quasi
264 1707 320 1739 per
332 1697 537 1740 parenthesin
551 1705 624 1731 sunt
637 1699 834 1742 interposita.

158 1745 273 1782 Habet,
302 1752 366 1778 etc.
404 1748 554 1780 Romana
581 1750 726 1792 potentia
760 1749 836 1781 satis

158 1797 358 1828 corroborata
383 1802 443 1834 est,
476 1809 579 1840 neque
609 1799 690 1830 adeo
716 1799 836 1831 diutius

157 1845 214 1876 filii
231 1845 293 1877 mei
307 1847 409 1878 officio
422 1848 555 1890 indiget.
580 1850 725 1892 Sanguis,
741 1849 835 1887 filius,

156 1901 193 1927 ut
219 1897 357 1929 Metam.
390 1910 421 1930 v.
448 1900 524 1930 513.
549 1900 674 1931 Cereris
697 1903 834 1942 sanguis,

157 1945 235 1978 filia.
260 1947 365 1979 Redde
376 1951 459 1989 patri
474 1955 594 1987 natum,
606 1949 713 1992 recipe
725 1956 834 1980 natum

156 1998 189 2028 in
204 1997 335 2029 coelum.
380 1999 525 2031 Sumtum
542 1999 602 2031 hoc
618 2011 636 2031 a
650 1999 757 2031 liberis
772 2000 830 2031 hu-

156 2048 270 2086 manis,
301 2049 356 2090 qui
386 2049 586 2092 aliquamdiu
616 2051 786 2082 abfuerunt
814 2061 834 2082 a

156 2097 253 2129 domo
263 2104 406 2142 paterna.
431 2099 607 2132 Morientes
622 2101 771 2132 dicuntur
782 2102 832 2131 de-

157 2150 270 2186 cidere,
291 2155 336 2186 et,
355 2148 381 2180 si
409 2161 471 2181 non
493 2151 681 2193 perveniunt
703 2151 743 2182 ad
766 2161 832 2182 ma-

157 2205 260 2231 turam
274 2205 412 2238 aetatem,
428 2202 624 2232 intercidere.
650 2202 712 2231 Pro
724 2212 762 2238 se,
772 2206 834 2232 etc.

158 2248 256 2281 instar
285 2250 419 2281 duorum
446 2249 524 2281 mihi
555 2250 625 2282 erit.
671 2251 724 2282 Ita
749 2250 834 2292 apud

158 2299 296 2336 Livium,
312 2311 368 2341 pro
379 2301 468 2338 hoste,
484 2312 539 2340 pro
554 2302 644 2331 victis
654 2311 733 2332 esse.
750 2299 835 2332 Vide

157 2351 260 2382 Drak.
278 2351 320 2382 ad
334 2350 379 2382 iii.
398 2352 450 2382 17.
484 2351 606 2382 Coerula
621 2352 699 2386 caeli,
716 2350 836 2381 coelum

157 2401 341 2432 caeruleum.
356 2401 499 2433 Ennius:
520 2405 542 2418 “
554 2401 646 2431 Unus
659 2399 728 2436 erit,
739 2410 835 2441 quem

160 2457 194 2481 tu
210 2450 303 2481 tolles
319 2450 360 2481 ad
373 2450 490 2482 caerula
504 2449 757 2492 coeliTempla.’'
782 2449 836 2480 In-

159 2501 199 2532 de
222 2500 348 2543 accepit
365 2507 397 2532 et
417 2501 511 2532 Lucr.
532 2501 555 2532 i.
583 2501 686 2540 10893
710 2512 740 2532 v.
761 2500 836 2531 770.

158 2553 272 2584 caerula
290 2553 357 2583 coeli
372 2557 404 2582 et
419 2553 539 2582 mundi.
585 2552 636 2583 Cf.
652 2555 684 2582 et
698 2551 834 2582 Metam.

159 2602 224 2634 xiv.
240 2603 318 2634 814.
337 2601 389 2633 ubi
402 2601 523 2633 eaedem
538 2601 654 2632 Martis
669 2611 779 2644 preces
793 2600 834 2631 ad

158 2655 272 2687 Jovem
292 2663 348 2696 pro
366 2651 505 2683 Romulo
525 2652 558 2683 in
578 2651 698 2684 coelum
719 2650 831 2694 recipi-

158 2704 254 2736 endo.

205 2754 280 2785 489.
305 2754 384 2785 Haec
401 2754 441 2785 ad
461 2759 569 2786 notum
590 2752 681 2785 illum
701 2752 832 2785 Homeri

906 1449 1010 1480 locum
1038 1448 1081 1480 Il.
1107 1453 1149 1480 A.
1174 1450 1252 1481 529.
1283 1460 1356 1492 sqq.
1384 1449 1584 1484 adumbrata.

907 1499 993 1530 Vide
1018 1500 1156 1530 Metam.
1178 1498 1201 1529 i.
1233 1500 1305 1531 179.
1353 1500 1427 1531 Caeli
1448 1502 1584 1540 pondera

904 1551 995 1580 sensit
1003 1553 1132 1591 propter
1142 1548 1382 1580 concussionem
1393 1549 1483 1581 coeli.
1511 1550 1584 1582 Ali-

905 1603 965 1634 ter,
982 1599 1118 1629 Metam.
1135 1598 1178 1630 ix.
1201 1599 1278 1630 272.
1293 1601 1385 1630 sensit
1401 1600 1492 1631 Atlas
1506 1612 1583 1641 pon—

905 1650 972 1685 dus,
989 1647 1161 1679 Herculem
1177 1648 1260 1679 coelo
1276 1648 1433 1680 additum.

949 1699 1023 1730 491.
1049 1699 1105 1729 Est
1120 1699 1201 1730 locus
1216 1698 1249 1729 in
1264 1709 1388 1742 campo.
1425 1700 1584 1732 Paludem

905 1754 936 1780 et
954 1749 1062 1789 Caprae
1078 1754 1110 1779 et
1130 1749 1278 1788 capream
1300 1749 1420 1780 dixere.
1466 1750 1583 1792 Itaque

904 1798 1031 1830 variant
1051 1803 1083 1829 et
1100 1803 1246 1829 auctores
1270 1797 1329 1840 ipsi
1345 1803 1377 1828 et
1399 1798 1530 1836 librarii,
1547 1805 1583 1830 ut

904 1848 936 1880 h.
961 1848 985 1879 l.
1010 1847 1164 1878 Heinsius
1190 1847 1332 1889 praetulit
1359 1848 1519 1888 Capi-eam,
1546 1854 1583 1881 ut

904 1898 980 1930 alibi
1007 1898 1141 1940 legimus
1176 1897 1296 1929 “viam
1323 1897 1474 1940 Appiam,
1502 1899 1581 1930 Car-

904 1953 1043 1979 mentem
1069 1952 1204 1990 portam,
1235 1958 1351 1989 aquam
1380 1947 1540 1979 Marciam
1552 1948 1584 1979 :‘'

901 2004 933 2029 at
953 1998 1118 2029 Plutarch.
1135 1997 1286 2034 Romulo,
1303 1998 1362 2029 27.
1380 1999 1456 2040 περὶ
1469 1999 1508 2030 τὸ
1526 2010 1583 2030 κα-

901 2048 1067 2091 λούμενον
1095 2047 1191 2091 αἰγὸς
1219 2048 1241 2087 ἤ
1266 2048 1381 2090 ζορκὸς
1402 2048 1487 2085 ἓλος.
1532 2048 1582 2080 Ibi

902 2097 1061 2129 Romulus
1085 2097 1125 2128 ad
1148 2096 1324 2129 exercitum
1350 2097 1581 2129 recensendum

903 2148 1089 2179 concionem
1118 2147 1270 2179 habebat.
1317 2147 1438 2185 Livius,
1467 2148 1487 2179 i.
1519 2149 1580 2187 163

903 2198 958 2230 sed
975 2198 1112 2230 Ovidius
1128 2198 1269 2240 generali
1284 2197 1342 2229 illa
1355 2198 1491 2229 formula
1509 2210 1583 2231 usus

903 2255 963 2285 est,
972 2251 1054 2289 jura
1067 2250 1151 2284 (lare,
1162 2248 1330 2290 imperium
1344 2258 1491 2280 exercere
1504 2259 1583 2290 quo·

904 2310 1042 2341 cumque
1059 2299 1165 2330 modo.

949 2349 1024 2380 493.
1040 2350 1114 2380 Liv.
1128 2353 1150 2366 “
1163 2348 1275 2379 Subito
1289 2353 1398 2379 coorta
1410 2354 1582 2391 tempestas

904 2410 976 2431 cum
994 2410 1109 2441 magno
1125 2399 1246 2441 fragore
1262 2398 1495 2441 tonitribusque
1517 2404 1581 2430 tam

904 2450 1002 2481 denso
1018 2460 1125 2492 regem
1140 2448 1264 2491 operuit
1279 2448 1421 2481 nimbo.’'
1452 2449 1580 2481 Foedio-

903 2511 971 2531 rem
1008 2500 1105 2531 etiam
1141 2498 1230 2530 illam
1256 2503 1480 2541 tempestatem
1505 2499 1582 2530 Plu-

903 2550 1032 2582 tarchus
1060 2549 1222 2582 describit.
1267 2549 1428 2581 Tenebras
1456 2554 1580 2580 tantum

903 2606 1059 2633 memorat
1081 2599 1265 2642 Dionysius,
1287 2599 1308 2632 i.
1324 2599 1379 2631 56.
1426 2598 1582 2641 Solfugit

903 2651 1014 2683 nonde
1026 2650 1154 2682 defectu
1163 2650 1238 2682 solis
1247 2649 1452 2693 capiendum,
1462 2655 1496 2680 ut
1506 2649 1582 2680 Sca-

901 2701 982 2743 liger
995 2706 1027 2733 et
1043 2711 1116 2732 cum
1127 2711 1164 2732 eo
1179 2700 1389 2742 Desaintange
1403 2699 1578 2741 putabaut3

902 2752 957 2783 sed
978 2750 1204 2793 siclerafugere
1222 2750 1382 2788 dicuntur,
1400 2759 1499 2790 quum
1521 2758 1579 2780 nu-
