1830 3220
106 2293 110 2296 ’
160 2285 201 2315 tis
234 2283 328 2316 stella
357 2281 516 2315 coronae.''

547 178 896 221 FASTORUM
933 179 1054 222 LIB.
1091 181 1184 223 ΙΙΙ.

1508 184 1593 224 145

166 293 300 342 Huic
327 311 482 360 supra
507 297 686 353 nubes,
715 304 767 344 et
791 298 965 346 subter
991 298 1157 347 sidera
1183 299 1326 364 lapso

231 373 432 422 Coelum
459 390 550 438 pro
577 381 726 431 terra,
754 392 845 440 pro
871 377 1003 440 pede
1030 393 1199 442 penna
1222 377 1332 426 fuit.

159 452 380 517 Jamque
406 452 691 517 indignanti
720 471 848 502 nova
871 455 1013 504 frena
1037 463 1302 521 receperat
1325 473 1438 516 ore3
1486 459 1585 506 455

230 531 403 587 Quum
429 532 553 580 levis
574 532 766 581 Aonias
792 534 983 598 ungula
1007 533 1134 582 fodit
1159 550 1335 598 aquas.

161 609 209 657 N
214 627 311 659 unc
336 610 517 659 fruitur
541 612 686 667 coelo,
715 611 855 676 quod
881 611 1063 676 pennis
1089 620 1207 660 ante
1232 613 1469 677 petebat;

228 688 296 737 Et
320 688 512 737 nitidus
538 690 697 738 stellis
724 691 954 755 quinque
984 691 1271 755 decemque
1296 691 1466 740 micat.

157 766 452 816 PROTINUS
479 767 734 834 adspicies
759 768 982 817 venienti
1009 776 1160 817 nocte
1190 769 1446 818 Coronam

226 846 490 895 Gnosida:
533 846 736 896 Theseo
762 848 972 896 crimine
999 847 1135 896 facta
1163 847 1275 896 Dea
1299 855 1394 896 est.

1486 851 1586 897 460

156 924 186 972 J
192 941 273 974 am
298 926 430 974 bene
453 927 657 991 perjuro
682 933 904 975 mutarat
928 928 1146 991 conjuge
1175 927 1458 987 Bacchum,

226 1003 356 1060 Quae
383 1004 526 1053 dedit
551 1005 749 1069 ingrato
774 1005 860 1053 fila
884 1006 1104 1069 legenda
1128 1006 1251 1054 viro.

159 1082 307 1131 Sorte
334 1083 426 1130 tori
455 1083 701 1146 gaudens,
729 1082 866 1139 Quid
893 1083 1080 1132 flebam
1108 1084 1329 1133 rustica?
1367 1085 1516 1143 dixit,

228 1161 435 1210 Utiliter
460 1163 605 1211 nobis
631 1163 857 1228 perfidus
884 1162 967 1211 ille
993 1161 1103 1211 fuit.

158 1239 362 1289 Interea
389 1239 555 1297 Liber,
583 1241 816 1306 depexus
842 1240 1084 1298 crinibus,
1110 1241 1266 1289 Indos

1486 1244 1586 1290 465

223 1320 413 1378 Vincit,
441 1327 492 1369 et
519 1320 628 1369 Eoo
653 1321 795 1368 dives
823 1320 885 1368 ab
912 1321 1033 1369 orbe
1055 1321 1203 1369 redit.

201 1427 390 1459 459—516.
421 1426 485 1458 Die
517 1432 641 1463 octavo,
671 1426 737 1458 sive
768 1426 835 1459 viii.

906 1427 1028 1459 Bacchi
1055 1433 1166 1459 contra
1193 1437 1263 1458 eam
1290 1427 1495 1466 testimonio;
1533 1427 1588 1458 alii

157 1477 246 1515 Idus,
263 1484 348 1509 ortus
366 1477 491 1509 Coronae
504 1479 704 1518 vespertinus.
729 1477 835 1519 Hujus
905 1478 1008 1511 aliter.
1032 1477 1117 1510 Vide
1136 1477 1406 1509 Plutarch-Thes.
1424 1479 1479 1509 20.
1508 1478 1588 1509 Con-

156 1527 268 1560 sideris
297 1526 464 1570 originem,
489 1537 586 1570 quam
615 1527 752 1558 Metam.
773 1527 837 1559 viii.

161 1579 346 1610 175—182.
363 1578 502 1610 breviter
522 1577 672 1614 narravit,
689 1588 773 1610 nunc
789 1578 836 1610 la-

158 1628 221 1660 tius
243 1627 456 1671 persequitur.
493 1627 622 1660 Confer.
637 1627 709 1660 Art.
725 1628 837 1660 Amat.

158 1679 180 1711 i.
196 1679 395 1717 531-564;
418 1677 511 1709 Arat.
533 1677 647 1709 Phaen.
663 1678 703 1709 71
720 1690 729 1717 3
756 1679 838 1710 Lac-

159 1729 291 1766 tantius,
312 1728 412 1760 instit.
426 1728 447 1760 i.
466 1730 506 1760 10
517 1740 526 1768 ;
553 1728 667 1770 Virgil.
683 1728 801 1771 Georg.
818 1729 840 1761 i.

158 1782 238 1812 222.
285 1780 365 1811 Haec
386 1789 514 1821 quoque
537 1778 647 1810 fabula
668 1779 753 1811 varie
776 1785 839 1811 tra-

159 1830 239 1868 dita,
252 1836 287 1862 ut
297 1830 348 1861 vel
362 1840 400 1861 ex
418 1828 541 1871 Hygini
558 1835 641 1872 poet.
657 1829 840 1863 Astronom.

159 1880 192 1912 ii.
205 1883 235 1912 5.
251 1885 351 1923 patet.
386 1880 515 1911 Partem
527 1879 595 1922 ejus
608 1879 754 1923 priorem,
766 1892 838 1922 quae

160 1930 201 1962 ad
227 1930 338 1962 Thesea
361 1929 512 1972 pertinet,
539 1929 637 1961 habet
656 1930 790 1961 Heroid.
809 1942 840 1962 x.

159 1992 232 2024 quae
258 1980 393 2024 epistola
416 1979 534 2022 scripta
558 1979 686 2022 fingitur
710 1981 750 2012 ab
766 1980 839 2012 Ari-

160 2031 245 2064 adna
259 2031 293 2062 in
309 2031 400 2062 litore
416 2029 502 2062 Diae.
551 2029 671 2060 Corona
689 2035 737 2061 est
752 2029 841 2062 sidus

159 2082 289 2114 boreale
312 2091 410 2124 prope
426 2081 573 2112 Bootem.
622 2079 732 2111 Gnosis
746 2090 841 2111 voca-

161 2140 222 2169 tur,
246 2132 323 2175 quia
347 2131 468 2168 Minos,
487 2135 579 2173 pater
603 2129 769 2167 Ariadnae,
786 2141 841 2162 rex

161 2184 280 2220 Cretae,
306 2182 399 2225 cujus
435 2181 511 2212 urbs
540 2180 673 2212 Gnosus.
735 2179 840 2212 Etiam

161 2234 252 2276 Virg.
269 2234 388 2275 Georg.
404 2232 425 2264 i.
440 2233 517 2263 222.
537 2235 558 2249 “
575 2231 698 2263 Gnosia
721 2231 838 2262 arden-

577 2282 684 2313 Theseo
713 2283 842 2312 crimine

151 2335 247 2377 facta
279 2335 347 2366 Dea
373 2341 427 2371 est,
447 2334 534 2376 justo
556 2332 685 2365 brevius
707 2332 842 2363 dictum.

164 2385 316 2422 Ariadne,
332 2384 424 2427 cujus
443 2384 500 2415 illa
522 2383 603 2415 inter
619 2382 726 2414 sidera
740 2382 842 2414 relata

163 2445 278 2466 corona
302 2434 373 2471 fuit,
387 2434 504 2466 Thesei
519 2433 653 2465 crimine
667 2432 751 2464 facta
768 2433 843 2465 Dea

164 2492 223 2521 est,
243 2490 401 2527 quatenus
425 2484 568 2516 Theseus
589 2484 672 2515 hanc
693 2483 842 2514 comitem

162 2536 197 2567 in
208 2534 273 2567 Dia
287 2535 404 2573 insula,
417 2546 489 2577 quae
505 2534 606 2566 serius
620 2534 731 2565 Naxos
744 2532 842 2571 dicta,

163 2586 324 2618 deseruit:
351 2596 423 2627 quae
453 2595 551 2617 causa
575 2583 646 2621 fuit,
675 2594 732 2615 cur
757 2583 842 2615 Bac-

162 2635 242 2668 chus
266 2646 337 2667 eam
361 2635 502 2667 duceret.
547 2635 596 2665 Ea
621 2633 682 2665 suit
704 2632 844 2675 vulgaris

164 2685 302 2717 traditio.
348 2684 532 2717 Secundum
562 2685 750 2721 Homerum,
778 2683 842 2716 Od.

165 2741 207 2769 A.
218 2737 282 2768 320
292 2747 363 2778 sqq.
375 2736 429 2778 qui
444 2741 493 2767 est
509 2736 579 2766 fons
593 2733 721 2771 fabulae,
735 2734 843 2766 Diana

166 2786 331 2818 Ariadnen
345 2786 482 2818 detinuit
497 2785 528 2818 in
546 2785 601 2817 illa
617 2784 731 2822 insula,
745 2784 843 2816 ducta

896 1531 978 1571 juge
1007 1529 1163 1560 Bacchum
1203 1539 1270 1571 pro,
1315 1530 1476 1570 conjugem
1508 1527 1588 1559 Bac-

907 1580 972 1611 cho.
1009 1579 1119 1611 Solent
1134 1578 1219 1610 enim
1235 1583 1338 1621 poetae
1355 1579 1452 1610 verbo
1467 1585 1588 1609 mutare

908 1636 1051 1662 accusat.
1066 1629 1110 1662 rei
1127 1635 1282 1672 acceptae,
1298 1634 1331 1661 et
1352 1629 1452 1661 ablat.
1468 1629 1587 1661 relictae

910 1681 1040 1713 addere.
1090 1680 1206 1723 Legere
1221 1691 1277 1723 pro
1291 1681 1437 1723 relegere,
1452 1680 1538 1722 quod
1549 1679 1588 1711 de

908 1730 969 1762 hac
999 1729 1112 1762 eadem
1151 1740 1184 1761 re
1214 1731 1351 1761 Metam.
1381 1729 1469 1761 dicto
1498 1730 1593 1769 loc-03

908 1780 1033 1823 Hygin.
1045 1780 1173 1811 fab.42.
1189 1781 1295 1811 licium
1311 1780 1475 1811 revolvere.
1505 1779 1589 1811 Rem

908 1830 1009 1873 ipsam
1025 1829 1187 1872 ingeniose
1203 1829 1468 1871 circumloquitur
1487 1829 1590 1871 Epist.

909 1892 941 1912 x.
974 1881 1055 1911 104:
1092 1883 1114 1897 “
1133 1879 1204 1910 Fila
1232 1889 1288 1922 per
1318 1878 1475 1910 adductas
1504 1890 1589 1921 saepe

909 1936 1038 1972 recepta
1053 1928 1205 1960 manus.'’

955 1982 1034 2012 463.
1059 1980 1128 2012 Sors
1145 1981 1206 2012 tori
1227 1984 1331 2023 potest
1347 1990 1416 2011 esse
1430 1985 1462 2011 et
1478 1980 1588 2023 conju-

909 2031 997 2074 gium
1018 2036 1050 2063 et
1067 2030 1135 2073 ipse
1155 2031 1295 2074 conjux;
1320 2030 1364 2062 vi.
1382 2032 1437 2062 30.
1455 2031 1588 2062 Saturni

909 2093 971 2113 sors
996 2086 1044 2113 est
1073 2081 1177 2123 proles
1207 2080 1351 2112 Saturni.
1407 2081 1483 2113 Jam
1514 2080 1591 2113 Art.

911 2132 1022 2164 Amat.
1041 2131 1128 2163 dicto
1151 2131 1222 2163 loco
1242 2131 1326 2162 inter
1347 2130 1420 2162 illos
1443 2131 1537 2162 fletus
1558 2137 1591 2163 et

909 2181 1059 2225 querelas
1076 2187 1206 2224 repente
1228 2181 1320 2213 adest
1340 2180 1493 2212 Bacchus
1515 2191 1590 2213 cum

911 2232 1072 2275 tympanis
1089 2238 1122 2263 et
1142 2231 1312 2274 cymbalis,
1329 2231 1541 2274 querentique
1557 2237 1592 2262 et

910 2282 1096 2325 conjugium
1120 2287 1154 2313 et
1178 2281 1294 2312 caelum
1313 2281 1480 2324 promittit.
1518 2282 1591 2313 Nec

910 2343 1008 2369 mora,
1025 2331 1130 2363 currui
1151 2330 1331 2374 impositam
1347 2330 1451 2362 aufert
1465 2342 1589 2363 secum.

911 2383 1032 2415 Verum
1062 2381 1123 2413 hoc
1161 2381 1222 2414 loc.
1251 2385 1322 2424 post
1351 2381 1591 2413 matrimonium

911 2432 1027 2464 initum
1051 2431 1146 2463 Liber
1175 2431 1412 2474 expeditionem
1441 2431 1590 2462 Indicam

910 2482 1058 2525 suscipit.
1117 2482 1259 2522 Depeaus
1291 2482 1439 2518 crinibus,
1464 2479 1590 2518 comtis,

910 2532 1080 2575 diligenter
1109 2531 1293 2574 compositis
1322 2530 1458 2574 capillis.
1504 2532 1589 2562 Bac—

911 2582 991 2614 chus
1007 2583 1167 2626 εὐκόμης;
1186 2583 1326 2614 Metam.
1337 2581 1383 2613 iii.
1396 2582 1471 2612 421.
1487 2586 1508 2598 “
1520 2581 1592 2623 dig-

911 2644 969 2665 nos
997 2633 1128 2665 Baccho
1158 2632 1261 2664 crines
1273 2632 1305 2672 ;’'
1337 2638 1370 2664 et
1398 2643 1471 2663 eum
1496 2631 1590 2663 decet

914 2689 936 2702 “
962 2683 1111 2716 madidus
1143 2682 1272 2725 myrrha
1309 2682 1439 2719 crinis,'’
1468 2681 1590 2713 ibidem

913 2745 977 2765 ver.
993 2736 1071 2766 555.
1087 2732 1143 2765 ubi
1160 2733 1233 2765 vide
1248 2738 1368 2766 notam.

1046 2834 1075 2864 ‘U
