1830 3220
580 146 931 189 FAS'FORUM
964 145 1086 187 LIB.
1110 144 1190 188 VI.
1499 146 1586 188 347

162 267 259 315 Ars
285 267 407 315 mihi
430 283 530 314 non
556 265 682 314 tanti
710 272 815 314 est:
844 265 1030 321 valeas,
1060 279 1174 312 mea
1200 262 1339 321 tibia,
1367 262 1489 311 dixi.

232 345 439 410 Excipit
464 346 715 410 abjectam
741 345 935 409 cespite
962 343 1069 409 ripa
1094 360 1202 391 suo.

162 424 425 473 Inventam
455 423 668 490 Satyrus
694 423 912 488 primum
940 423 1176 481 miratur3
1221 428 1273 470 at
1296 438 1444 469 usum

231 503 429 559 Nescit,
457 509 509 550 et
534 502 758 550 inflatam
785 501 941 549 sentit
963 501 1150 549 habere
1177 516 1373 549 sonum.

163 581 231 630 Et
247 582 396 630 modo
417 581 626 630 dimittit
644 580 831 644 digitis,
852 580 1003 628 modo
1023 579 1244 645 concipit
1264 595 1439 638 auras;
1483 581 1580 627 705

229 661 451 727 Jamque
478 661 606 709 inter
634 660 904 726 Nymphas
932 667 1037 708 arte
1065 659 1315 724 superbus
1342 664 1465 706 erat.

162 740 414 789 Provocat
445 748 495 789 et
523 740 805 789 Phoebum:
849 739 1044 788 Phoebo
1084 744 1359 803 superante
1391 754 1582 802 pepen-

232 820 381 869 Ceesa
407 826 727 868 recesserunt
752 835 781 867 a
805 825 921 866 cute
948 817 1177 865 membra
1204 832 1311 864 sua.
1452 815 1579 879 [dit;

163 899 289 947 Sum
304 907 473 947 tamen
489 898 739 947 inventrix
756 905 1033 961 auctorque
1046 913 1140 960 ego
1156 894 1393 943 carminis
1404 895 1487 959 huj
1497 911 1581 942 us:

233 977 345 1026 Hoc
373 986 467 1035 est,
496 994 585 1026 cur
611 985 809 1025 nostros
838 993 916 1025 ars
943 976 1078 1023 colat
1104 975 1203 1023 ista
1227 975 1355 1023 dies.

1486 976 1585 1022 710

162 1056 385 1105 TERTIA
414 1058 502 1105 lux
528 1056 713 1114 veniat,
742 1073 843 1121 qua
869 1062 939 1113 tu,
972 1054 1175 1103 Dodoni
1200 1053 1431 1120 Thyene,

234 1137 408 1185 Stabis
434 1137 689 1201 Agenorei
716 1136 879 1184 fronte
905 1135 1127 1182 videnda
1152 1133 1311 1182 bovis.

123 1274 128 1278 ι
163 1215 289 1265 Haec
315 1224 395 1265 est
415 1216 501 1264 illa
525 1216 651 1274 dies,
680 1232 784 1280 qua
809 1223 862 1263 tu
889 1213 1186 1280 purgamina
1211 1212 1404 1270 Vestae,

231 1295 386 1354 Tibri,
415 1312 506 1360 per
529 1295 773 1343 Etruscas
800 1295 850 1342 in
877 1310 1015 1342 mare
1040 1292 1201 1341 mittis
1228 1308 1404 1356 aquas.

165 1373 226 1421 SI
260 1391 374 1426 QUA
394 1374 520 1422 fides
536 1374 723 1433 ventis3
749 1373 983 1438 Zephyro
1000 1372 1119 1420 date
1140 1371 1370 1428 carbasa,
1393 1375 1586 1418 nautae:

236 1453 364 1502 Cras
389 1455 560 1502 veniet
585 1452 765 1502 vestris
792 1452 876 1501 ille
904 1451 1159 1500 secundus
1186 1449 1349 1514 aquis.

1493 1451 1591 1496 716

162 1533 243 1581 AT
272 1550 458 1582 PATER
486 1533 762 1583 Heliadum
788 1532 952 1581 radios
979 1531 1066 1579 ubi
1092 1529 1303 1579 tinxerit
1328 1528 1496 1587 undis,

235 1617 302 1666 Et
325 1619 495 1682 cinget
521 1618 749 1682 geminos
776 1617 925 1666 stella
951 1632 1131 1664 serena
1154 1614 1328 1680 polos;

210 1718 285 1749 702.
302 1720 420 1759 Algjecit
440 1717 552 1749 tibiam
578 1718 619 1749 ad
640 1718 758 1750 fontem
774 1718 841 1749 Idae

163 1769 291 1806 montis,
322 1775 354 1801 et
380 1769 474 1801 simul
505 1769 680 1811 imprecata
707 1775 766 1805 est,
796 1774 841 1805 ut,

164 1818 310 1862 quisquis
331 1829 402 1850 eam
428 1818 620 1856 sustulisset,
648 1818 736 1860 gravi
763 1818 842 1850 adfi-

164 1875 289 1901 ceretur
301 1870 477 1912 supplici03
493 1869 566 1900 vide
580 1870 744 1912 Hyginum
757 1869 842 1901 dicto

163 1920 245 1952 loco.
301 1920 438 1951 Putean.
474 1925 506 1951 et
544 1920 664 1951 Douzae
702 1927 843 1963 excerpt.

165 1973 291 2011 ejectam
312 1981 425 2013 nempe
451 1981 554 2013 aqua:
582 1971 676 2002 male.
723 1971 844 2012 Satyris

166 2021 394 2053 adnumeratur
432 2023 581 2063 Marsyas
617 2027 748 2064 pastor3
771 2021 843 2053 vide

165 2082 222 2102 nos
250 2071 291 2103 ad
321 2071 487 2109 Ovidium,
518 2073 601 2103 Met.
633 2071 677 2103 vi.
707 2073 782 2104 382.
812 2079 844 2103 et

165 2122 318 2154 Munker.
331 2122 371 2154 ad
383 2122 547 2165 Hyginum
564 2122 650 2154 dicto
664 2122 747 2154 loco.
780 2123 844 2155 Lu-

165 2183 218 2203 sus
234 2172 373 2204 tibicinis
389 2174 471 2204 bene
489 2173 688 2205 describitur.
729 2174 843 2205 Dimit-

164 2229 227 2253 tere
243 2228 291 2254 est
308 2222 464 2255 emittere.
509 2224 649 2265 Concipit
665 2234 757 2255 auras
771 2235 842 2266 pro-

165 2272 232 2315 prie
257 2273 336 2305 tibia
353 2273 434 2316 ipsa,
451 2273 528 2305 dum
549 2273 689 2311 inflatur,
706 2280 741 2305 ut
762 2275 843 2307 Met.

165 2323 188 2354 i.
207 2323 292 2354 337:
320 2323 472 2361 Buccina,
497 2336 561 2366 quae
586 2326 683 2356 medio
708 2328 843 2365 concepit

166 2379 203 2403 ut
219 2384 291 2404 aera
305 2380 409 2414 ponto.
455 2373 540 2405 Hinc
556 2373 653 2406 etiam
669 2374 709 2406 de
725 2375 844 2407 artifice

166 2421 294 2461 dicitur,
324 2429 360 2455 ut
386 2425 465 2456 adeo
491 2424 576 2456 idem
596 2425 660 2456 fere
680 2425 732 2461 sit,
759 2424 843 2466 quod

166 2475 348 2514 comprimit,
365 2474 451 2517 quod
466 2480 498 2506 et
515 2474 620 2517 ipsum
643 2475 846 2506 Burmannus

168 2524 337 2556 suadebat.
387 2525 553 2566 pependit,
585 2536 699 2568 nempe
728 2525 848 2567 ligatus

170 2574 211 2606 ad
228 2575 393 2614 arborem3
415 2575 488 2607 vide
505 2576 546 2607 ad
562 2577 698 2608 Metam.
709 2575 753 2607 vi.
770 2577 847 2607 387.

169 2625 224 2657 ubi
242 2625 365 2657 foedum
391 2626 476 2658 istud
499 2626 690 2669 supplicium
707 2625 850 2667 pluribus

167 2676 369 2708 describitur.
418 2678 561 2714 Carmen,
575 2683 688 2708 cantus
704 2675 802 2713 tibiae,
818 2682 851 2708 ut

169 2726 205 2756 ii.
231 2727 284 2757 84.
304 2727 396 2768 lyrae.
444 2728 533 2758 Colat
559 2729 634 2764 dies,
661 2725 850 2758 adhiheatur

172 2776 211 2808 ad
227 2777 434 2809 celebrandos
449 2777 519 2809 illos
535 2777 614 2810 dies.

955 1717 1029 1747 711.
1054 1715 1168 1746 XVII.
1192 1714 1350 1745 Kalendas
1371 1714 1478 1745 Julias
1501 1720 1587 1745 ortus

913 1767 1072 1808 Hyadum,
1093 1765 1133 1797 de
1157 1764 1273 1808 quibus
1289 1776 1318 1795 v.
1338 1765 1399 1796 164
1420 1775 1494 1807 sqq.
1521 1765 1591 1806 Hy-

912 1817 989 1849 adas
1020 1815 1223 1858 Pherecydes
1241 1816 1415 1846 Dodonides
1438 1814 1596 1857 nymphas

909 1878 978 1899 esse
1003 1866 1141 1902 dixerat,
1175 1865 1298 1897 Bacchi
1330 1865 1488 1904 nutrices;
1517 1865 1590 1896 vide

910 1919 1106 1949 Munkerum
1134 1916 1175 1948 ad
1193 1915 1370 1958 Hyginum,
1388 1916 1453 1947 fab.
1474 1916 1547 1946 182.
1563 1923 1595 1946 et

911 1969 1003 2000 Poet.
1032 1968 1164 1998 Astron.
1186 1966 1220 1998 ii.
1244 1967 1298 1998 21.
1323 1966 1377 1997 ubi
1404 1976 1511 1997 earum
1539 1976 1595 1996 no-

912 2018 1010 2055 mina,
1035 2018 1067 2048 in
1097 2017 1214 2060 quibus
1239 2016 1372 2058 Thyene.
1418 2016 1597 2058 Agenoreus

912 2071 971 2106 bos,
996 2076 1115 2105 taurus,
1138 2067 1192 2110 qui
1210 2064 1296 2099 vexit
1316 2067 1487 2109 Europam,
1509 2066 1595 2109 Age-

914 2120 996 2151 noris
1012 2119 1121 2156 filiam,
1138 2125 1170 2150 et
1192 2123 1303 2161 postea
1324 2117 1405 2148 inter
1424 2116 1528 2148 sidera
1548 2128 1595 2148 re-

911 2171 997 2202 latus
1011 2175 1071 2206 est,
1087 2169 1145 2206 ita,
1163 2174 1199 2200 ut
1214 2167 1347 2211 Hyades
1361 2167 1511 2210 infronte
1526 2168 1596 2210 ejus

913 2227 1111 2264 appareant3
1135 2221 1222 2262 Hyg.
1243 2220 1333 2251 Poet.
1345 2218 1475 2250 Astron.
1493 2218 1524 2249 ii.
1537 2220 1593 2250 21.

912 2272 963 2303 De
972 2283 1013 2312 pu
1020 2272 1210 2315 rgamz'nz‘bus
1225 2271 1318 2302 Vestae
1330 2269 1402 2301 vide
1412 2280 1508 2312 supra
1520 2271 1597 2307 227,

958 2322 1032 2353 715.
1059 2321 1158 2353 XVI.
1175 2320 1332 2352 Kalendas
1350 2320 1481 2351 Favonii
1496 2327 1593 2356 ortus,

913 2382 1009 2415 quem
1035 2370 1092 2402 alii
1122 2369 1269 2413 sequenti
1298 2369 1363 2402 diei
1389 2369 1596 2410 tribuebant3

915 2421 1106 2458 Columella,
1133 2421 1167 2453 ii.
1197 2421 1261 2452 21:
1301 2424 1321 2438 “
1339 2419 1511 2456 Favonius,
1542 2420 1598 2462 qui

913 2472 997 2503 lenis
1010 2471 1210 2514 aequalisque
1222 2469 1342 2502 aestivis
1351 2470 1516 2501 mensibus
1528 2480 1599 2513 per-

917 2522 1014 2553 flat.'’

963 2573 1038 2604 717.
1065 2572 1161 2603 Nocte
1184 2572 1353 2613 insequenti
1371 2570 1464 2601 Orion
1483 2571 1597 2600 oritur.

918 2624 971 2655 De
990 2623 1109 2665 Hyrieo
1123 2622 1196 2653 vide
1212 2633 1242 2654 v.
1260 2622 1323 2653 493
1337 2631 1408 2663 sqq.
1439 2620 1516 2650 Post
1529 2630 1597 2651 ver-

919 2685 989 2706 sum
1005 2675 1080 2705 718.
1104 2672 1231 2715 plurimi
1254 2672 1348 2703 MSS.
1365 2676 1397 2702 et
1422 2669 1498 2701 edd.
1516 2668 1599 2700 inse-

918 2730 993 2755 runt
1012 2723 1072 2755 hoc
1096 2722 1274 2754 distichon:
1308 2721 1390 2751 Nam
1417 2721 1478 2750 dno
1504 2725 1575 2749 sunt
1590 2732 1598 2748 .-

918 2775 1031 2805 austris
1055 2775 1103 2805 hic
1126 2779 1180 2809 est,
1197 2772 1390 2813 aquilonibus
1412 2770 1464 2801 ille
1483 2769 1595 2800 Prmi-
