1809 3220
739 433 1154 476 FRAGMENTA

420 571 704 620 PUBLII
755 570 1026 619 OVIDII
1077 569 1458 618 NASONIS.

751 835 846 876 EX
881 835 1120 876 MEDEA.

231 924 750 988 QUINTILIANUS,
781 940 852 982 lib.
879 942 963 982 viii.
988 956 1081 996 cap.
1101 942 1152 983 5:
1185 941 1301 983 Nam
1325 954 1458 996 quum
1483 940 1538 980 sit
1558 953 1649 981 rec-

230 1019 334 1060 tum,
357 1025 515 1053 nocere
537 1010 664 1051 facile
682 1017 761 1058 est,
787 1011 989 1065 prodesse
1008 1010 1195 1059 difficile,
1215 1009 1514 1051 vehementius
1533 1007 1648 1063 apud

231 1080 438 1122 Ovidium
464 1080 624 1121 Medea
646 1080 774 1121 dicit:

389 1165 551 1204 Servare
570 1165 692 1216 potui,
713 1164 875 1215 perdere
894 1178 944 1202 an
963 1165 1102 1216 possim
1122 1167 1259 1216 rogas?

233 1229 358 1277 Item,

390 1297 508 1336 Feror
526 1297 601 1335 huc
621 1296 728 1342 illuc,
749 1304 794 1335 ut
814 1297 930 1348 plena
949 1298 1045 1336 Deo.

811 1356 915 1398 SEN‘.
938 1361 1091 1399 Suasor.
1112 1361 1166 1398 iii.

616 1481 707 1522 EX
742 1481 985 1523 EPIGRA
994 1480 1257 1522 MMATIS.

386 1568 466 1604 Cur
485 1579 555 1616 ego
574 1579 650 1604 non
670 1566 808 1611 dicam,
832 1565 963 1610 Furia,
984 1574 1024 1604 te
1043 1566 1213 1603 furiam?

810 1629 911 1667 ΕΑΒ.
931 1630 998 1669 lib.
1020 1631 1070 1668 ix.
1092 1644 1174 1681 cap.
1196 1630 1233 1667 3.

230 1695 356 1742 Item,

387 1762 502 1807 Ride,
523 1764 555 1800 si
576 1763 691 1814 sapis,
713 1777 735 1801 o
753 1763 907 1814 puella!
938 1763 1033 1802 ride.

386 1826 584 1876 Pelignus,
606 1833 714 1877 puto,
736 1826 887 1864 dixerat
906 1833 1031 1878 poeta.

810 1889 959 1926 MART.
978 1889 1044 1927 lib.
1063 1889 1102 1927 ii.
1125 1889 1242 1941 Epig.
1257 1888 1321 1927 41.

231 1955 357 2003 Item,

385 2023 504 2062 Larte
523 2023 629 2061 ferox
650 2036 745 2060 caeso
765 2022 906 2060 Cossus
925 2023 1052 2074 opima
1071 2023 1175 2061 tulit.

818 2085 961 2123 Pmsc.
983 2085 1049 2124 lib.
1067 2100 1101 2123 v.

638 2195 731 2236 EX
766 2195 1238 2237 PHAENOMENIS.

389 2288 466 2325 Tot
486 2301 658 2331 numero,
678 2286 825 2337 talique
847 2286 955 2325 Deus
975 2287 1178 2326 simulacra
1197 2287 1319 2339 figura

391 2351 580 2402 Imposuit
599 2351 690 2389 caelo
706 2366 713 2387 :
746 2364 889 2402 perque
910 2358 1011 2389 atras
1030 2365 1159 2402 sparsa
1178 2351 1357 2389 tenebras

390 2414 504 2452 Clara
523 2415 711 2466 pruinosae
726 2415 843 2465 jussit
863 2415 954 2452 dare
975 2415 1123 2452 lumina
1142 2415 1254 2453 nocti.

716 2478 933 2515 LAc'rAN'r.
954 2478 1019 2515 lib.
1042 2478 1079 2515 ii.
1097 2478 1144 2516 de
1164 2478 1273 2528 Orig.
1296 2477 1383 2515 ΕΠ·-
1403 2492 1485 2530 cap.
1505 2478 1541 2515 5.

395 2551 569 2589 Pleiades
589 2559 678 2588 ante
697 2565 798 2600 genu
819 2560 967 2603 septem
990 2551 1137 2590 radiare
1158 2552 1350 2595 feruntur,

392 2616 468 2654 Sex
489 2623 640 2654 tantum
661 2623 868 2666 apparent:
891 2616 962 2653 sub
980 2630 1096 2666 opaca
1115 2617 1279 2667 septima
1298 2617 1400 2654 nube
1420 2623 1489 2654 est.

632 2678 814 2721 pannus,
833 2679 870 2715 in
892 2679 1081 2727 Georgica
1099 2678 1268 2728 Virgilii,
1292 2679 1329 2716 in
1349 2679 1460 2729 cujus
1480 2678 1648 2730 vulgatis

683 2741 789 2779 libris
809 2742 847 2779 hi
869 2756 1000 2780 versus
1019 2742 1323 2793 depravatissimi
1345 2742 1540 2793 leguntur.
