1830 3220
569 165 922 210 FASTORUM
955 167 1078 209 LIB.
1112 167 1197 209 VI.

1513 169 1601 212 325

177 282 231 330 Si
259 289 446 340 tamen,
475 291 531 331 ut
556 284 768 333 referam
795 286 1013 334 breviter
1037 286 1173 334 mala
1190 287 1371 350 juncta
1396 287 1594 351 pudori,

244 360 452 426 Exigis:
495 362 680 427 Alpino
708 363 874 412 Roma
899 365 994 412 sub
1020 365 1168 412 hoste
1187 366 1345 429 jacet.

176 438 303 488 Haec
329 449 423 498 est,
451 441 534 489 cui
560 441 723 490 fuerat
747 444 997 507 promissa
1023 444 1253 508 potentia
1277 460 1462 500 rerum,

243 517 479 584 Jupiter?
518 520 649 569 hanc
675 521 821 569 terris
848 522 1175 586 impositurus
1201 522 1351 570 eras?

1502 524 1603 569 360

174 595 397 661 Jamque
426 598 778 656 Suburbanos‚
802 599 1125 664 Etruscaque
1152 600 1386 648 contudit
1410 616 1565 648 arma.

247 675 379 740 Spes
406 684 515 725 erat
539 678 590 725 in
614 694 796 726 cursu:
838 695 973 726 nunc
1003 677 1128 726 Lare
1156 678 1304 742 pulsa
1327 695 1419 726 suo
1446 685 1542 726 est.

179 754 411 803 Vidimus
437 763 658 813 ornatos,
687 763 844 804 aerata
867 773 958 821 per
983 756 1125 812 atria,
1154 757 1292 821 picta

246 832 419 890 Veste,
447 834 780 899 triumphales
807 836 1113 883 occubuisse
1140 851 1306 883 senes.

178 911 410 960 Vidimus
439 913 609 962 Iliacae
635 914 893 962 transferri
921 915 1134 979 pignora
1158 915 1332 962 Vestae

1504 917 1603 962 365

249 991 413 1040 Sede:
455 1000 637 1057 putant
662 994 865 1057 aliquos
892 993 1089 1042 scilicet
1114 1009 1228 1042 esse
1255 993 1396 1041 deos.

179 1069 247 1117 At
272 1070 313 1117 si
339 1071 668 1136 respicerent,
697 1088 800 1136 qua
826 1089 910 1120 vos
937 1071 1178 1120 habitatis
1205 1071 1256 1119 in
1282 1088 1413 1128 arce,

247 1147 449 1214 Totque
474 1150 653 1199 domos
677 1159 873 1199 vestras
899 1150 1164 1200 obsidione
1191 1151 1380 1215 premi;

224 1320 302 1351 359.
327 1319 390 1350 Illa
408 1322 552 1360 promissa
573 1323 710 1360 potentia
726 1321 823 1352 etiam
838 1321 860 1352 i.

180 1370 266 1409 517;
290 1371 373 1401 Met.
393 1369 427 1401 ii.
447 1371 524 1402 259.
546 1370 694 1402 occurrit.
742 1370 861 1402 Confer

182 1419 364 1461 Virgilium,
379 1419 512 1451 AEneid.
527 1419 550 1451 i.
563 1420 626 1451 257
645 1431 714 1463 sqq.
740 1420 861 1461 Imponi

179 1469 220 1501 de
250 1469 405 1508 dominis;
440 1469 562 1506 Livius,
595 1470 660 1502 xlv.
688 1471 751 1502 36:
789 1472 859 1502 “Si

179 1519 300 1551 domini
310 1519 426 1551 milites
439 1519 684 1562 imperatoribus
693 1520 859 1563 imponan—

179 1569 264 1601 tur.'’
311 1570 408 1606 Lare,
441 1570 518 1602 sede
547 1581 616 1607 sua,
648 1570 755 1602 deleta
782 1571 859 1603 urbe

181 1619 298 1651 Roma.

224 1671 302 1702 363.
319 1670 419 1706 Galli,
436 1682 536 1713 quum
560 1671 591 1702 in
615 1671 727 1702 urbem
747 1670 858 1702 defen-

180 1720 303 1752 soribus
318 1720 438 1751 nudam
451 1726 682 1763 penetrassent,
692 1721 725 1752 in
741 1721 859 1753 aedium

181 1770 347 1803 vestibulis
375 1771 524 1803 sedentes
554 1777 738 1814 repererunt
768 1782 859 1804 senes

180 1821 367 1853 consulares
405 1828 438 1853 et
483 1821 703 1864 triumphaleS,
742 1833 858 1864 eosque

181 1871 360 1914 splendidis
385 1871 527 1903 vestibus
555 1876 694 1908 ornatos,
723 1882 803 1914 quos
828 1872 862 1903 in

181 1921 313 1952 sedibus
329 1920 395 1952 suis
410 1920 675 1960 trucidaverunt3
698 1921 821 1959 Livius,
831 1933 862 1952 v.

180 1972 233 2002 41.
283 1971 468 2003 Secundum
499 1971 706 2003 Plutarchum
737 1971 769 2002 in
799 1972 862 2004 Ca-

182 2021 282 2058 millo,
305 2022 346 2052 21
371 2026 404 2053 et
426 2023 481 2052 22.
507 2021 541 2052 id
568 2022 689 2053 factum
715 2022 748 2053 in
775 2022 862 2062 foro3

183 2071 269 2114 apud
284 2071 425 2109 Florum,
440 2072 462 2103 i.
480 2073 533 2103 13.
549 2072 582 2103 in
607 2072 673 2103 foro
688 2072 746 2103 viri
761 2072 809 2103 illi
828 2083 862 2104 se

183 2121 246 2153 diis
260 2121 417 2153 Manibus
428 2127 616 2153 consecrant
628 2133 637 2160 ;
652 2121 727 2153 inde
744 2122 776 2153 in
790 2133 864 2154 suas

183 2171 320 2214 quisque
342 2171 428 2203 aedes
447 2171 579 2214 regressi
599 2171 633 2203 in
655 2171 741 2203 sellis
757 2172 864 2204 curili-

184 2223 244 2253 bus
270 2221 452 2254 considunt.
486 2222 528 2253 Et
552 2224 637 2253 atria
657 2227 689 2253 et
705 2222 865 2254 vestibula

184 2272 297 2304 Livius
326 2272 360 2303 in
389 2272 449 2303 hac
476 2283 508 2303 re
540 2278 705 2303 memorat.
750 2273 865 2303 AErata

185 2321 268 2354 atria
282 2322 456 2365 explicant,
469 2321 503 2353 in
513 2321 630 2364 quibus
641 2328 754 2354 statuae
766 2333 864 2354 aeneae

186 2372 362 2416 dispositae.
414 2372 499 2402 Mihi
528 2371 653 2404 Heinsii
680 2372 866 2415 conjectura

187 2423 306 2466 placet,
322 2429 480 2460 reserata5
504 2422 622 2454 etenim
646 2422 757 2454 Livius
780 2423 866 2454 dicto

185 2475 269 2511 loco,
290 2474 432 2514 patentia
457 2475 541 2504 atria
566 2474 744 2513 principum
756 2484 767 2510 ‚·
793 2473 865 2504 Flo-

188 2536 242 2556 rus
257 2530 396 2565 patentes
417 2525 516 2555 domos
529 2535 540 2561 ,·
564 2523 714 2555 Valerius
729 2524 867 2555 Maxim.

189 2574 235 2606 iii.
255 2575 328 2606 ll7.
343 2581 466 2615 apertas
479 2576 601 2614 januas
619 2573 728 2605 habet.
770 2574 869 2605 Vestes

189 2635 298 2658 eorum
314 2623 480 2655 Plutarch.
496 2629 590 2655 vocat
604 2622 693 2666 ἱερὰς
708 2624 763 2655 καὶ
777 2624 864 2666 λαμ-

190 2676 300 2718 πρὰς;
335 2675 447 2706 Florus
473 2675 615 2711 trabeas;
649 2673 772 2710 Livius,
803 2686 866 2715 quae

188 2727 408 2769 angustissima
430 2726 517 2756 vestis
531 2731 574 2756 est
591 2725 710 2756 thensas
724 2727 867 2757 ducenti-

189 2778 244 2808 bus
263 2776 572 2816 triumphantibusve,
593 2786 628 2806 ea
651 2776 751 2807 vestiti
773 2776 868 2806 medio

928 1322 1039 1352 (edium
1054 1322 1155 1352 sedere
1167 1332 1177 1359 ,-
1202 1331 1240 1352 ea
1255 1326 1323 1352 erat
1338 1331 1511 1364 purpurea,
1529 1331 1606 1354 auro

929 1371 1052 1402 intexto
1074 1372 1158 1411 picta
1174 1382 1184 1407 ,·
1210 1371 1295 1401 Plin.
1311 1370 1378 1402 viii.
1400 1372 1441 1402 48
1457 1383 1465 1410 ;
1489 1372 1532 1402 ix.
1548 1373 1604 1403 60.

973 1421 1049 1452 365.
1080 1420 1272 1451 Plutarchus
1300 1420 1333 1451 in
1362 1420 1514 1457 Camillo,
1538 1422 1603 1453 20:

928 1471 972 1502 Τὸ
990 1472 1058 1511 πῦρ
1075 1473 1138 1509 τῆς
1150 1469 1286 1508 Ἑστίας
1302 1469 1335 1501 αἱ
1352 1468 1513 1512 παρθένοι
1526 1472 1607 1513 μετὰ

931 1524 998 1553 τῶν
1017 1520 1110 1563 ἰερῶν
1125 1519 1365 1563 ἁρπασάμεναι
1380 1520 1513 1563 ἔφυγον.
1551 1522 1608 1553 Sa-

929 1581 984 1602 cra
999 1570 1237 1612 religiosissima
1253 1578 1320 1602 tum
1337 1570 1452 1613 partim
1468 1571 1500 1602 in
1517 1571 1610 1603 doliis

930 1621 1070 1657 defossa,
1100 1620 1217 1663 partim
1255 1620 1406 1663 plaustris
1444 1621 1612 1664 deportata

929 1676 1026 1709 sunt;
1059 1670 1182 1709 Livius,
1206 1682 1239 1701 v.
1271 1671 1332 1709 40;
1364 1670 1488 1707 Florus,
1510 1671 1532 1704 i.
1557 1673 1609 1703 13.

930 1720 1035 1751 Etiam
1059 1726 1131 1763 post
1152 1722 1220 1752 deos
1241 1720 1367 1762 signum
1394 1721 1610 1763 interrogandi

929 1770 1064 1806 mutavi,
1082 1775 1115 1801 et
1134 1771 1250 1801 scilicet
1271 1769 1463 1812 capiendum
1488 1776 1524 1802 ut
1539 1782 1609 1803 ver.

930 1822 1005 1852 355.
1043 1821 1114 1852 Hoc
1133 1821 1192 1852 sibi
1211 1821 1300 1852 vult:
1327 1820 1416 1852 stulti
1437 1821 1485 1852 illi
1503 1821 1609 1854 adhuc

931 1877 1047 1913 putant
1070 1871 1147 1902 deos
1170 1882 1229 1902 esse
1251 1872 1377 1912 aliquos,
1394 1870 1450 1913 qui
1466 1871 1530 1902 vim
1553 1871 1611 1904 ha-

931 1922 1028 1952 beant
1043 1927 1076 1952 et
1087 1931 1196 1952 curam
1208 1927 1321 1963 gerant
1335 1931 1438 1952 rerum
1453 1920 1612 1954 humana-

931 1982 1019 2010 rum3
1046 1972 1185 2003 Metam.
1211 1971 1254 2002 vi.
1279 1972 1364 2003 542:
1403 1976 1424 1989 “
1441 1971 1474 2002 Si
1503 1979 1612 2005 tamen

933 2021 1001 2053 haec
1016 2022 1128 2064 Superi
1142 2027 1277 2053 cernunt
1290 2034 1298 2061 3
1314 2022 1339 2053 si
1356 2022 1487 2054 numina
1501 2022 1611 2054 divum

932 2073 1013 2104 Sunt
1042 2072 1200 2115 aliquid.”
1246 2072 1354 2114 AEque
1386 2077 1471 2104 recte
1501 2079 1613 2108 autem

932 2122 1049 2154 dicitur
1064 2124 1206 2164 aliquem,
1223 2133 1261 2154 ac
1279 2124 1399 2164 aliquid
1418 2133 1486 2155 esse
1506 2123 1546 2155 de
1562 2124 1613 2162 iis,

932 2171 988 2214 qui
1024 2172 1183 2214 potentia,
1224 2172 1392 2214 dignitate.
1423 2173 1612 2206 auctoritate

933 2222 1054 2254 valent.
1080 2223 1151 2258 Qua
1166 2234 1214 2254 vos
1227 2223 1383 2260 habitatis,
1401 2223 1612 2266 Capitolium,

933 2272 989 2304 ubi
1017 2283 1073 2303 vos
1102 2272 1213 2303 multis
1241 2273 1369 2315 templis
1392 2279 1424 2304 et
1449 2273 1512 2305 aris
1533 2274 1610 2306 coli-

934 2323 1022 2354 mini.
1060 2323 1184 2354 Omnes
1207 2322 1272 2354 fere
1292 2322 1337 2354 dii
1352 2323 1397 2355 ibi
1413 2324 1611 2362 colebantur,

935 2378 967 2403 et
985 2372 1054 2415 jam
1080 2372 1137 2403 illo
1163 2372 1232 2415 ipso
1260 2378 1420 2415 tempore;
1449 2373 1536 2416 apud
1558 2374 1612 2405 Li-

937 2422 1034 2459 vium,
1063 2421 1106 2454 vi.
1139 2423 1191 2454 16.
1218 2422 1383 2462 Man1ius3
1421 2427 1442 2440 ‘¹
1470 2423 1610 2467 Jupiter,

935 2473 1087 2515 Junoque
1110 2472 1232 2515 regina,
1254 2483 1292 2504 ac
1315 2473 1476 2511 Minerva,
1493 2474 1613 2506 caeteri-

936 2533 1000 2565 que
1023 2523 1068 2554 dii
1091 2522 1236 2565 (leaeque,
1261 2523 1316 2565 qui
1343 2523 1539 2566 Capitolium
1564 2535 1613 2556 ar·

936 2583 1071 2616 cernque
1101 2573 1273 2605 iucolitis.''
1322 2573 1380 2604 Nil
1406 2577 1469 2614 opis
1493 2585 1551 2605 esse
1578 2576 1612 2606 z'n

934 2635 1024 2660 cura,
1041 2633 1104 2654 non
1124 2633 1218 2665 opem
1240 2633 1309 2654 esse
1328 2623 1576 2666 exspectandam
1592 2634 1613 2656 a

935 2684 1023 2705 cura.
1072 2673 1157 2704 Tura
1184 2675 1296 2714 perire,
1327 2673 1442 2705 frustra
1466 2673 1612 2712 accendi,

935 2735 1032 2755 manu
1052 2724 1197 2760 sollicita,
1213 2733 1310 2754 mauu
1328 2723 1492 2755 hominum
1506 2722 1547 2755 de
1561 2734 1612 2755 sa-

935 2774 1003 2806 lute
1020 2784 1079 2805 sua
1093 2772 1310 2805 sollicitorum.
