<?xml version="1.0" encoding="UTF-8"?>
<!DOCTYPE html PUBLIC "-//W3C//DTD XHTML 1.0 Transitional//EN"
    "http://www.w3.org/TR/xhtml1/DTD/xhtml1-transitional.dtd">
<html xmlns="http://www.w3.org/1999/xhtml" xml:lang="en" lang="en">
 <head>
  <title>
</title>
<meta http-equiv="Content-Type" content="text/html;charset=utf-8" />
  <meta name='ocr-system' content='tesseract 3.04.00' />
  <meta name='ocr-capabilities' content='ocr_page ocr_carea ocr_par ocr_line ocrx_word'/>
</head>
<body>
  <div class='ocr_page' id='page_1' title='image "./povidiinasonisop05oviduoft_0387.png"; bbox 0 0 1830 3220; ppageno 0'>
   <div class='ocr_carea' id='block_1_1' title="bbox 634 164 1650 207">
    <p class='ocr_par' dir='ltr' id='par_1_1' title="bbox 634 164 1650 207">
     <span class='ocr_line' id='line_1_1' title="bbox 634 164 1650 207; baseline -0.004 0"><span class='ocrx_word' id='word_1_1' title='bbox 634 165 705 207; x_wconf 93' lang='lat' dir='ltr'>IN</span> <span class='ocrx_word' id='word_1_2' title='bbox 740 165 957 207; x_wconf 89' lang='lat' dir='ltr'>OVIDII</span> <span class='ocrx_word' id='word_1_3' title='bbox 992 164 1247 207; x_wconf 85' lang='lat' dir='ltr'>FASTOS.</span> <span class='ocrx_word' id='word_1_4' title='bbox 1562 165 1650 207; x_wconf 75' lang='lat'>359</span> 
     </span>
    </p>
   </div>
   <div class='ocr_carea' id='block_1_2' title="bbox 218 280 1656 2436">
    <p class='ocr_par' dir='ltr' id='par_1_2' title="bbox 218 280 1653 757">
     <span class='ocr_line' id='line_1_2' title="bbox 227 280 1649 339; baseline 0.001 -18"><span class='ocrx_word' id='word_1_5' title='bbox 227 280 299 336; x_wconf 89' lang='lat' dir='ltr'>lip.</span> <span class='ocrx_word' id='word_1_6' title='bbox 323 281 366 322; x_wconf 89' lang='lat' dir='ltr'>ii.</span> <span class='ocrx_word' id='word_1_7' title='bbox 384 281 478 333; x_wconf 79' lang='lat'>34.)</span> <span class='ocrx_word' id='word_1_8' title='bbox 498 281 539 322; x_wconf 91' lang='lat' dir='ltr'>ei</span> <span class='ocrx_word' id='word_1_9' title='bbox 561 281 723 338; x_wconf 89' lang='lat' dir='ltr'>objicit,</span> <span class='ocrx_word' id='word_1_10' title='bbox 743 283 784 323; x_wconf 87' lang='lat' dir='ltr'>in</span> <span class='ocrx_word' id='word_1_11' title='bbox 806 283 928 325; x_wconf 81' lang='lat' dir='ltr'>fastis</span> <span class='ocrx_word' id='word_1_12' title='bbox 950 285 1004 325; x_wconf 90' lang='lat' dir='ltr'>ad</span> <span class='ocrx_word' id='word_1_13' title='bbox 1031 283 1289 339; x_wconf 87' lang='lat' dir='ltr'>Lupercalia</span> <span class='ocrx_word' id='word_1_14' title='bbox 1310 281 1494 324; x_wconf 83' lang='lat' dir='ltr'><strong>adscribi</strong></span> <span class='ocrx_word' id='word_1_15' title='bbox 1508 282 1649 337; x_wconf 89' lang='lat' dir='ltr'>jusse-</span> 
     </span>
     <span class='ocr_line' id='line_1_3' title="bbox 226 351 1651 409; baseline 0.001 -18"><span class='ocrx_word' id='word_1_16' title='bbox 226 356 314 392; x_wconf 85' lang='lat' dir='ltr'>rat:</span> <span class='ocrx_word' id='word_1_17' title='bbox 354 351 404 393; x_wconf 82' lang='lat' dir='ltr'>C.</span> <span class='ocrx_word' id='word_1_18' title='bbox 430 351 612 401; x_wconf 69' lang='lat' dir='ltr'>Caesari,</span> <span class='ocrx_word' id='word_1_19' title='bbox 632 352 841 394; x_wconf 78' lang='lat' dir='ltr'><em>dictatori</em></span> <span class='ocrx_word' id='word_1_20' title='bbox 856 360 1081 409; x_wconf 77' lang='lat' dir='ltr'>perpetuo,</span> <span class='ocrx_word' id='word_1_21' title='bbox 1105 354 1170 395; x_wconf 90' lang='grc' dir='ltr'>Μ.</span> <span class='ocrx_word' id='word_1_22' title='bbox 1189 353 1427 396; x_wconf 80' lang='lat' dir='ltr'>Antonium</span> <span class='ocrx_word' id='word_1_23' title='bbox 1446 352 1651 393; x_wconf 82' lang='lat' dir='ltr'>consulem</span> 
     </span>
     <span class='ocr_line' id='line_1_4' title="bbox 218 421 1651 479; baseline 0.001 -18"><span class='ocrx_word' id='word_1_24' title='bbox 218 421 374 475; x_wconf 81' lang='lat' dir='ltr'>populi</span> <span class='ocrx_word' id='word_1_25' title='bbox 388 422 533 476; x_wconf 81' lang='lat' dir='ltr'>jussu,</span> <span class='ocrx_word' id='word_1_26' title='bbox 556 437 730 479; x_wconf 73' lang='lat' dir='ltr'>reqnum</span> <span class='ocrx_word' id='word_1_27' title='bbox 761 422 972 472; x_wconf 78' lang='lat' dir='ltr'>detulisse,</span> <span class='ocrx_word' id='word_1_28' title='bbox 1002 424 1216 466; x_wconf 79' lang='lat' dir='ltr'>Caesarem</span> <span class='ocrx_word' id='word_1_29' title='bbox 1243 423 1310 464; x_wconf 79' lang='lat' dir='ltr'>uti</span> <span class='ocrx_word' id='word_1_30' title='bbox 1338 422 1544 469; x_wconf 78' lang='lat' dir='ltr'>noluisse‚·</span> <span class='ocrx_word' id='word_1_31' title='bbox 1577 423 1651 477; x_wconf 91' lang='lat' dir='ltr'>qui</span> 
     </span>
     <span class='ocr_line' id='line_1_5' title="bbox 228 489 1649 549; baseline 0.004 -19"><span class='ocrx_word' id='word_1_32' title='bbox 228 489 345 532; x_wconf 92' lang='lat' dir='ltr'>locus</span> <span class='ocrx_word' id='word_1_33' title='bbox 379 506 504 547; x_wconf 84' lang='lat' dir='ltr'>aeque</span> <span class='ocrx_word' id='word_1_34' title='bbox 536 507 586 533; x_wconf 90' lang='lat' dir='ltr'>ac</span> <span class='ocrx_word' id='word_1_35' title='bbox 615 491 708 534; x_wconf 90' lang='lat' dir='ltr'>Cic.</span> <span class='ocrx_word' id='word_1_36' title='bbox 732 494 786 534; x_wconf 89' lang='lat' dir='ltr'>ad</span> <span class='ocrx_word' id='word_1_37' title='bbox 818 493 1003 535; x_wconf 88' lang='lat' dir='ltr'><strong>Brutum</strong></span> <span class='ocrx_word' id='word_1_38' title='bbox 1032 494 1113 535; x_wconf 78' lang='lat'>152</span> <span class='ocrx_word' id='word_1_39' title='bbox 1159 500 1187 516; x_wconf 90' lang='lat'><strong>“</strong></span> <span class='ocrx_word' id='word_1_40' title='bbox 1212 494 1308 549; x_wconf 84' lang='lat' dir='ltr'>Ego</span> <span class='ocrx_word' id='word_1_41' title='bbox 1341 493 1480 534; x_wconf 85' lang='lat' dir='ltr'>Decio</span> <span class='ocrx_word' id='word_1_42' title='bbox 1510 493 1649 535; x_wconf 87' lang='lat' dir='ltr'>Bruto</span> 
     </span>
     <span class='ocr_line' id='line_1_6' title="bbox 228 558 1651 617; baseline 0.003 -18"><span class='ocrx_word' id='word_1_43' title='bbox 228 558 421 610; x_wconf 89' lang='lat' dir='ltr'>liberato,</span> <span class='ocrx_word' id='word_1_44' title='bbox 453 576 586 617; x_wconf 89' lang='lat' dir='ltr'>quum</span> <span class='ocrx_word' id='word_1_45' title='bbox 618 561 863 604; x_wconf 71' lang='lat' dir='ltr'>laetissimus</span> <span class='ocrx_word' id='word_1_46' title='bbox 896 562 965 604; x_wconf 88' lang='lat' dir='ltr'>ille</span> <span class='ocrx_word' id='word_1_47' title='bbox 999 563 1162 605; x_wconf 87' lang='lat' dir='ltr'>civitati</span> <span class='ocrx_word' id='word_1_48' title='bbox 1194 563 1286 604; x_wconf 91' lang='lat' dir='ltr'>dies</span> <span class='ocrx_word' id='word_1_49' title='bbox 1318 562 1547 611; x_wconf 85' lang='lat' dir='ltr'><strong>illuxisset,</strong></span> <span class='ocrx_word' id='word_1_50' title='bbox 1575 563 1651 604; x_wconf 90' lang='lat' dir='ltr'>de-</span> 
     </span>
     <span class='ocr_line' id='line_1_7' title="bbox 226 629 1653 678; baseline 0.003 -8"><span class='ocrx_word' id='word_1_51' title='bbox 226 629 357 678; x_wconf 87' lang='lat' dir='ltr'>crevi,</span> <span class='ocrx_word' id='word_1_52' title='bbox 379 637 428 672; x_wconf 93' lang='lat' dir='ltr'>ut</span> <span class='ocrx_word' id='word_1_53' title='bbox 448 631 490 673; x_wconf 90' lang='lat' dir='ltr'>in</span> <span class='ocrx_word' id='word_1_54' title='bbox 513 630 634 673; x_wconf 89' lang='lat' dir='ltr'>fastis</span> <span class='ocrx_word' id='word_1_55' title='bbox 654 632 707 673; x_wconf 86' lang='lat' dir='ltr'>ad</span> <span class='ocrx_word' id='word_1_56' title='bbox 730 646 830 673; x_wconf 89' lang='lat' dir='ltr'>eum</span> <span class='ocrx_word' id='word_1_57' title='bbox 855 632 969 673; x_wconf 90' lang='lat' dir='ltr'>diem</span> <span class='ocrx_word' id='word_1_58' title='bbox 989 632 1116 674; x_wconf 85' lang='lat' dir='ltr'>Bruti</span> <span class='ocrx_word' id='word_1_59' title='bbox 1137 647 1291 673; x_wconf 87' lang='lat' dir='ltr'>nomen</span> <span class='ocrx_word' id='word_1_60' title='bbox 1310 631 1653 674; x_wconf 85' lang='lat' dir='ltr'>adscriberetur”</span> 
     </span>
     <span class='ocr_line' id='line_1_8' title="bbox 228 699 1233 757; baseline 0.002 -17"><span class='ocrx_word' id='word_1_61' title='bbox 228 700 282 741; x_wconf 90' lang='lat' dir='ltr'>ad</span> <span class='ocrx_word' id='word_1_62' title='bbox 304 699 437 741; x_wconf 87' lang='lat' dir='ltr'>fastos</span> <span class='ocrx_word' id='word_1_63' title='bbox 460 700 717 742; x_wconf 83' lang='lat' dir='ltr'>kalendares</span> <span class='ocrx_word' id='word_1_64' title='bbox 741 701 853 743; x_wconf 87' lang='lat' dir='ltr'>haud</span> <span class='ocrx_word' id='word_1_65' title='bbox 878 702 1007 743; x_wconf 88' lang='lat' dir='ltr'>dubie</span> <span class='ocrx_word' id='word_1_66' title='bbox 1031 702 1233 757; x_wconf 87' lang='lat' dir='ltr'>pertinet.</span> 
     </span>
    </p>

    <p class='ocr_par' dir='ltr' id='par_1_3' title="bbox 218 769 1656 2002">
     <span class='ocr_line' id='line_1_9' title="bbox 286 769 1652 826; baseline 0.001 -15"><span class='ocrx_word' id='word_1_67' title='bbox 286 769 415 822; x_wconf 86' lang='lat' dir='ltr'>Quod</span> <span class='ocrx_word' id='word_1_68' title='bbox 439 771 475 812; x_wconf 90' lang='lat' dir='ltr'>si</span> <span class='ocrx_word' id='word_1_69' title='bbox 496 786 599 812; x_wconf 86' lang='lat' dir='ltr'>vero</span> <span class='ocrx_word' id='word_1_70' title='bbox 621 772 662 812; x_wconf 88' lang='lat' dir='ltr'>in</span> <span class='ocrx_word' id='word_1_71' title='bbox 685 771 777 813; x_wconf 86' lang='lat' dir='ltr'>aliis</span> <span class='ocrx_word' id='word_1_72' title='bbox 799 772 920 813; x_wconf 88' lang='lat' dir='ltr'>fastis</span> <span class='ocrx_word' id='word_1_73' title='bbox 950 772 1053 813; x_wconf 89' lang='lat' dir='ltr'>alias</span> <span class='ocrx_word' id='word_1_74' title='bbox 1074 786 1142 812; x_wconf 88' lang='lat' dir='ltr'>res</span> <span class='ocrx_word' id='word_1_75' title='bbox 1165 776 1312 826; x_wconf 82' lang='lat' dir='ltr'>gestas</span> <span class='ocrx_word' id='word_1_76' title='bbox 1335 776 1560 811; x_wconf 84' lang='lat' dir='ltr'>annotatas</span> <span class='ocrx_word' id='word_1_77' title='bbox 1586 785 1652 812; x_wconf 88' lang='lat' dir='ltr'>re-</span> 
     </span>
     <span class='ocr_line' id='line_1_10' title="bbox 226 840 1653 897; baseline 0.001 -17"><span class='ocrx_word' id='word_1_78' title='bbox 226 840 429 895; x_wconf 87' lang='lat' dir='ltr'>perimus,</span> <span class='ocrx_word' id='word_1_79' title='bbox 451 841 642 883; x_wconf 89' lang='lat' dir='ltr'>diversas</span> <span class='ocrx_word' id='word_1_80' title='bbox 661 842 841 883; x_wconf 87' lang='lat' dir='ltr'>diversis</span> <span class='ocrx_word' id='word_1_81' title='bbox 864 842 1142 897; x_wconf 86' lang='lat' dir='ltr'>temporibus,</span> <span class='ocrx_word' id='word_1_82' title='bbox 1163 855 1219 882; x_wconf 80' lang='lat' dir='ltr'>ex</span> <span class='ocrx_word' id='word_1_83' title='bbox 1242 840 1432 895; x_wconf 89' lang='lat' dir='ltr'>cujusvis</span> <span class='ocrx_word' id='word_1_84' title='bbox 1449 841 1653 895; x_wconf 88' lang='lat' dir='ltr'>temporis</span> 
     </span>
     <span class='ocr_line' id='line_1_11' title="bbox 226 910 1655 967; baseline 0.002 -17"><span class='ocrx_word' id='word_1_85' title='bbox 226 910 472 952; x_wconf 85' lang='lat' dir='ltr'>adulatione</span> <span class='ocrx_word' id='word_1_86' title='bbox 504 912 743 966; x_wconf 89' lang='lat' dir='ltr'>petendum</span> <span class='ocrx_word' id='word_1_87' title='bbox 774 918 852 960; x_wconf 88' lang='lat' dir='ltr'>est,</span> <span class='ocrx_word' id='word_1_88' title='bbox 877 926 975 967; x_wconf 81' lang='lat' dir='ltr'>quae</span> <span class='ocrx_word' id='word_1_89' title='bbox 1004 912 1311 967; x_wconf 88' lang='lat' dir='ltr'>imperatorum</span> <span class='ocrx_word' id='word_1_90' title='bbox 1343 910 1582 965; x_wconf 87' lang='lat' dir='ltr'>praesertim</span> <span class='ocrx_word' id='word_1_91' title='bbox 1609 918 1655 953; x_wconf 89' lang='lat' dir='ltr'>et</span> 
     </span>
     <span class='ocr_line' id='line_1_12' title="bbox 226 979 1651 1037; baseline 0.003 -18"><span class='ocrx_word' id='word_1_92' title='bbox 226 979 413 1021; x_wconf 85' lang='lat' dir='ltr'>virorum</span> <span class='ocrx_word' id='word_1_93' title='bbox 436 979 665 1022; x_wconf 86' lang='lat' dir='ltr'>illustrium</span> <span class='ocrx_word' id='word_1_94' title='bbox 686 995 755 1022; x_wconf 88' lang='lat' dir='ltr'>res</span> <span class='ocrx_word' id='word_1_95' title='bbox 777 987 920 1037; x_wconf 81' lang='lat' dir='ltr'>gestas</span> <span class='ocrx_word' id='word_1_96' title='bbox 949 981 1010 1023; x_wconf 87' lang='lat' dir='ltr'>ita</span> <span class='ocrx_word' id='word_1_97' title='bbox 1035 980 1252 1022; x_wconf 84' lang='lat' dir='ltr'>memoriae</span> <span class='ocrx_word' id='word_1_98' title='bbox 1274 981 1480 1022; x_wconf 89' lang='lat' dir='ltr'>mandare</span> <span class='ocrx_word' id='word_1_99' title='bbox 1502 981 1651 1024; x_wconf 90' lang='lat' dir='ltr'>voluit.</span> 
     </span>
     <span class='ocr_line' id='line_1_13' title="bbox 225 1047 1653 1106; baseline 0.001 -16"><span class='ocrx_word' id='word_1_100' title='bbox 225 1047 296 1090; x_wconf 83' lang='lat' dir='ltr'>Ita</span> <span class='ocrx_word' id='word_1_101' title='bbox 323 1049 366 1090; x_wconf 91' lang='lat' dir='ltr'>in</span> <span class='ocrx_word' id='word_1_102' title='bbox 396 1050 532 1099; x_wconf 87' lang='lat' dir='ltr'>fastis,</span> <span class='ocrx_word' id='word_1_103' title='bbox 557 1065 665 1106; x_wconf 91' lang='lat' dir='ltr'>quos</span> <span class='ocrx_word' id='word_1_104' title='bbox 695 1057 798 1092; x_wconf 79' lang='lat' dir='ltr'>aetas</span> <span class='ocrx_word' id='word_1_105' title='bbox 828 1051 948 1093; x_wconf 88' lang='lat' dir='ltr'>nobis</span> <span class='ocrx_word' id='word_1_106' title='bbox 978 1052 1167 1093; x_wconf 88' lang='lat' dir='ltr'>servavit</span> <span class='ocrx_word' id='word_1_107' title='bbox 1193 1050 1450 1106; x_wconf 88' lang='lat' dir='ltr'>plerumque</span> <span class='ocrx_word' id='word_1_108' title='bbox 1481 1065 1536 1092; x_wconf 86' lang='lat' dir='ltr'>ex</span> <span class='ocrx_word' id='word_1_109' title='bbox 1560 1049 1653 1092; x_wconf 91' lang='lat' dir='ltr'>Au-</span> 
     </span>
     <span class='ocr_line' id='line_1_14' title="bbox 223 1120 1653 1176; baseline 0.001 -16"><span class='ocrx_word' id='word_1_110' title='bbox 223 1120 338 1174; x_wconf 84' lang='lat' dir='ltr'>gusti</span> <span class='ocrx_word' id='word_1_111' title='bbox 371 1126 417 1161; x_wconf 87' lang='lat' dir='ltr'>et</span> <span class='ocrx_word' id='word_1_112' title='bbox 446 1120 609 1162; x_wconf 89' lang='lat' dir='ltr'>Tiberii</span> <span class='ocrx_word' id='word_1_113' title='bbox 641 1127 848 1176; x_wconf 89' lang='lat' dir='ltr'>tempore,</span> <span class='ocrx_word' id='word_1_114' title='bbox 883 1121 1031 1162; x_wconf 87' lang='lat' dir='ltr'>horum</span> <span class='ocrx_word' id='word_1_115' title='bbox 1073 1120 1215 1168; x_wconf 73' lang='lat' dir='ltr'>tituli,</span> <span class='ocrx_word' id='word_1_116' title='bbox 1267 1120 1345 1160; x_wconf 94' lang='lat' dir='ltr'>sub</span> <span class='ocrx_word' id='word_1_117' title='bbox 1384 1120 1653 1175; x_wconf 89' lang='lat' dir='ltr'>sequioribus</span> 
     </span>
     <span class='ocr_line' id='line_1_15' title="bbox 226 1188 1651 1247; baseline 0.001 -16"><span class='ocrx_word' id='word_1_118' title='bbox 226 1188 581 1245; x_wconf 88' lang='lat' dir='ltr'>Imperatoribus,</span> <span class='ocrx_word' id='word_1_119' title='bbox 606 1192 699 1246; x_wconf 90' lang='lat' dir='ltr'>ejus</span> <span class='ocrx_word' id='word_1_120' title='bbox 722 1192 797 1247; x_wconf 89' lang='lat' dir='ltr'>qui</span> <span class='ocrx_word' id='word_1_121' title='bbox 825 1197 926 1233; x_wconf 83' lang='lat' dir='ltr'>tunc</span> <span class='ocrx_word' id='word_1_122' title='bbox 953 1191 1179 1247; x_wconf 86' lang='lat' dir='ltr'>imperium</span> <span class='ocrx_word' id='word_1_123' title='bbox 1208 1191 1399 1238; x_wconf 86' lang='lat' dir='ltr'>tenebat,</span> <span class='ocrx_word' id='word_1_124' title='bbox 1423 1205 1491 1231; x_wconf 89' lang='lat' dir='ltr'>res</span> <span class='ocrx_word' id='word_1_125' title='bbox 1514 1197 1651 1246; x_wconf 81' lang='lat' dir='ltr'>gestae</span> 
     </span>
     <span class='ocr_line' id='line_1_16' title="bbox 225 1258 1651 1316; baseline 0.003 -17"><span class='ocrx_word' id='word_1_126' title='bbox 225 1258 341 1300; x_wconf 88' lang='lat' dir='ltr'>feriis</span> <span class='ocrx_word' id='word_1_127' title='bbox 369 1261 599 1302; x_wconf 83' lang='lat' dir='ltr'>celebratae</span> <span class='ocrx_word' id='word_1_128' title='bbox 631 1268 744 1310; x_wconf 87' lang='lat' dir='ltr'>sunt,</span> <span class='ocrx_word' id='word_1_129' title='bbox 770 1261 1019 1316; x_wconf 83' lang='lat' dir='ltr'>exstirpatis</span> <span class='ocrx_word' id='word_1_130' title='bbox 1051 1266 1179 1302; x_wconf 86' lang='lat' dir='ltr'>antea</span> <span class='ocrx_word' id='word_1_131' title='bbox 1206 1260 1269 1309; x_wconf 89' lang='lat' dir='ltr'>iis,</span> <span class='ocrx_word' id='word_1_132' title='bbox 1295 1275 1393 1315; x_wconf 82' lang='lat' dir='ltr'>quae</span> <span class='ocrx_word' id='word_1_133' title='bbox 1425 1261 1503 1302; x_wconf 94' lang='lat' dir='ltr'>sub</span> <span class='ocrx_word' id='word_1_134' title='bbox 1531 1267 1651 1303; x_wconf 87' lang='lat' dir='ltr'>ante-</span> 
     </span>
     <span class='ocr_line' id='line_1_17' title="bbox 224 1330 1651 1386; baseline 0.001 -16"><span class='ocrx_word' id='word_1_135' title='bbox 224 1330 464 1371; x_wconf 89' lang='lat' dir='ltr'>cessoribus</span> <span class='ocrx_word' id='word_1_136' title='bbox 499 1331 672 1372; x_wconf 85' lang='lat' dir='ltr'>fuerant</span> <span class='ocrx_word' id='word_1_137' title='bbox 706 1337 924 1373; x_wconf 87' lang='lat' dir='ltr'>annotata.</span> <span class='ocrx_word' id='word_1_138' title='bbox 988 1331 1095 1372; x_wconf 86' lang='lat' dir='ltr'>Post</span> <span class='ocrx_word' id='word_1_139' title='bbox 1128 1330 1310 1372; x_wconf 91' lang='lat' dir='ltr'>honores</span> <span class='ocrx_word' id='word_1_140' title='bbox 1345 1331 1487 1386; x_wconf 83' lang='lat' dir='ltr'>gentis</span> <span class='ocrx_word' id='word_1_141' title='bbox 1520 1331 1651 1373; x_wconf 83' lang='lat' dir='ltr'>Juliae</span> 
     </span>
     <span class='ocr_line' id='line_1_18' title="bbox 225 1399 1656 1457; baseline 0.002 -17"><span class='ocrx_word' id='word_1_142' title='bbox 225 1399 277 1440; x_wconf 87' lang='lat' dir='ltr'>ab</span> <span class='ocrx_word' id='word_1_143' title='bbox 317 1399 475 1441; x_wconf 87' lang='lat' dir='ltr'>Ovidio</span> <span class='ocrx_word' id='word_1_144' title='bbox 509 1401 639 1442; x_wconf 83' lang='lat' dir='ltr'>etiam</span> <span class='ocrx_word' id='word_1_145' title='bbox 674 1401 927 1450; x_wconf 86' lang='lat' dir='ltr'>celebratos,</span> <span class='ocrx_word' id='word_1_146' title='bbox 958 1402 1070 1451; x_wconf 91' lang='lat' dir='ltr'>vide,</span> <span class='ocrx_word' id='word_1_147' title='bbox 1103 1416 1200 1457; x_wconf 81' lang='lat' dir='ltr'>quae</span> <span class='ocrx_word' id='word_1_148' title='bbox 1237 1400 1359 1442; x_wconf 90' lang='lat' dir='ltr'>Fasti</span> <span class='ocrx_word' id='word_1_149' title='bbox 1394 1401 1656 1443; x_wconf 85' lang='lat' dir='ltr'>Praenestini</span> 
     </span>
     <span class='ocr_line' id='line_1_19' title="bbox 223 1468 1653 1527; baseline 0.003 -18"><span class='ocrx_word' id='word_1_150' title='bbox 223 1468 266 1509; x_wconf 90' lang='lat' dir='ltr'>in</span> <span class='ocrx_word' id='word_1_151' title='bbox 299 1469 494 1525; x_wconf 90' lang='lat' dir='ltr'>ejusdem</span> <span class='ocrx_word' id='word_1_152' title='bbox 525 1471 666 1527; x_wconf 83' lang='lat' dir='ltr'>gentis</span> <span class='ocrx_word' id='word_1_153' title='bbox 693 1471 865 1513; x_wconf 89' lang='lat' dir='ltr'>laudem</span> <span class='ocrx_word' id='word_1_154' title='bbox 890 1476 1098 1512; x_wconf 80' lang='lat' dir='ltr'>annotant</span> <span class='ocrx_word' id='word_1_155' title='bbox 1123 1472 1176 1512; x_wconf 88' lang='lat' dir='ltr'>ad</span> <span class='ocrx_word' id='word_1_156' title='bbox 1198 1470 1396 1512; x_wconf 82' lang='lat' dir='ltr'>Januarii</span> <span class='ocrx_word' id='word_1_157' title='bbox 1426 1470 1518 1511; x_wconf 92' lang='lat' dir='ltr'>dies</span> <span class='ocrx_word' id='word_1_158' title='bbox 1543 1471 1585 1520; x_wconf 80' lang='lat'>7,</span> <span class='ocrx_word' id='word_1_159' title='bbox 1610 1470 1653 1513; x_wconf 85' lang='grc'>8.</span> 
     </span>
     <span class='ocr_line' id='line_1_20' title="bbox 222 1539 1653 1598; baseline 0.002 -18"><span class='ocrx_word' id='word_1_160' title='bbox 222 1539 293 1588; x_wconf 84' lang='grc'>16,</span> <span class='ocrx_word' id='word_1_161' title='bbox 317 1540 389 1582; x_wconf 85' lang='lat'>17.</span> <span class='ocrx_word' id='word_1_162' title='bbox 412 1541 494 1582; x_wconf 78' lang='lat'>29:</span> <span class='ocrx_word' id='word_1_163' title='bbox 528 1540 791 1583; x_wconf 89' lang='lat' dir='ltr'>Amiternini</span> <span class='ocrx_word' id='word_1_164' title='bbox 820 1543 874 1583; x_wconf 89' lang='lat' dir='ltr'>ad</span> <span class='ocrx_word' id='word_1_165' title='bbox 898 1541 1087 1598; x_wconf 82' lang='lat' dir='ltr'>Augusti</span> <span class='ocrx_word' id='word_1_166' title='bbox 1123 1542 1215 1582; x_wconf 91' lang='lat' dir='ltr'>dies</span> <span class='ocrx_word' id='word_1_167' title='bbox 1244 1541 1285 1588; x_wconf 90' lang='lat' dir='ltr'>l,</span> <span class='ocrx_word' id='word_1_168' title='bbox 1308 1540 1350 1582; x_wconf 73' lang='grc'>2.</span> <span class='ocrx_word' id='word_1_169' title='bbox 1374 1540 1428 1587; x_wconf 77' lang='grc' dir='ltr'>9ς</span> <span class='ocrx_word' id='word_1_170' title='bbox 1462 1541 1586 1596; x_wconf 85' lang='lat' dir='ltr'>Sept.</span> <span class='ocrx_word' id='word_1_171' title='bbox 1613 1542 1653 1583; x_wconf 93' lang='grc'>1.</span> 
     </span>
     <span class='ocr_line' id='line_1_21' title="bbox 218 1610 1655 1667; baseline 0.001 -14"><span class='ocrx_word' id='word_1_172' title='bbox 218 1616 276 1659; x_wconf 81' lang='grc'>9;</span> <span class='ocrx_word' id='word_1_173' title='bbox 311 1610 412 1652; x_wconf 86' lang='lat' dir='ltr'>Oct.</span> <span class='ocrx_word' id='word_1_174' title='bbox 435 1611 505 1660; x_wconf 72' lang='lat'>12,</span> <span class='ocrx_word' id='word_1_175' title='bbox 531 1619 614 1653; x_wconf 89' lang='lat' dir='ltr'>etc.</span> <span class='ocrx_word' id='word_1_176' title='bbox 678 1612 737 1653; x_wconf 88' lang='lat' dir='ltr'>Et</span> <span class='ocrx_word' id='word_1_177' title='bbox 768 1627 900 1667; x_wconf 89' lang='lat' dir='ltr'>quum</span> <span class='ocrx_word' id='word_1_178' title='bbox 932 1626 989 1653; x_wconf 87' lang='lat' dir='ltr'>ex</span> <span class='ocrx_word' id='word_1_179' title='bbox 1020 1612 1266 1667; x_wconf 90' lang='lat' dir='ltr'>sequiorum</span> <span class='ocrx_word' id='word_1_180' title='bbox 1292 1610 1548 1665; x_wconf 83' lang='lat' dir='ltr'>Imperator,</span> <span class='ocrx_word' id='word_1_181' title='bbox 1572 1611 1655 1654; x_wconf 87' lang='lat' dir='ltr'>fas-</span> 
     </span>
     <span class='ocr_line' id='line_1_22' title="bbox 224 1680 1653 1737; baseline 0.003 -18"><span class='ocrx_word' id='word_1_182' title='bbox 224 1680 277 1720; x_wconf 90' lang='lat' dir='ltr'>tis</span> <span class='ocrx_word' id='word_1_183' title='bbox 314 1681 431 1722; x_wconf 85' lang='lat' dir='ltr'>nulla</span> <span class='ocrx_word' id='word_1_184' title='bbox 464 1687 639 1722; x_wconf 85' lang='lat' dir='ltr'>exstent</span> <span class='ocrx_word' id='word_1_185' title='bbox 672 1681 928 1737; x_wconf 80' lang='lat' dir='ltr'>fragmenta,</span> <span class='ocrx_word' id='word_1_186' title='bbox 953 1681 1067 1723; x_wconf 89' lang='lat' dir='ltr'>idem</span> <span class='ocrx_word' id='word_1_187' title='bbox 1101 1687 1246 1721; x_wconf 88' lang='lat' dir='ltr'>tamen</span> <span class='ocrx_word' id='word_1_188' title='bbox 1279 1680 1320 1721; x_wconf 88' lang='lat' dir='ltr'>in</span> <span class='ocrx_word' id='word_1_189' title='bbox 1356 1680 1504 1722; x_wconf 81' lang='lat' dir='ltr'>ultimo</span> <span class='ocrx_word' id='word_1_190' title='bbox 1538 1683 1653 1736; x_wconf 89' lang='lat' dir='ltr'>quod</span> 
     </span>
     <span class='ocr_line' id='line_1_23' title="bbox 224 1749 1654 1807; baseline 0.001 -16"><span class='ocrx_word' id='word_1_191' title='bbox 224 1755 370 1792; x_wconf 84' lang='lat' dir='ltr'>exstat</span> <span class='ocrx_word' id='word_1_192' title='bbox 405 1749 675 1792; x_wconf 82' lang='lat' dir='ltr'>Constantini</span> <span class='ocrx_word' id='word_1_193' title='bbox 709 1750 860 1807; x_wconf 84' lang='lat' dir='ltr'>Magni</span> <span class='ocrx_word' id='word_1_194' title='bbox 891 1750 1159 1792; x_wconf 86' lang='lat' dir='ltr'>Kalendario</span> <span class='ocrx_word' id='word_1_195' title='bbox 1190 1749 1358 1801; x_wconf 87' lang='lat' dir='ltr'>(Graev.</span> <span class='ocrx_word' id='word_1_196' title='bbox 1387 1750 1517 1792; x_wconf 83' lang='lat' dir='ltr'>Thes,</span> <span class='ocrx_word' id='word_1_197' title='bbox 1552 1756 1654 1793; x_wconf 90' lang='lat' dir='ltr'>tom.</span> 
     </span>
     <span class='ocr_line' id='line_1_24' title="bbox 224 1821 1654 1877; baseline 0.001 -15"><span class='ocrx_word' id='word_1_198' title='bbox 224 1821 311 1862; x_wconf 81' lang='lat' dir='ltr'>viii.</span> <span class='ocrx_word' id='word_1_199' title='bbox 336 1836 377 1876; x_wconf 89' lang='lat' dir='ltr'>p.</span> <span class='ocrx_word' id='word_1_200' title='bbox 399 1821 490 1873; x_wconf 81' lang='lat'>97.)</span> <span class='ocrx_word' id='word_1_201' title='bbox 521 1821 665 1869; x_wconf 85' lang='lat' dir='ltr'>habes,</span> <span class='ocrx_word' id='word_1_202' title='bbox 692 1822 778 1870; x_wconf 93' lang='lat' dir='ltr'>ubi,</span> <span class='ocrx_word' id='word_1_203' title='bbox 804 1828 852 1862; x_wconf 90' lang='lat' dir='ltr'>ut</span> <span class='ocrx_word' id='word_1_204' title='bbox 884 1828 1013 1863; x_wconf 87' lang='lat' dir='ltr'>antea</span> <span class='ocrx_word' id='word_1_205' title='bbox 1035 1821 1226 1877; x_wconf 82' lang='lat' dir='ltr'>Augusti</span> <span class='ocrx_word' id='word_1_206' title='bbox 1250 1821 1517 1875; x_wconf 89' lang='lat' dir='ltr'>Tiberiique,</span> <span class='ocrx_word' id='word_1_207' title='bbox 1541 1837 1654 1864; x_wconf 91' lang='lat' dir='ltr'>nunc</span> 
     </span>
     <span class='ocr_line' id='line_1_25' title="bbox 226 1890 1655 1946; baseline 0.001 -13"><span class='ocrx_word' id='word_1_208' title='bbox 226 1891 516 1941; x_wconf 86' lang='lat' dir='ltr'>Constantini,</span> <span class='ocrx_word' id='word_1_209' title='bbox 540 1890 784 1933; x_wconf 89' lang='lat' dir='ltr'>Constantii</span> <span class='ocrx_word' id='word_1_210' title='bbox 812 1891 1079 1946; x_wconf 86' lang='lat' dir='ltr'>aliorumque</span> <span class='ocrx_word' id='word_1_211' title='bbox 1102 1906 1170 1932; x_wconf 83' lang='lat' dir='ltr'>res</span> <span class='ocrx_word' id='word_1_212' title='bbox 1192 1891 1362 1932; x_wconf 84' lang='lat' dir='ltr'>fortiter</span> <span class='ocrx_word' id='word_1_213' title='bbox 1391 1897 1525 1946; x_wconf 83' lang='lat' dir='ltr'>gestae</span> <span class='ocrx_word' id='word_1_214' title='bbox 1554 1892 1655 1934; x_wconf 82' lang='lat' dir='ltr'>titu-</span> 
     </span>
     <span class='ocr_line' id='line_1_26' title="bbox 224 1960 586 2002; baseline 0.006 -2"><span class='ocrx_word' id='word_1_215' title='bbox 224 1960 275 2002; x_wconf 92' lang='lat' dir='ltr'>lis</span> <span class='ocrx_word' id='word_1_216' title='bbox 297 1960 586 2002; x_wconf 86' lang='lat' dir='ltr'>celebrantur.</span> 
     </span>
    </p>

    <p class='ocr_par' dir='ltr' id='par_1_4' title="bbox 223 2029 1656 2436">
     <span class='ocr_line' id='line_1_27' title="bbox 284 2029 1656 2084; baseline 0.001 -12"><span class='ocrx_word' id='word_1_217' title='bbox 284 2030 376 2072; x_wconf 87' lang='lat' dir='ltr'>Sed</span> <span class='ocrx_word' id='word_1_218' title='bbox 414 2036 582 2073; x_wconf 87' lang='lat' dir='ltr'>tantum</span> <span class='ocrx_word' id='word_1_219' title='bbox 618 2031 672 2072; x_wconf 91' lang='lat' dir='ltr'>de</span> <span class='ocrx_word' id='word_1_220' title='bbox 709 2030 772 2071; x_wconf 86' lang='lat' dir='ltr'>his</span> <span class='ocrx_word' id='word_1_221' title='bbox 810 2030 932 2072; x_wconf 86' lang='lat' dir='ltr'>fastis</span> <span class='ocrx_word' id='word_1_222' title='bbox 969 2029 1288 2078; x_wconf 87' lang='lat' dir='ltr'>kalendaribus,</span> <span class='ocrx_word' id='word_1_223' title='bbox 1325 2044 1432 2084; x_wconf 91' lang='lat' dir='ltr'>quos</span> <span class='ocrx_word' id='word_1_224' title='bbox 1470 2030 1656 2073; x_wconf 89' lang='lat' dir='ltr'>Ovidius</span> 
     </span>
     <span class='ocr_line' id='line_1_28' title="bbox 224 2100 1654 2156; baseline -0.001 -13"><span class='ocrx_word' id='word_1_225' title='bbox 224 2101 413 2143; x_wconf 88' lang='lat' dir='ltr'>carmine</span> <span class='ocrx_word' id='word_1_226' title='bbox 449 2101 692 2150; x_wconf 84' lang='lat' dir='ltr'>exornavit,</span> <span class='ocrx_word' id='word_1_227' title='bbox 725 2107 770 2143; x_wconf 88' lang='lat' dir='ltr'>et</span> <span class='ocrx_word' id='word_1_228' title='bbox 805 2102 859 2142; x_wconf 87' lang='lat' dir='ltr'>ad</span> <span class='ocrx_word' id='word_1_229' title='bbox 895 2115 1003 2156; x_wconf 91' lang='lat' dir='ltr'>quos</span> <span class='ocrx_word' id='word_1_230' title='bbox 1037 2100 1195 2155; x_wconf 89' lang='lat' dir='ltr'>saepius</span> <span class='ocrx_word' id='word_1_231' title='bbox 1232 2114 1457 2141; x_wconf 88' lang='lat' dir='ltr'>recurrere</span> <span class='ocrx_word' id='word_1_232' title='bbox 1493 2100 1654 2143; x_wconf 90' lang='lat' dir='ltr'>licebit.</span> 
     </span>
     <span class='ocr_line' id='line_1_29' title="bbox 226 2170 1656 2227; baseline -0.001 -14"><span class='ocrx_word' id='word_1_233' title='bbox 226 2171 345 2225; x_wconf 84' lang='lat' dir='ltr'>Quid</span> <span class='ocrx_word' id='word_1_234' title='bbox 381 2178 527 2213; x_wconf 89' lang='lat' dir='ltr'>autem</span> <span class='ocrx_word' id='word_1_235' title='bbox 542 2172 557 2212; x_wconf 66' lang='grc' dir='ltr'>’ἶ</span> <span class='ocrx_word' id='word_1_236' title='bbox 604 2172 720 2227; x_wconf 90' lang='lat' dir='ltr'>quod</span> <span class='ocrx_word' id='word_1_237' title='bbox 757 2171 914 2227; x_wconf 89' lang='lat' dir='ltr'>passim</span> <span class='ocrx_word' id='word_1_238' title='bbox 950 2172 1003 2212; x_wconf 87' lang='lat' dir='ltr'>ab</span> <span class='ocrx_word' id='word_1_239' title='bbox 1040 2170 1364 2226; x_wconf 86' lang='lat' dir='ltr'>interpretibuS‚</span> <span class='ocrx_word' id='word_1_240' title='bbox 1403 2170 1538 2212; x_wconf 92' lang='lat' dir='ltr'>multo</span> <span class='ocrx_word' id='word_1_241' title='bbox 1573 2170 1656 2212; x_wconf 84' lang='lat' dir='ltr'>alia</span> 
     </span>
     <span class='ocr_line' id='line_1_30' title="bbox 225 2239 1654 2295; baseline -0.002 -11"><span class='ocrx_word' id='word_1_242' title='bbox 225 2257 323 2284; x_wconf 90' lang='lat' dir='ltr'>cum</span> <span class='ocrx_word' id='word_1_243' title='bbox 366 2257 427 2291; x_wconf 92' lang='lat' dir='ltr'>re,</span> <span class='ocrx_word' id='word_1_244' title='bbox 465 2242 588 2284; x_wconf 86' lang='lat' dir='ltr'>fastis</span> <span class='ocrx_word' id='word_1_245' title='bbox 625 2241 805 2290; x_wconf 90' lang='lat' dir='ltr'>scilicet,</span> <span class='ocrx_word' id='word_1_246' title='bbox 845 2256 922 2282; x_wconf 90' lang='lat' dir='ltr'>seu</span> <span class='ocrx_word' id='word_1_247' title='bbox 959 2240 1197 2288; x_wconf 84' lang='lat' dir='ltr'>annalibus,</span> <span class='ocrx_word' id='word_1_248' title='bbox 1237 2255 1334 2295; x_wconf 78' lang='lat' dir='ltr'>quae</span> <span class='ocrx_word' id='word_1_249' title='bbox 1377 2239 1562 2281; x_wconf 81' lang='lat' dir='ltr'>historiae</span> <span class='ocrx_word' id='word_1_250' title='bbox 1600 2241 1654 2282; x_wconf 90' lang='lat' dir='ltr'>ad</span> 
     </span>
     <span class='ocr_line' id='line_1_31' title="bbox 223 2312 1654 2368; baseline -0.001 -14"><span class='ocrx_word' id='word_1_251' title='bbox 223 2314 357 2354; x_wconf 85' lang='lat' dir='ltr'>instar</span> <span class='ocrx_word' id='word_1_252' title='bbox 385 2312 530 2368; x_wconf 87' lang='lat' dir='ltr'>primis</span> <span class='ocrx_word' id='word_1_253' title='bbox 560 2313 826 2368; x_wconf 88' lang='lat' dir='ltr'>temporibus</span> <span class='ocrx_word' id='word_1_254' title='bbox 855 2313 994 2360; x_wconf 84' lang='lat' dir='ltr'>fuere,</span> <span class='ocrx_word' id='word_1_255' title='bbox 1020 2317 1352 2359; x_wconf 87' lang='lat' dir='ltr'>commutantur,</span> <span class='ocrx_word' id='word_1_256' title='bbox 1379 2326 1513 2365; x_wconf 87' lang='lat' dir='ltr'>quare</span> <span class='ocrx_word' id='word_1_257' title='bbox 1540 2326 1654 2353; x_wconf 88' lang='lat' dir='ltr'>erro-</span> 
     </span>
     <span class='ocr_line' id='line_1_32' title="bbox 225 2380 1477 2436; baseline -0.002 -13"><span class='ocrx_word' id='word_1_258' title='bbox 225 2383 282 2423; x_wconf 84' lang='lat' dir='ltr'>ris</span> <span class='ocrx_word' id='word_1_259' title='bbox 304 2382 468 2424; x_wconf 88' lang='lat' dir='ltr'>vitandi</span> <span class='ocrx_word' id='word_1_260' title='bbox 491 2397 623 2424; x_wconf 87' lang='lat' dir='ltr'>causa</span> <span class='ocrx_word' id='word_1_261' title='bbox 644 2383 699 2424; x_wconf 92' lang='lat' dir='ltr'>de</span> <span class='ocrx_word' id='word_1_262' title='bbox 722 2382 786 2423; x_wconf 93' lang='lat' dir='ltr'>his</span> <span class='ocrx_word' id='word_1_263' title='bbox 810 2381 939 2423; x_wconf 86' lang='lat' dir='ltr'>etiam</span> <span class='ocrx_word' id='word_1_264' title='bbox 962 2381 1112 2436; x_wconf 89' lang='lat' dir='ltr'>paucis</span> <span class='ocrx_word' id='word_1_265' title='bbox 1134 2380 1369 2421; x_wconf 87' lang='lat' dir='ltr'>videndum</span> <span class='ocrx_word' id='word_1_266' title='bbox 1397 2386 1477 2421; x_wconf 85' lang='lat' dir='ltr'>est.</span> 
     </span>
    </p>
   </div>
   <div class='ocr_carea' id='block_1_3' title="bbox 412 2503 1469 2558">
    <p class='ocr_par' dir='ltr' id='par_1_5' title="bbox 412 2503 1469 2558">
     <span class='ocr_line' id='line_1_33' title="bbox 412 2503 1469 2558; baseline -0.001 -13"><span class='ocrx_word' id='word_1_267' title='bbox 412 2503 454 2545; x_wconf 78' lang='grc'>2.</span> <span class='ocrx_word' id='word_1_268' title='bbox 489 2504 617 2545; x_wconf 76' lang='lat' dir='ltr'>Fasti</span> <span class='ocrx_word' id='word_1_269' title='bbox 635 2504 845 2553; x_wconf 76' lang='lat' dir='ltr'>historici,</span> <span class='ocrx_word' id='word_1_270' title='bbox 867 2504 1091 2558; x_wconf 77' lang='lat' dir='ltr'>(Annales,</span> <span class='ocrx_word' id='word_1_271' title='bbox 1115 2503 1168 2545; x_wconf 93' lang='lat' dir='ltr'>F.</span> <span class='ocrx_word' id='word_1_272' title='bbox 1193 2503 1469 2553; x_wconf 83' lang='lat' dir='ltr'>consulares.)</span> 
     </span>
    </p>
   </div>
   <div class='ocr_carea' id='block_1_4' title="bbox 226 2622 1655 2818">
    <p class='ocr_par' dir='ltr' id='par_1_6' title="bbox 226 2622 1655 2818">
     <span class='ocr_line' id='line_1_34' title="bbox 287 2622 1655 2681; baseline -0.001 -16"><span class='ocrx_word' id='word_1_273' title='bbox 287 2623 527 2681; x_wconf 77' lang='lat' dir='ltr'>Commune</span> <span class='ocrx_word' id='word_1_274' title='bbox 557 2637 712 2664; x_wconf 89' lang='lat' dir='ltr'>nomen</span> <span class='ocrx_word' id='word_1_275' title='bbox 745 2623 846 2664; x_wconf 90' lang='lat' dir='ltr'>inde</span> <span class='ocrx_word' id='word_1_276' title='bbox 881 2623 994 2665; x_wconf 87' lang='lat' dir='ltr'>haud</span> <span class='ocrx_word' id='word_1_277' title='bbox 1029 2623 1160 2665; x_wconf 90' lang='lat' dir='ltr'>dubie</span> <span class='ocrx_word' id='word_1_278' title='bbox 1196 2623 1336 2671; x_wconf 84' lang='lat' dir='ltr'>fluxit,</span> <span class='ocrx_word' id='word_1_279' title='bbox 1368 2623 1482 2677; x_wconf 89' lang='lat' dir='ltr'>quod</span> <span class='ocrx_word' id='word_1_280' title='bbox 1517 2622 1560 2663; x_wconf 90' lang='lat' dir='ltr'>in</span> <span class='ocrx_word' id='word_1_281' title='bbox 1593 2622 1655 2664; x_wconf 88' lang='lat' dir='ltr'>his</span> 
     </span>
     <span class='ocr_line' id='line_1_35' title="bbox 228 2691 1655 2750; baseline -0.002 -14"><span class='ocrx_word' id='word_1_282' title='bbox 228 2694 373 2750; x_wconf 87' lang='lat' dir='ltr'>primis</span> <span class='ocrx_word' id='word_1_283' title='bbox 396 2693 583 2735; x_wconf 88' lang='lat' dir='ltr'>historiae</span> <span class='ocrx_word' id='word_1_284' title='bbox 605 2693 735 2734; x_wconf 91' lang='lat' dir='ltr'>initiis</span> <span class='ocrx_word' id='word_1_285' title='bbox 759 2693 938 2749; x_wconf 85' lang='lat' dir='ltr'>singulis</span> <span class='ocrx_word' id='word_1_286' title='bbox 960 2693 1081 2735; x_wconf 88' lang='lat' dir='ltr'>annis</span> <span class='ocrx_word' id='word_1_287' title='bbox 1106 2708 1176 2735; x_wconf 88' lang='lat' dir='ltr'>res</span> <span class='ocrx_word' id='word_1_288' title='bbox 1198 2698 1334 2749; x_wconf 85' lang='lat' dir='ltr'>gestae</span> <span class='ocrx_word' id='word_1_289' title='bbox 1358 2691 1427 2733; x_wconf 90' lang='lat' dir='ltr'>vel</span> <span class='ocrx_word' id='word_1_290' title='bbox 1449 2692 1655 2748; x_wconf 89' lang='lat' dir='ltr'>quicquid</span> 
     </span>
     <span class='ocr_line' id='line_1_36' title="bbox 226 2762 1654 2818; baseline -0.001 -12"><span class='ocrx_word' id='word_1_291' title='bbox 226 2764 434 2806; x_wconf 87' lang='lat' dir='ltr'>memoria</span> <span class='ocrx_word' id='word_1_292' title='bbox 466 2762 644 2818; x_wconf 85' lang='lat' dir='ltr'>dignum</span> <span class='ocrx_word' id='word_1_293' title='bbox 670 2763 963 2818; x_wconf 86' lang='lat' dir='ltr'>judicabatur,</span> <span class='ocrx_word' id='word_1_294' title='bbox 988 2764 1042 2804; x_wconf 90' lang='lat' dir='ltr'>ad</span> <span class='ocrx_word' id='word_1_295' title='bbox 1075 2763 1268 2805; x_wconf 87' lang='lat' dir='ltr'>ordinem</span> <span class='ocrx_word' id='word_1_296' title='bbox 1301 2762 1482 2810; x_wconf 87' lang='lat' dir='ltr'>dierum,</span> <span class='ocrx_word' id='word_1_297' title='bbox 1509 2762 1582 2816; x_wconf 93' lang='lat' dir='ltr'>qui</span> <span class='ocrx_word' id='word_1_298' title='bbox 1612 2762 1654 2804; x_wconf 88' lang='lat' dir='ltr'>in</span> 
     </span>
    </p>
   </div>
  </div>
 </body>
</html>
