1809 3220
177 173 266 216 422

510 175 602 216 AD
636 174 876 217 LIVIAM
909 175 1273 220 AUGUSTAM

180 291 293 341 Nec
319 292 428 340 fleri
453 292 564 356 ipse
591 293 713 349 suis,
741 310 836 341 nec
865 310 1181 359 quemquam
1207 295 1329 344 flere
1356 312 1594 355 suorum;

248 371 376 427 Nec,
406 387 522 434 quae
550 388 641 419 nos
669 373 890 436 patimur
913 374 1116 437 vulgus,
1145 382 1197 422 et
1222 373 1332 439 ipse
1358 375 1483 440 pati.

176 450 412 498 Vidimus
439 457 618 514 erepta
642 458 942 500 moerentem
969 452 1126 518 stirpe
1153 453 1368 502 sororis:

1547 457 1612 502 65

248 529 457 586 Luctus,
486 537 542 577 ut
567 529 618 577 in
650 530 834 588 Druso,
864 532 1104 596 publicus
1131 533 1217 582 ille
1242 533 1352 582 fuit.

180 609 425 658 Condidit
452 608 750 674 Agrippam,
780 626 883 675 quo
910 621 978 668 te,
1009 610 1275 669 Marcelle,
1304 613 1570 677 sepulcro;

248 688 316 736 Et
341 688 481 753 cepit
506 705 722 752 generos
743 690 852 754 jam
877 691 1019 738 locus
1046 691 1133 740 ille
1160 691 1307 739 duos.

177 768 280 816 Vix
306 768 473 833 posito
494 768 728 833 Agrippa
751 768 934 816 tumuli
960 770 1092 818 bene
1112 770 1272 833 janua
1297 770 1475 818 clausa
1500 777 1580 817 est
1603 787 1613 818 :

247 848 459 896 Perficit
484 847 705 895 officium
732 847 925 897 funeris
952 866 1075 898 ecce
1102 866 1258 898 soror.

1550 853 1616 897 70

178 928 317 976 Ecce
345 935 422 976 ter
447 935 566 975 ante
593 928 743 985 datis,
766 929 969 993 jactura
994 929 1285 986 novissima,
1317 929 1517 977 Drusus

246 1007 290 1055 A
318 1024 503 1071 magno
530 1008 765 1055 lacrimas
794 1008 999 1057 Caesare
1025 1016 1237 1073 quartus
1264 1008 1436 1057 habet.

179 1086 420 1135 Claudite
441 1088 566 1150 jam,
595 1086 789 1145 Parcae,
819 1088 1030 1136 nimium
1058 1095 1281 1137 reserata
1307 1087 1571 1153 sepulcra;

250 1165 520 1215 Claudite:
564 1167 678 1231 plus
699 1168 840 1230 justo
861 1169 968 1231 jam
996 1168 1178 1216 domus
1205 1168 1305 1216 ista
1330 1174 1491 1232 patet.

181 1245 366 1302 Cedis;
410 1252 462 1292 et
489 1245 745 1293 incassum
773 1254 862 1293 tua
894 1247 1117 1304 nomina,
1149 1246 1334 1303 Druse,
1363 1247 1613 1295 levantur.

250 1323 446 1372 Ultima
472 1323 538 1371 sit
562 1323 651 1372 fati
679 1324 787 1372 haec
815 1342 1014 1373 summa
1039 1326 1252 1390 querela
1277 1325 1367 1373 tui.
1550 1326 1613 1371 76

179 1491 254 1522 Non
281 1489 349 1520 sine
375 1489 493 1531 ἔμφασι
519 1489 666 1532 repetitio
693 1490 773 1521 haec.
823 1490 860 1520 ln

179 1552 268 1573 arce:
294 1540 326 1572 in
349 1539 433 1571 coelo
455 1539 591 1576 scilicet,
610 1540 664 1571 ubi
685 1551 775 1572 suam
793 1540 860 1572 Au-

178 1596 271 1634 gusto
282 1591 349 1633 jam
366 1589 534 1621 stationem
551 1597 646 1633 poeta
662 1590 822 1632 adsignat.

224 1644 277 1674 65.
297 1642 413 1681 Erepta
423 1643 516 1680 stirpe
525 1641 666 1682 sororis]
691 1642 860 1677 Marcello,

180 1692 325 1725 Octaviae
349 1690 427 1727 filio,
449 1691 503 1733 qui
525 1691 648 1723 Julian]
667 1691 806 1733 Augusti
825 1692 858 1721 fi-

177 1744 254 1775 liam
285 1742 433 1777 duxerat,
466 1747 497 1772 et
529 1747 652 1772 tantam
686 1741 734 1773 sui
770 1752 860 1784 spem

180 1804 302 1826 morum
342 1791 492 1828 candore,
523 1798 555 1822 et
590 1792 675 1822 omni
708 1792 860 1824 virtutum

178 1855 293 1888 genere
325 1844 456 1880 fecerat,
488 1849 522 1873 ut
554 1844 699 1884 publicus
728 1843 860 1874 defunc-

180 1904 260 1931 tum,
278 1904 362 1925 anno
385 1892 517 1935 quidem
541 1893 645 1924 aetatis
665 1892 791 1924 decimo
807 1903 860 1924 oc-

180 1952 266 1981 tavo,
286 1945 389 1975 luctus
405 1950 615 1986 prosequutus
631 1944 737 1975 fuerit.
784 1943 860 1974 Noti

181 1995 285 2032 nimis,
302 2005 399 2036 quam
424 2000 460 2024 ut
485 1993 536 2025 hie
562 1994 709 2030 referam,
732 1993 861 2035 Virgilii

179 2048 219 2080 de
243 2057 281 2078 eo
304 2056 426 2082 versus,
452 2045 527 2076 AEln.
552 2045 594 2076 vi.
619 2046 695 2076 833.
741 2045 804 2076 Sed
829 2046 861 2076 in

179 2097 312 2130 dubium
338 2105 437 2138 nuper
459 2095 621 2127 revocarit
645 2095 699 2127 (Jl.
720 2097 860 2139 Mongez,

180 2161 197 2181 e
224 2147 324 2180 Sociis
350 2146 462 2187 Regia*
489 2146 636 2188 Inscript.
664 2146 860 2182 Academiae,

180 2199 286 2231 animo
313 2196 484 2228 Octaviam
509 2196 677 2233 defecisse,
707 2197 861 2228 recitante

182 2248 317 2291 Virgilio
346 2247 430 2279 hunc
455 2257 592 2283 versum,
621 2247 666 2278 Tu
691 2248 862 2279 Marcellus

180 2303 261 2337 eris;
292 2306 324 2331 et
350 2297 493 2341 jussisse,
522 2309 578 2340 pro
607 2298 741 2340 siugulis
768 2299 862 2342 hujus

179 2349 357 2393 argumenti
383 2347 525 2380 versibus
550 2349 669 2380 auctori
693 2350 776 2381 dena
798 2361 862 2381 ses-

180 2401 276 2434 tertia
290 2399 463 2431 numerari.
491 2399 734 2437 Desiderantur,
751 2401 862 2437 fateor,

181 2451 370 2494 scriptorum
411 2449 592 2480 testimonia
629 2461 700 2492 quae
743 2451 862 2482 factum

182 2500 402 2544 comprobent,
434 2509 452 2529 a
487 2499 617 2530 Donato
647 2500 796 2541 primum,
829 2506 863 2532 ut

182 2551 318 2584 videtur,
349 2550 542 2581 confictum:
584 2549 718 2590 legimus
755 2558 863 2582 contra

183 2601 268 2645 apud
294 2602 460 2635 Senecam,
486 2599 615 2631 Consol.
640 2600 678 2631 ad
705 2602 810 2633 Marc.
832 2602 864 2632 ii.

183 2654 319 2683 carmina
340 2652 527 2682 celebranda<
554 2650 697 2681 Marcelli
719 2655 865 2683 memoria*

183 2704 344 2742 rompnsim
378 2703 536 2741 rejecisse;
571 2700 624 2732 sed
662 2712 700 2732 ne
738 2701 864 2733 laudem

185 2753 267 2784 hanc
299 2752 402 2783 Musis
432 2758 462 2782 et
494 2757 581 2782 tanto
615 2759 714 2794 poeta}
744 2752 866 2783 iuvide-

187 2803 295 2834 amus!

976 1491 1030 1521 68.
1058 1490 1096 1520 Et
1121 1492 1201 1529 cepit
1224 1500 1349 1531 generos
1364 1491 1435 1529 jam
1458 1489 1540 1520 locus
1562 1489 1616 1520 ille

932 1541 1034 1582 duos]
1076 1539 1242 1571 Defuncto
1264 1539 1349 1571 enim
1367 1538 1538 1576 Marcello,
1555 1540 1616 1572 Ju-

931 1591 1009 1623 liam
1035 1591 1204 1633 Augustus
1231 1589 1384 1633 Agrippae
1415 1588 1530 1633 nuptui
1558 1589 1615 1621 de-

931 1641 1034 1678 derat,
1051 1646 1181 1673 exorata
1194 1651 1311 1678 sorore,
1327 1646 1364 1672 ut
1379 1639 1440 1671 sibi
1461 1650 1616 1682 generum

933 1692 1073 1724 cederet.
1097 1693 1187 1722 Suet.
1203 1691 1292 1733 Aug.
1311 1691 1365 1722 63.

977 1743 1029 1774 70.
1057 1743 1187 1784 I’etficit
1224 1741 1358 1783 officium
1384 1741 1517 1783 funeris
1551 1751 1618 1772 ecce

931 1794 1043 1835 sav-013]
1094 1792 1245 1829 Octavia,
1277 1802 1360 1834 quae,
1392 1791 1530 1834 perfecto
1562 1790 1613 1821 vix

933 1845 1087 1888 Agrippae
1100 1845 1233 1886 funere,
1252 1849 1285 1874 et
1306 1853 1404 1885 quum
1426 1841 1542 1874 tumuli
1567 1843 1617 1872 vix

933 1898 1004 1927 bene
1032 1896 1137 1926 clausa
1168 1900 1251 1926 esset
1268 1896 1389 1935 janua,
1416 1892 1531 1924 Romae
1559 1892 1614 1923 de-

933 1946 1041 1981 cessit,
1070 1944 1374 1988 quinquagesimum
1404 1949 1436 1975 et
1464 1949 1615 1986 quartum

932 2007 1030 2038 agens
1045 1995 1149 2027 aetatis
1170 2006 1303 2026 annum.

978 2048 1030 2084 73,
1049 2048 1102 2077 74.
1133 2047 1292 2083 Claudite,
1307 2048 1380 2086 jam
1407 2046 1527 2081 Parcae,
1553 2051 1617 2077 etc.

939 2099 1183 2138 l'lnsjustnjum
1196 2099 1301 2128 domus
1313 2099 1369 2127 ista
1382 2096 1495 2137 palen]
1518 2096 1614 2133 Ditis,

932 2148 1065 2179 scilicet.
1093 2147 1185 2190 Vir-g.
1205 2148 1280 2178 AEn.
1297 2147 1338 2177 vi.
1353 2147 1432 2178 127:
1459 2147 1618 2178 “Noctes

932 2205 1028 2241 atque
1045 2198 1114 2229 dies
1127 2205 1210 2239 patet
1227 2198 1285 2229 atri
1297 2198 1399 2240 janua
1414 2196 1536 2229 Ditis.’'

977 2251 1029 2285 75,
1061 2250 1114 2280 76.
1152 2250 1264 2287 ('edis‚·
1306 2255 1333 2279 et
1374 2251 1525 2279 incassum
1562 2255 1616 2280 lua

934 2302 1067 2337 nomina,
1094 2301 1207 2336 Druse,
1232 2299 1406 2340 lentinum]
1458 2298 1615 2342 Intelligit

933 2352 1138 2383 Burmannus
1156 2351 1196 2382 de
1218 2350 1358 2382 clamore
1377 2360 1535 2393 supremO,
1552 2360 1617 2392 quo

934 2407 1074 2433 mortuos
1094 2401 1237 2436 ciebant.
1260 2400 1386 2444 proprio
1410 2411 1465 2432 eos
1487 2399 1615 2431 nomine

934 2458 1109 2490 vocantes3
1145 2451 1230 2483 unde
1261 2458 1412 2483 vocantur
1443 2450 1616 2493 legendum

923 2503 1014 2544 sbrie
1029 2503 1193 2534 censebat.
1241 2502 1397 2545 Micyllus
1415 2511 1498 2537 vern,
1515 2500 1556 2533 de
1577 2500 1617 2533 ti—

935 2553 1009 2584 tulis
1044 2559 1076 2584 et
1113 2551 1296 2584 nominibus
1332 2551 1512 2594 magnificis
1545 2561 1616 2594 quae

931 2604 998 2645 jam
1035 2603 1094 2634 sibi
1134 2604 1259 2635 Drusus
1287 2603 1403 2634 virtute
1440 2608 1618 2644 paraverat.

942 2654 1058 2685 Ultima
1075 2654 1191 2696 sil-finti
1209 2655 1269 2685 hffc
1284 2665 1401 2684 summa
1421 2653 1545 2694 querela
1561 2655 1620 2682 tui.

937 2706 1039 2746 Optat
1066 2711 1170 2746 poeta,
1198 2712 1232 2736 ut
1257 2705 1379 2746 querela
1408 2705 1467 2734 ha’c
1493 2706 1532 2734 de
1545 2702 1622 2745 fato

938 2754 1035 2785 Drusi
1066 2754 1106 2785 sit
1138 2755 1265 2786 tandem
1293 2756 1418 2789 ultima,
1446 2763 1544 2794 quum
1575 2758 1621 2783 tot

939 2815 1045 2836 secum
1082 2806 1165 2836 bona
1204 2805 1382 2837 abstulerit.
1428 2804 1621 2835 Tentaverat
