1830 3220
290 205 348 246 46
688 204 738 245 Ρ.
773 202 990 246 OVIDII
1025 203 1306 246 NASONIS

290 321 393 369 Sed
419 328 588 368 tamen
607 320 839 367 humanis
862 320 1180 368 celebrantur
1199 318 1473 366 honoribus
1493 333 1668 366 omnes
1690 335 1700 367 :

355 398 452 445 Hic
480 396 673 445 socium
700 413 895 445 summo
921 413 1038 444 cum
1062 397 1188 444 Jove
1214 412 1397 444 nomen
1422 395 1594 444 habet.
1620 413 1625 422 “

288 478 478 525 Sancta
503 481 688 523 vocant
712 483 929 538 augusta
954 482 1151 539 patres:
1189 480 1404 538 augusta
1427 480 1668 521 vocantur

353 553 580 617 Templa,
610 553 931 600 sacerdotum
951 553 1043 600 rite
1068 553 1236 600 dicata
1261 568 1430 600 manu.

1601 553 1701 599 610

288 631 451 695 Hujus
477 637 529 678 et
554 630 817 693 augurium
844 631 1102 695 dependet
1126 630 1316 693 origine
1340 628 1496 684 verbi,

353 708 420 756 Et
446 709 806 772 quodcumque
833 725 924 756 sua
949 707 1151 772 Jupiter
1176 715 1329 771 auget
1354 723 1466 771 ope.

283 787 483 850 Augeat
508 786 774 851 imperium
794 787 951 834 nostri
981 786 1156 842 Ducis,
1185 793 1368 848 augeat
1393 801 1550 833 annos
1571 802 1580 832 :

351 863 594 927 Protegat
619 871 671 912 et
694 872 887 912 vestras
915 881 1107 929 querna
1131 880 1316 912 corona
1339 863 1499 919 fores;

224 992 227 993 ⁷
280 942 695 1007 Auspicibusque
723 942 846 990 Deis
873 944 998 991 tanti
1024 942 1337 1005 cognominis
1364 942 1510 989 heres

1597 943 1695 988 615

351 1019 533 1068 Omine
560 1020 819 1084 suscipiat,
848 1037 949 1084 quo
976 1029 1135 1085 pater,
1164 1021 1299 1068 orbis
1326 1036 1471 1082 onus.

282 1098 594 1144 RESPICIET
621 1097 771 1146 Titan
798 1107 936 1146 actas
962 1100 1047 1146 ubi
1070 1099 1248 1146 tertius
1276 1098 1416 1154 Idus,

348 1175 494 1223 Fient
520 1175 801 1224 Parrhasiae
828 1193 970 1225 sacra
995 1178 1154 1225 relata
1182 1177 1322 1225 Deae.

280 1254 413 1301 Nam
439 1253 577 1318 prius
603 1254 854 1303 Ausonias
877 1263 1062 1304 matres
1086 1262 1328 1320 carpenta
1351 1254 1631 1303 vehebant:

346 1330 472 1378 Haec
488 1347 692 1396 quoque
713 1333 776 1380 ab
795 1332 1015 1382 Evandri
1030 1334 1166 1382 dicta
1185 1340 1395 1398 parente
1415 1347 1541 1380 reor.
1593 1333 1692 1379 620

275 1487 306 1512 to
330 1481 460 1523 augurio
480 1489 648 1524 postquam
672 1482 795 1524 inclyta
819 1484 948 1515 condita

279 1531 378 1562 Roma
394 1531 475 1562 est.'’
513 1533 643 1562 Sueton.
659 1532 747 1574 Aug.
766 1534 784 1564 7
800 1545 807 1570 ;
826 1534 947 1569 Florus,

277 1581 336 1611 IV.
354 1580 408 1612 xii.
431 1581 493 1620 663
518 1581 592 1618 Dio,
616 1581 671 1612 lib.
691 1582 747 1613 liii.
770 1582 883 1615 πάντα
906 1585 947 1615 τὰ

274 1631 481 1672 ἑντιμώτατα
506 1632 559 1663 καὶ
582 1633 623 1663 τὰ
645 1631 803 1674 ὶερώτατα
824 1634 944 1676 αὐγου-

274 1682 336 1712 στὰ
354 1683 514 1713 καλεῖται.
555 1681 634 1713 Inde
654 1689 686 1713 et
700 1682 838 1724 Augusti
858 1684 946 1725 pala-

273 1731 350 1761 tium
376 1731 527 1772 peculiari
553 1732 672 1762 ratione
695 1738 832 1763 sanctum
859 1732 946 1764 dice-

272 1780 376 1812 batur.
415 1781 498 1812 Vide
514 1781 624 1812 Bentl.
637 1781 676 1812 ad
690 1782 870 1818 Horatium,
885 1783 944 1814 IV.

273 1830 338 1861 Od.
352 1830 397 1861 iv.
416 1830 468 1862 26.
508 1831 705 1862 sacerdotnm
729 1844 834 1863 manu.
851 1833 944 1864 Tem·

271 1880 324 1921 pla
339 1879 383 1910 ita
400 1879 642 1918 dedicabantur,
657 1887 693 1912 ut
707 1882 855 1913 Pontifex
872 1893 943 1925 pos-

272 1935 334 1960 tem
359 1942 452 1961 mami
473 1936 609 1962 teneret.
658 1932 764 1971 Hujus
790 1939 818 1963 et
842 1944 944 1975 augn-

271 1981 362 2016 rium,
392 1986 453 2011 etc.
479 1980 519 2011 ab
550 1980 609 2012 hoc
640 1981 766 2013 nomine
791 1983 882 2013 fluxit
912 1990 944 2015 et

271 2039 338 2060 voc.
363 2030 542 2071 augurium.
591 2030 718 2065 Querna
739 2043 860 2063 corona.
884 2035 943 2064 Su-

270 2088 327 2118 pra
348 2078 428 2109 fores
449 2078 567 2109 Palatii
591 2078 694 2110 civica
718 2091 735 2111 e
755 2092 866 2121 quercu
890 2092 942 2113 co—

270 2138 344 2159 rona
366 2138 518 2170 suspensa
547 2134 625 2165 erat,
650 2136 681 2160 et
709 2130 748 2161 ad
772 2137 940 2173 utrumque

271 2178 353 2208 latus
370 2178 477 2208 laurus
492 2178 607 2213 stabat,
624 2179 825 2221 triumphalis
841 2181 941 2212 arbor.

271 2228 394 2258 Corona
410 2228 443 2257 ob
462 2229 539 2258 eires
554 2235 684 2259 servatos
701 2231 848 2270 inscripta
864 2239 941 2263 erat.

272 2277 367 2307 Heres
382 2282 430 2308 est
442 2277 596 2314 Tiberius,
609 2278 660 2308 cui
671 2278 809 2320 Augusti
825 2291 940 2312 nomen

266 2325 503 2356 hereditarium.
526 2327 655 2358 Sueton.
672 2327 741 2358 Tib.
757 2329 810 2359 26.

312 2375 498 2406 617—636.
516 2376 579 2406 Die
596 2376 719 2408 decimo
730 2377 854 2419 quinto,
869 2379 939 2410 scil.

267 2423 353 2455 xviii.
384 2424 524 2455 Kalend.
550 2425 700 2457 Februar.
729 2438 834 2458 rursus
861 2429 938 2459 Car·

265 2475 421 2504 mentalia.
475 2473 590 2505 Confer
615 2475 778 2506 Plutarch.
813 2478 937 2515 Quaest.

269 2524 361 2555 Rom.
388 2529 464 2554 tom.
486 2524 540 2554 vii.
567 2536 598 2567 p.
622 2524 695 2556 124.
721 2525 797 2558 edit.
823 2528 936 2559 Reisk.

268 2576 370 2611 Aetas,
400 2579 586 2611 transactas,
617 2583 761 2607 exactas.
811 2578 936 2614 Relata,

264 2624 389 2660 iterata,
408 2623 555 2666 repetita.
604 2624 654 2655 De
673 2625 842 2657 Parrhasia
864 2627 937 2659 Dea

266 2673 337 2704 vide
363 2673 404 2704 ad
419 2684 482 2704 ver.
503 2673 578 2704 478.
619 2674 745 2711 Matres,
768 2682 933 2713 matronre,

266 2723 422 2754 mulieres.
456 2724 621 2763 carpenta,
638 2734 746 2755 currus
762 2736 833 2756 cuin
850 2732 934 2757 tecto

264 2780 394 2805 arcuato
417 2773 554 2815 rotisque
573 2773 709 2810 duabus,
729 2775 781 2817 qui
801 2786 884 2817 saepe
901 2776 932 2806 in

1017 1484 1155 1516 nummis
1186 1490 1370 1515 cernuntur.
1425 1483 1624 1514 Beckmann.
1658 1482 1690 1513 in

1018 1535 1209 1577 Beyeruegen
1230 1546 1286 1565 zur
1305 1534 1483 1565 Geschichee
1502 1535 1558 1565 der
1581 1533 1687 1574 Eifin-

1014 1586 1150 1628 ditngen,
1174 1585 1210 1615 P.
1226 1584 1259 1615 ii.
1283 1596 1315 1627 p.
1332 1585 1408 1615 391.
1429 1584 1529 1614 serius
1551 1583 1620 1614 haec
1641 1583 1689 1614 in-

1014 1641 1109 1666 venta
1125 1639 1226 1677 putat.
1243 1635 1309 1665 An.
1327 1634 1367 1665 U.
1385 1633 1422 1665 C.
1434 1633 1510 1664 360.
1526 1632 1638 1664 Roniae
1654 1632 1687 1664 id

1016 1684 1142 1716 honoris
1166 1684 1329 1715 decretum
1353 1682 1513 1720 matronis,
1539 1687 1560 1700 ‘⁴
1579 1687 1614 1713 ut
1638 1682 1687 1725 pi-

1015 1733 1100 1765 lento
1118 1732 1284 1775 (vehiculo
1298 1732 1412 1775 pensili
1428 1737 1460 1764 et
1473 1731 1686 1764 commodiore

1014 1783 1101 1821 aliis)
1113 1783 1153 1815 ad
1161 1793 1251 1815 sacra
1262 1783 1430 1825 ludosque,
1438 1782 1598 1825 carpentis
1608 1782 1689 1814 festo

1014 1833 1212 1875 profestoque
1226 1838 1388 1864 uterentur
1400 1832 1432 1872 ;''
1457 1831 1578 1868 Livius,
1590 1843 1620 1863 v.
1633 1834 1687 1864 25.

1014 1883 1061 1914 Ab
1084 1883 1227 1914 Evandri
1249 1888 1388 1922 parente,
1405 1881 1490 1924 quod
1509 1880 1562 1913 vix
1577 1892 1686 1913 verum

1012 1942 1080 1964 esse
1095 1937 1210 1974 potest,
1223 1933 1315 1962 honor
1332 1933 1474 1972 eripitur.
1520 1931 1551 1962 A
1566 1931 1686 1963 Senatu

1011 1981 1178 2022 prohibitae
1217 1986 1290 2012 sunt
1326 1979 1493 2023 Ὀχήμασι
1539 1981 1686 2023 χρῆσθαι

1011 2032 1179 2070 ζευκτοῑς;
1210 2029 1374 2062 Plutarch.
1397 2029 1428 2061 d.
1451 2029 1473 2060 l.
1505 2030 1682 2067 Destinare‚

1011 2080 1071 2112 sibi
1092 2091 1279 2123 proponere,
1297 2079 1500 2111 constituere.
1538 2079 1623 2111 Vide
1644 2079 1686 2111 ad

1014 2130 1099 2161 Plin.
1130 2130 1158 2163 Ι.
1182 2130 1285 2173 Epist.
1307 2129 1373 2161 viii.
1399 2130 1435 2160 l:
1478 2129 1683 2168 Plutarchus,

1011 2179 1196 2212 συνέθεντο.
1243 2179 1386 2222 Ingratos
1407 2182 1497 2216 viros,
1517 2179 1585 2211 sive
1606 2180 1683 2223 quia

1010 2231 1083 2261 viris
1104 2230 1250 2261 omnibus
1269 2229 1458 2262 Senatorum
1479 2229 1684 2262 interdictum

1008 2280 1222 2322 imputabant,
1263 2279 1328 2311 sive
1365 2279 1440 2321 quia
1477 2284 1509 2311 et
1547 2280 1682 2312 virorum

1007 2329 1103 2371 culpa
1125 2329 1235 2371 aliqua
1258 2329 1291 2360 in
1310 2329 1369 2360 liae
1391 2340 1437 2360 re.
1475 2329 1581 2362 Etiam
1603 2330 1681 2362 Plu-

1008 2379 1146 2414 tarchus,
1183 2378 1392 2421 ἀμυνόμεναι
1430 2380 1510 2417 τοὺς
1545 2378 1681 2422 ἄνδρας.

1010 2428 1106 2463 Coeca,
1126 2428 1338 2459 clandestino.
1364 2428 1412 2460 ΙΙ.
1429 2429 1539 2460 Amor.
1561 2429 1625 2461 xiv.
1649 2431 1681 2461 4.

1007 2478 1061 2509 ubi
1083 2478 1122 2509 de
1146 2478 1261 2520 puellis
1281 2489 1362 2510 onus
1377 2478 1494 2510 ventris
1516 2479 1562 2510 sic
1583 2490 1680 2511 exeu-

1007 2527 1170 2564 uentibus,
1185 2532 1207 2545 “
1226 2538 1330 2559 caecas
1346 2535 1471 2559 armant
1486 2528 1519 2560 in
1538 2539 1594 2560 sua
1612 2529 1679 2560 fata

1005 2576 1154 2608 manus.”
1202 2577 1261 2608 Jns
1289 2579 1466 2609 restituisse.
1500 2577 1585 2609 Hinc
1608 2588 1678 2609 mu-

1004 2625 1097 2657 lieres
1112 2625 1321 2658 εὐτεκνοῦσαι
1337 2627 1392 2658 καὶ
1414 2627 1677 2663 πολυτεκνοῦσαι

1004 2677 1156 2718 templum
1182 2676 1361 2708 Carmentae
1385 2684 1568 2719 posuerunt.
1613 2677 1676 2708 Ei·-

1003 2733 1125 2763 emtum,
1139 2726 1313 2758 ademtum.
1347 2727 1431 2759 Vide
1448 2727 1558 2769 Burm.
