1830 3220
663 456 1062 502 EXCURSUS

535 586 624 639 IN
671 587 941 642 OVIDII
990 590 1189 654 IBIN,

354 727 630 768 AUCTORE
662 731 712 767 D.
745 730 1085 771 SALVAGNIO
1117 734 1372 773 Bossssm.

730 864 996 897 *ῳ-

721 998 937 1041 CAPUT
971 1000 1006 1041 Ι.

146 1115 319 1141 MULTOS
341 1116 448 1141 HUIC
467 1116 690 1143 ΡΟΕΜΑΤΙΟ
706 1118 855 1143 MANUS
871 1119 1134 1146 ADMOVISSE:
1163 1120 1406 1147 NONNULLA
1422 1122 1577 1149 TAMEN

294 1180 342 1205 IN
364 1180 418 1206 EO
439 1180 703 1214 SUPERESSE,
725 1182 886 1212 QUIBUS
907 1183 1157 1209 ENODANDIS
1179 1185 1322 1211 OEDIPO
1344 1186 1430 1211 VEL

653 1245 840 1270 SIBYLLA
863 1247 931 1271 SIT
952 1247 1069 1272 OPUS.

147 1332 357 1401 QUUM
379 1350 564 1404 primum
587 1351 776 1392 animum
803 1353 858 1393 ad
886 1352 1035 1393 Ovidii
1057 1353 1245 1394 libellum
1269 1354 1309 1394 in
1334 1354 1432 1395 Ibin
1455 1369 1577 1396 enar-

144 1418 327 1459 randum
349 1417 511 1472 adpuli‚
536 1418 639 1459 nihil
661 1419 761 1459 mihi
787 1420 904 1474 prius
928 1427 1060 1475 atque
1091 1422 1309 1476 antiquius
1332 1423 1427 1472 fuit,
1450 1439 1579 1478 quam

145 1492 194 1528 ut
226 1487 431 1535 omnium,
464 1487 538 1541 qui
569 1487 623 1528 de
657 1487 735 1529 hoc
767 1488 911 1529 libello
943 1489 1056 1531 bene
1089 1490 1231 1531 meriti
1263 1497 1422 1540 essent,
1449 1491 1578 1533 Com-

146 1556 379 1597 mentarios
412 1556 605 1610 undique
637 1555 899 1611 perquisitos
930 1558 1202 1599 evolverem:
1236 1560 1456 1601 enimvero
1485 1560 1578 1615 plu-

147 1625 244 1666 rimi
275 1630 365 1665 tum
396 1630 557 1673 nostra,
581 1630 670 1665 tum
703 1631 873 1679 patrum
903 1631 947 1666 et
977 1641 1154 1667 avorum
1181 1627 1402 1676 memoria,
1426 1628 1469 1669 in
1500 1628 1579 1670 hoc

147 1693 380 1749 poematio,
406 1698 610 1747 tanquam
640 1694 682 1733 in
715 1692 944 1748 Olympico
974 1694 1112 1736 stadio
1143 1710 1227 1736 non
1255 1695 1362 1737 citra
1389 1695 1580 1751 pulveris

148 1768 311 1805 tactum
333 1762 617 1803 desudarunt.
661 1762 857 1814 Quorum
877 1764 1089 1804 vetustior
1109 1765 1232 1811 ἄδηλος
1252 1765 1421 1806 caeteris
1438 1766 1580 1807 facem

149 1832 364 1887 praetulit;
404 1832 481 1872 sed
516 1837 543 1853 “
567 1831 663 1886 ejus
695 1832 891 1880 scrinia‚”
916 1833 1054 1887 inquit
1085 1832 1304 1874 Adrianus
1335 1834 1580 1883 Turnebus,

148 1900 386 1942 Adversar.
411 1900 483 1940 lib.
515 1900 575 1940 ix.
603 1914 697 1954 cap.
725 1900 797 1941 25.
823 1906 849 1923 “
874 1901 946 1941 alii
975 1901 1234 1956 interpretes
1266 1902 1580 1957 compilarunt;

149 1975 194 2011 et
216 1969 389 2024 scripta,
413 1968 497 2010 etsi
519 1970 739 2018 mendosa,
759 1969 875 2010 unde
899 1975 1043 2011 tamen
1066 1970 1199 2011 multa
1221 1971 1390 2012 odorari
1411 1978 1580 2026 potera-

149 2052 258 2086 mus,
293 2037 666 2092 suppresserunt.’'
731 2037 825 2078 Nos
859 2037 979 2078 illum
1012 2039 1175 2079 tamdiu
1207 2039 1501 2081 desideratum
1538 2041 1581 2082 in

149 2107 293 2148 lucem
323 2106 531 2155 edemus;
564 2106 641 2147 sed
671 2106 801 2156 enim,
824 2107 926 2161 quia
950 2107 1083 2149 foedis
1113 2108 1382 2163 glossematis
1410 2124 1459 2150 ac
1482 2124 1581 2164 sup-

149 2175 348 2231 posititiis
366 2181 592 2216 auctorum
608 2175 865 2217 testimoniis
882 2176 1132 2231 inquinatus
1150 2182 1230 2226 est,
1247 2191 1397 2218 aurum
1414 2192 1468 2218 ex
1486 2179 1581 2233 ejus

151 2250 342 2285 stercore
367 2244 676 2298 colligendum.
736 2243 868 2286 Anno
891 2259 995 2286 vero
1020 2259 1149 2299 supra
1174 2245 1447 2287 millesimum
1476 2261 1579 2301 qua-

150 2318 218 2354 ter
257 2313 494 2354 centesimo
536 2313 816 2367 nonagesimo
858 2313 1023 2367 quinto,
1065 2313 1283 2355 Domitius
1321 2314 1580 2357 Calderinus

149 2380 416 2423 Veronensis
448 2381 492 2422 in
524 2381 566 2422 id
602 2386 692 2422 toto
727 2387 904 2435 pectore
934 2381 1156 2430 incubuit;
1189 2382 1252 2423 vir
1280 2383 1457 2437 quidem
1488 2384 1579 2439 plu-

149 2449 270 2490 rimae
301 2450 346 2490 in
377 2449 532 2490 litteris
563 2449 800 2496 industriae,
835 2450 908 2504 qui
941 2464 1074 2505 quum
1105 2449 1258 2491 Romae
1289 2452 1579 2506 profiteretur,

151 2524 196 2560 et
227 2519 410 2560 obscura
441 2519 661 2559 duriorum
697 2525 922 2573 poetarum
961 2534 1088 2561 sensa
1119 2520 1354 2561 reconditae
1385 2520 1580 2563 lectionis

151 2587 391 2630 admirabili
413 2588 656 2628 testimonio
675 2588 947 2637 dilucidaret,
965 2588 1160 2629 litterarii
1182 2588 1421 2643 splendoris
1444 2604 1579 2630 asser-

152 2663 231 2704 tor,
267 2670 316 2697 ac
353 2655 490 2697 omnis
523 2655 796 2697 obscuritatis
828 2656 1076 2706 illustrator,
1111 2657 1371 2699 acclamatus
1403 2664 1483 2707 est,
1519 2659 1581 2699 uti

155 2724 318 2766 Paulus
348 2724 502 2766 Jovius
535 2724 577 2765 in
613 2725 708 2780 ejus
741 2725 895 2782 Elogio
931 2726 1144 2781 prodidit:
1190 2742 1268 2768 nec
1308 2728 1446 2769 minus
1477 2743 1580 2769 vere
