1809 3220
180 211 266 255 120

574 209 624 250 P.
661 207 879 250 OVIDII
914 205 1202 249 NASONIS

182 328 250 378 Et
273 335 443 377 tamen
468 333 585 374 ante
611 340 788 373 omnes
816 322 1038 372 Martem
1063 323 1266 371 coluere
1292 322 1514 387 priores:

249 405 362 454 Hoc
388 405 600 453 dederat
624 402 807 451 studiis
829 401 1014 450 bellica
1035 402 1185 449 turba
1210 400 1332 449 suis.

1537 403 1602 448 80

178 483 392 534 Pallada
418 481 735 546 Cecropidae,
757 479 953 528 Minoia
980 479 1137 528 Creta
1158 478 1395 535 Dianam,

244 562 530 609 Vulcanum
554 559 706 608 tellus
734 557 1061 623 Hypsipylea
1084 557 1233 614 colit;

174 640 206 689 J
211 655 429 688 unonem
458 638 659 703 Sparte,
688 635 1133 701 Pelopeiadesque
1161 634 1427 700 Mycenae;

243 716 540 782 Pinigerum
568 716 728 764 Fauni
752 714 986 763 Maenalis
1011 731 1099 763 ora
1123 721 1294 780 caput.

177 796 318 846 Mars
346 796 490 845 Latio
514 795 833 844 venerandus
859 802 983 852 erat,
1011 795 1133 860 quia
1158 793 1398 859 praesidet
1423 792 1598 850 armis;

243 875 400 923 Arma
424 874 540 924 ferae
567 874 706 937 genti
733 890 944 939 remque
971 873 1234 938 decusque
1261 873 1470 921 dabant.

1537 873 1600 918 86

177 953 326 1010 Quod
353 954 393 1002 si
419 953 546 1003 forte
572 970 740 1009 vacas,
768 953 1063 1018 peregrinos
1091 952 1286 1016 inspice
1312 951 1494 999 Fastos
1518 967 1527 997 ε

246 1031 443 1081 Mensis
469 1033 518 1080 in
546 1032 623 1080 his
649 1032 803 1081 etiam
829 1031 1030 1079 nomine
1059 1030 1242 1078 Martis
1268 1029 1379 1078 erit.

175 1111 375 1160 Tertius
402 1110 644 1166 Albanis;
687 1110 897 1174 quintus
923 1108 1015 1157 fuit
1039 1109 1121 1157 ille
1155 1108 1391 1165 Faliscis;

245 1189 435 1238 Sextus
462 1189 597 1254 apud
620 1189 851 1253 populos,
882 1187 1105 1237 Hernica
1130 1196 1280 1245 terra,
1306 1195 1437 1236 tuos.

1534 1190 1599 1234 90

180 1267 318 1317 Inter
343 1268 594 1325 Aricinos,
624 1268 927 1332 Albanaque
953 1275 1184 1332 tempora
1208 1274 1460 1322 constant,

243 1345 504 1411 Factaque
528 1346 771 1410 Telegoni
799 1347 985 1394 moenia
1008 1347 1146 1394 celsa
1172 1362 1339 1394 manu.

218 1511 271 1542 79.
295 1511 410 1553 Neque
433 1516 537 1542 tamen
554 1509 713 1541 Romulus
733 1510 851 1551 primus

172 1561 203 1592 in
215 1560 283 1592 istis
298 1560 376 1592 locis
389 1567 444 1592 aut
457 1560 572 1591 Martis
582 1560 703 1590 cultum
719 1559 850 1595 invexit,

173 1617 228 1644 aut
249 1621 389 1643 mensem
410 1610 437 1642 ci
463 1609 671 1642 consecravit.
722 1610 757 1641 Id
773 1610 849 1640 dum

172 1667 266 1705 poeta
280 1662 432 1704 explicat,
449 1671 465 1691 a
482 1660 659 1692 narratione
681 1660 791 1691 transit
808 1660 849 1691 ad

173 1711 431 1755 disputationem,
471 1710 639 1753 induitque
683 1721 848 1753 personam

171 1762 383 1803 grammatici.
450 1762 582 1796 Priores,
624 1761 728 1792 Latini
774 1767 846 1791 ante

174 1811 357 1843 Romulum.
409 1811 524 1847 Diana,
558 1810 611 1841 ubi
653 1810 846 1846 adoleverat,

171 1862 282 1895 relicta
297 1861 392 1898 Delo,
411 1861 532 1892 Cretum
554 1861 694 1903 profecta
711 1861 846 1902 Dictyn-

171 1922 275 1944 naeum
292 1917 430 1942 montem
448 1910 651 1946 inhabitavit.
668 1910 753 1941 unde
769 1910 846 1941 Dic-

171 1970 271 2005 tynna
308 1962 417 1999 dicta;
467 1961 571 1992 Schol.
603 1961 643 1991 ad
674 1960 846 1991 Pindarum

170 2013 268 2055 Pyth.
291 2022 411 2052 argum.
436 2023 466 2054 p.
491 2011 562 2043 185.
607 2010 782 2053 Spanhem.
809 2011 848 2042 ad

171 2063 300 2095 Callim.
316 2062 413 2093 Dian.
437 2061 493 2092 xli.
521 2061 551 2093 h.
578 2061 598 2091 l.
624 2061 700 2102 legit
729 2061 847 2092 Minoia

173 2114 275 2150 turba,
291 2118 323 2144 et
338 2111 426 2143 intel.
443 2111 599 2142 Cnossum
615 2110 762 2147 insulam,
777 2121 847 2152 quae

170 2164 211 2195 ab
236 2163 386 2197 Homer0‚
403 2160 467 2193 Od.
482 2165 510 2192 Ι.
530 2161 602 2192 178.
619 2160 738 2191 Minois
763 2161 848 2202 regia

171 2214 258 2246 dicta
285 2213 337 2244 sit.
386 2213 424 2242 In
454 2211 559 2242 insula
588 2212 720 2248 Lemno,
749 2221 846 2253 quum

172 2263 319 2296 mulieres
341 2273 442 2304 genus
464 2273 557 2293 omne
573 2261 709 2292 virorum
728 2260 843 2292 interfi-

171 2319 288 2350 cerent,
315 2312 486 2353 Hypsipyle
514 2311 694 2343 Thoantem
724 2316 847 2352 patrem

169 2364 254 2396 clam
276 2362 350 2394 navi
373 2361 554 2404 impositum
577 2361 737 2400 servavit3
760 2361 847 2403 Hyg.

170 2415 250 2446 Fab.
287 2425 341 2445 xv.
397 2413 706 2454 Sparte—Mycenas.
752 2412 847 2444 Adde

171 2466 282 2507 Argos,
308 2474 380 2506 quae
403 2469 466 2494 tres
489 2464 583 2495 urbes
606 2462 724 2494 Juuoni
751 2472 846 2494 sacrae

171 2513 213 2546 ad
227 2513 359 2545 Homeri
383 2512 577 2556 exemplum,
592 2511 674 2542 infra
690 2513 731 2543 vi.
748 2512 802 2542 47.
817 2519 847 2544 et

172 2565 311 2596 Metam.
336 2563 379 2594 vi.
404 2564 479 2594 414.
501 2574 564 2594 uno
590 2572 680 2594 versu
706 2572 846 2604 compre-

169 2613 364 2646 henduntur.
410 2614 438 2644 E
473 2612 604 2644 consilio
640 2619 741 2655 poetae
780 2623 842 2643 non

169 2663 354 2696 nominandi
385 2662 529 2699 fuissent,
554 2662 612 2694 nisi
642 2662 762 2705 populi,
787 2662 842 2703 qni

167 2716 277 2746 studiis
290 2716 353 2746 suis
366 2713 457 2745 ducti
472 2713 578 2745 Deum
601 2713 740 2755 aliquem
757 2718 840 2744 tute-

168 2765 266 2797 larem
291 2764 352 2796 sibi
377 2764 551 2806 elegerunt.
599 2763 739 2798 Faunus,
757 2763 838 2795 Pan.

169 2814 223 2857 qui
241 2819 263 2832 “
280 2815 356 2857 pinu
379 2819 475 2856 caput
498 2814 687 2856 praecinctus
703 2818 798 2844 acuta
811 2812 840 2850 ;'’

923 1511 1056 1542 Metam.
1075 1511 1093 1541 i.
1114 1512 1188 1542 699.
1238 1510 1317 1540 Eum
1341 1509 1442 1540 omnis
1459 1507 1586 1539 Arcadi:

921 1560 1007 1590 colit.
1055 1560 1136 1592 Vide
1161 1559 1199 1591 ad
1225 1559 1258 1590 ii.
1276 1560 1351 1591 271.
1401 1558 1504 1601 Hujus
1526 1568 1596 1600 pars

924 1610 1068 1641 Mernalia
1106 1621 1177 1641 cum
1217 1609 1342 1652 oppidis
1379 1607 1570 1651 quibusdam
1589 1620 1597 1645 ;

922 1660 1108 1697 Pausanias,
1133 1671 1163 1702 p.
1190 1661 1266 1692 233.
1316 1660 1456 1690 Manalis
1481 1669 1534 1688 ora
1562 1662 1595 1688 ut

922 1712 1049 1741 :insonis
1065 1723 1116 1741 ora
1133 1710 1166 1741 ii.
1178 1711 1231 1741 94.
1278 1709 1383 1741 Armis
1399 1721 1460 1740 rem
1476 1707 1596 1749 (facul-

920 1763 1018 1801 tates)
1030 1767 1061 1792 et
1077 1764 1179 1795 decus.
1196 1760 1328 1801 gloriam
1345 1759 1459 1801 parari.
1472 1764 1503 1789 et
1520 1757 1595 1789 alibi

917 1811 1044 1852 legitur.
1084 1810 1168 1841 Vide
1187 1811 1418 1841 Burmannum.

961 1861 1015 1892 87.
1039 1860 1144 1892 Etiam
1161 1860 1264 1892 Varro
1276 1866 1386 1892 auctor
1403 1860 1515 1897 fuerat,
1527 1858 1594 1890 Ro-

917 1922 1027 1942 manos
1042 1911 1169 1943 nomina
1187 1910 1341 1942 mensium
1361 1920 1380 1941 a
1396 1909 1522 1942 Latinis
1539 1919 1594 1942 ac·

917 1961 1049 2003 cepisse,
1060 1961 1278 2002 Martiumque
1294 1970 1434 1991 mensem
1451 1970 1470 1991 a
1486 1960 1593 1992 Marte

918 2010 1046 2053 quidem
1073 2010 1284 2046 nominatum,
1304 2020 1413 2041 verum
1436 2020 1498 2041 non
1519 2009 1594 2053 quia

917 2061 970 2092 ille
986 2061 1115 2093 Romuli
1140 2067 1229 2103 pater
1251 2060 1356 2098 suerit,
1372 2059 1428 2092 scd
1449 2059 1526 2102 quia
1547 2061 1593 2092 sic

919 2112 1021 2143 Latini
1035 2124 1044 2151 ;
1069 2111 1234 2144 Censorin.
1251 2111 1291 2143 de
1316 2111 1379 2143 Die
1404 2110 1484 2142 Nat.
1500 2111 1521 2142 i.
1536 2112 1592 2143 20.

917 2163 968 2194 De
992 2162 1179 2205 populorum
1203 2174 1274 2204 sqq.
1289 2161 1451 2193 communi
1474 2161 1593 2204 origine

917 2224 933 2243 c
950 2223 1066 2254 genere
1084 2213 1227 2243 Ausonio
1239 2213 1310 2243 vide
1327 2210 1443 2253 Heynii
1460 2211 1595 2244 Excurs.

919 2264 978 2294 IV.
1004 2263 1045 2295 ad
1074 2265 1150 2295 AEn.
1175 2263 1227 2294 vii.
1276 2263 1337 2294 Eos
1366 2272 1493 2304 quoque
1522 2272 1596 2294 suos

920 2315 946 2345 F
946 2322 1022 2346 astos
1037 2314 1196 2350 habuisse,
1209 2314 1305 2345 etiam
1321 2323 1362 2344 ex
1374 2312 1414 2343 vi.
1427 2313 1480 2344 59.
1491 2318 1593 2355 patet.

916 2371 948 2396 et
963 2365 1141 2407 fragmenta
1155 2364 1304 2406 quaedam
1319 2373 1427 2394 eorum
1441 2363 1594 2395 recentio-

915 2415 1002 2447 ribus
1017 2415 1212 2458 temporibus
1226 2419 1351 2457 reperta
1363 2420 1453 2450 sunt.

959 2466 1013 2497 91.
1048 2465 1136 2496 Inter
1164 2463 1314 2495 Aricinos
1339 2468 1372 2494 et
1394 2462 1593 2494 Tusculanos

916 2515 1002 2546 valet
1020 2515 1133 2546 eadem
1150 2513 1299 2557 temporis
1313 2512 1441 2551 divisio,
1456 2523 1527 2555 quae
1544 2512 1590 2544 iu-

916 2571 962 2596 ter
987 2564 1142 2596 Albanos.
1191 2563 1333 2604 Tempora
1362 2562 1435 2594 scil.
1465 2572 1590 2594 menses

912 2622 1064 2650 constant,
1090 2613 1296 2650 conveniunt,
1329 2615 1410 2644 inter
1438 2613 1589 2649 Aricinos,

914 2665 1091 2705 Albanaque
1121 2665 1232 2695 incenia
1263 2669 1292 2694 et
1319 2663 1416 2704 fizcta
1447 2662 1589 2704 Telegoni

913 2725 1020 2744 manu.
1067 2713 1226 2744 Taubner.
1242 2718 1361 2748 monet,
1372 2722 1464 2754 posse
1484 2716 1517 2742 et
1533 2712 1587 2742 At-

911 2765 989 2795 baua
1006 2774 1061 2805 pro
1076 2762 1251 2794 masculino
1269 2761 1352 2805 capi,
1370 2761 1534 2800 Alban0s;
1556 2767 1589 2792 et

915 2812 1048 2844 Krebsio
1070 2819 1197 2848 constat,
1217 2811 1376 2848 convenit,
1393 2811 1494 2853 magis
1516 2810 1586 2853 pla-
