1830 3220
581 171 935 215 FASTORUM
969 171 1093 214 LIB.
1127 172 1195 216 ΙΙ.

1516 177 1600 219 111

176 291 287 340 Nec
313 307 482 350 mora3
525 291 691 339 celato
716 289 828 354 figit
852 305 945 338 sua
970 297 1180 355 pectora
1202 289 1362 349 ferro;

243 369 312 418 Et
336 370 474 419 cadit
492 369 542 417 in
565 368 756 435 patrios
783 368 1175 432 sanguinolenta
1199 370 1377 435 pedes.

173 448 317 497 Tunc
344 465 551 514 quoque
571 450 679 513 jam
706 448 947 506 moriens,
975 465 1040 496 ne
1067 465 1167 496 non
1188 449 1493 514 procumbat
1513 450 1600 498 ho·

244 527 508 593 Respicit:
538 528 646 576 haec
671 527 825 576 etiam
852 543 975 575 cura
999 528 1231 576 cadentis
1259 536 1382 577 erat.
1414 529 1598 591 [neste‚

176 605 314 656 Ecce
341 622 496 672 super
521 623 706 672 corpus
732 607 1024 655 communia
1049 607 1237 655 damna
1262 615 1545 671 gementes,

246 684 407 733 Obliti
432 686 649 742 decoris,
672 686 848 750 virque
877 694 1126 751 paterque
1147 688 1340 751 jacent.

1507 689 1603 735 836

177 763 369 812 Brutus
390 765 564 822 adest;
589 765 902 828 tandemque
919 765 1086 813 animo
1108 781 1201 812 sua
1223 764 1426 813 nomina
1445 764 1602 823 fallit;

247 842 479 908 Fixaque
507 843 773 892 semanimi
800 860 1011 908 corpore
1038 844 1142 891 tela
1168 844 1326 908 rapit;

180 921 575 986 Stillantemque
611 930 790 971 tenens
818 938 1066 986 generoso
1093 921 1340 985 sanguine
1367 921 1603 978 cultrum,

246 999 422 1049 Edidit
447 1000 730 1066 impavidos
757 1017 843 1049 ore
869 1000 1097 1049 minante
1123 1015 1305 1048 sonos:

1508 1001 1607 1046 840

178 1080 280 1129 Per
304 1081 397 1129 tibi
424 1098 519 1145 ego
539 1082 673 1129 hunc
689 1082 805 1145 juro
830 1080 1011 1129 fortem
1031 1087 1334 1143 castumque
1355 1094 1604 1135 cruorem,

247 1158 453 1224 Perque
479 1167 593 1208 tuos
621 1159 825 1216 Manes,
853 1159 941 1224 qui
967 1158 1091 1206 mihi
1118 1174 1308 1206 numen
1334 1164 1510 1214 erunt3

176 1238 510 1303 Tarquinium
536 1255 713 1304 poenas
736 1238 952 1304 profuga
976 1255 1092 1285 cum
1119 1238 1276 1301 stirpe
1302 1237 1556 1284 daturum.

244 1316 362 1365 Jam
389 1317 512 1365 satis
539 1325 619 1365 est
644 1317 801 1365 virtus
828 1317 1150 1364 dissimulata
1174 1316 1278 1363 diu.

179 1395 276 1445 Illa
294 1397 475 1460 jacens
503 1395 567 1443 ad
584 1396 739 1444 verba
758 1396 932 1443 oculos
954 1395 1063 1443 sine
1079 1394 1270 1442 lumine
1292 1393 1476 1451 movit;
1509 1395 1606 1441 845

245 1473 474 1539 Visaque
500 1489 754 1522 concussa
777 1474 918 1522 dicta
943 1474 1158 1539 probare
1184 1489 1348 1521 coma.

176 1552 358 1602 Fertur
384 1552 434 1600 in
461 1552 737 1616 exsequias
763 1552 918 1600 animi
951 1559 1185 1600 matrona
1208 1551 1364 1599 virilis
1386 1570 1398 1609 ;

248 1631 316 1680 Et
341 1648 517 1680 secum
542 1632 795 1698 lacrymas
822 1631 1167 1696 invidiamque
1192 1630 1365 1680 trahit.

221 1779 299 1811 832.
322 1779 364 1811 In
381 1781 480 1820 pedes,
495 1790 552 1822 pro
574 1779 616 1811 ad
640 1779 753 1822 pedes.
791 1781 857 1812 Ho-

176 1837 270 1866 neste,
291 1829 455 1867 decenter,
482 1830 712 1873 εὐσχημόνως.
751 1830 860 1862 Julius

178 1880 302 1917 Caesar,
326 1891 427 1923 quum
451 1880 695 1917 interficeretur,
721 1880 859 1912 “sinum

177 1931 219 1963 ad
241 1931 307 1962 ima
332 1941 425 1963 crura
446 1931 592 1968 deduxit,
609 1941 674 1974 quo
698 1931 861 1963 honestius

179 1981 342 2014 caderet.’'
378 1982 548 2014 Praeeunte
563 1981 677 2024 Eurip.
695 1982 860 2013 Hec.568.

180 2039 303 2065 veteres
328 2032 448 2075 passim
478 2032 562 2064 hanc
588 2031 775 2063 cadentium
805 2042 862 2063 cu·

179 2094 248 2115 ram
274 2088 435 2120 notarunt,
458 2088 494 2114 ut
513 2082 554 2114 ad
572 2083 710 2114 Metam.
725 2082 770 2114 iii.
787 2083 862 2114 479.

179 2139 212 2165 et
228 2133 269 2165 ad
285 2132 370 2164 Plin.
387 2133 450 2164 IV.
467 2133 528 2175 Ep.
545 2132 590 2164 xi.
605 2133 636 2164 9.
657 2133 726 2175 jam
738 2132 863 2163 monui-

179 2193 262 2214 mus.
286 2183 418 2214 Poterat
432 2181 541 2224 igitur,
556 2188 592 2214 ut
607 2192 657 2213 res
672 2181 759 2218 trita,
777 2192 862 2213 nunc

180 2233 296 2265 omitti.

226 2284 305 2316 837.
344 2283 462 2315 Nomen
492 2282 598 2319 Bruti,
628 2282 695 2314 sive
731 2282 863 2325 stupidi,

180 2334 268 2377 quod
291 2334 321 2365 ei
345 2344 401 2377 per
415 2338 614 2365 contemtum
630 2332 770 2364 inditum
785 2339 863 2371 erat,

180 2390 214 2416 et.
242 2384 335 2427 cujus
364 2384 430 2416 vim
458 2383 565 2416 adhuc
597 2383 779 2415 simulando
809 2393 864 2414 ex-

180 2441 351 2478 presserat,
374 2443 459 2466 nunc
483 2434 614 2466 tandem
629 2433 727 2477 fallit
751 2435 864 2470 auimo,

181 2485 315 2517 consilio
341 2495 378 2516 ac
401 2485 520 2516 virtute
551 2483 704 2521 ostendit,
731 2493 764 2515 se
795 2494 864 2515 esse

181 2536 312 2578 ingenio
323 2536 418 2578 longe
432 2535 506 2567 alio.
530 2534 617 2566 Hinc
633 2534 740 2566 caeteri
756 2540 865 2577 stupe-

181 2587 271 2624 bant,
288 2591 308 2604 ‘⁴
326 2586 412 2618 unde
437 2596 555 2617 novum
572 2584 606 2617 in
626 2584 720 2617 Bruti
735 2590 864 2627 pectore

182 2635 387 2679 ingenium.’'

229 2687 305 2718 841.
323 2687 386 2718 Per·
403 2687 459 2717 tibi
475 2685 556 2727 ega]
581 2685 622 2716 In
643 2684 865 2716 obtestationi-

184 2739 246 2769 bus
270 2743 302 2768 et
323 2736 512 2780 juramentis
531 2746 615 2779 saepe
638 2735 688 2766 hic
704 2735 782 2767 ordo
797 2746 866 2766 ver-

185 2788 297 2820 borum
331 2787 536 2830 perturbatus
566 2785 732 2830 reperitur.
776 2785 868 2826 Virg.

929 1782 1009 1812 AEn.
1031 1779 1074 1812 iv.
1096 1780 1182 1811 314:
1212 1783 1234 1796 ¹‘
1253 1779 1313 1810 Per
1339 1788 1398 1819 ego
1425 1777 1484 1808 has
1505 1777 1609 1820 lacry-

930 1831 1032 1862 mas.”
1068 1830 1141 1862 Liv.
1171 1829 1259 1861 xxiii.
1285 1830 1324 1861 9:
1352 1833 1372 1846 “
1390 1829 1453 1859 Per
1482 1838 1542 1870 ego
1567 1832 1610 1864 te,

929 1880 987 1919 fili,
1014 1890 1228 1923 quaecumque
1254 1879 1364 1923 jura,’'
1394 1883 1456 1910 etc.
1506 1878 1614 1909 Virtus

930 1933 1136 1967 dissimulata,
1166 1930 1283 1967 celata,
1310 1929 1387 1972 quia
1412 1929 1532 1960 Brutus
1559 1934 1612 1970 ty-

930 1982 1021 2013 ranni
1051 1987 1140 2013 metu
1171 1991 1204 2012 se
1232 1980 1367 2012 stultum
1396 1978 1613 2011 simulaverat.

931 2034 1024 2064 Lm.

976 2084 1052 2115 845.
1092 2082 1165 2114 Sine
1192 2084 1307 2113 lumine
1334 2080 1365 2111 id
1398 2079 1484 2123 quod
1512 2084 1614 2111 morte

931 2138 1090 2176 gravatos,
1106 2143 1164 2176 per
1179 2142 1258 2175 quos
1270 2131 1338 2174 jam
1355 2130 1434 2161 nihil
1451 2129 1614 2161 cernebat.

934 2184 1087 2215 Gonoussa
1118 2194 1201 2214 coma
1231 2182 1401 2225 approbat,
1425 2186 1462 2212 ut
1485 2180 1615 2222 Jupiter

933 2234 1018 2277 apud
1032 2234 1164 2265 Homer.
1194 2233 1257 2264 Sed
1270 2233 1378 2275 inepte
1394 2232 1479 2263 hunc
1494 2231 1615 2268 lusum,

934 2290 991 2315 aut
1020 2283 1080 2315 hoc
1107 2283 1296 2326 figmentum
1321 2281 1398 2313 huic
1423 2280 1482 2312 tali
1507 2291 1615 2312 narra-

935 2333 1013 2366 tioni
1029 2334 1211 2376 subjectum
1228 2332 1372 2364 arbitror.
1406 2331 1528 2362 Melius
1541 2331 1614 2362 Me-

934 2391 1012 2416 tam.
1032 2384 1056 2415 i.
1085 2384 1163 2416 566.
1194 2383 1234 2414 de
1260 2382 1401 2425 Daphne
1428 2381 1460 2412 in
1489 2381 1614 2412 laurum

934 2440 1060 2466 mutata
1075 2434 1178 2466 simile
1194 2434 1382 2476 figmentum
1400 2431 1558 2463 additum.

981 2485 1058 2516 847.
1083 2484 1202 2516 Fertur
1216 2485 1251 2514 iu
1269 2485 1422 2524 exsequias
1437 2493 1504 2525 pro,
1527 2481 1617 2524 effer-

935 2542 1002 2568 tur.
1049 2536 1193 2578 Scaliger
1214 2533 1346 2577 conjicit
1363 2533 1528 2574 Exsequias
1542 2532 1616 2575 fer-

935 2593 1000 2624 tur,
1015 2591 1050 2618 ut
1070 2586 1193 2617 dictum
1215 2585 1256 2616 sit
1274 2582 1545 2627 quemadmodum
1568 2594 1616 2613 ex-

934 2638 1050 2678 sequias
1065 2639 1124 2668 ire.
1173 2635 1282 2667 Secum
1302 2635 1453 2666 invidiam
1469 2639 1499 2664 et
1515 2633 1617 2673 lacry-

935 2698 999 2718 mas
1022 2687 1132 2723 trahit,
1157 2691 1319 2728 quatenus
1345 2683 1380 2721 ii,
1406 2682 1461 2725 qui
1487 2682 1615 2719 adsunt,

936 2736 1096 2778 lacrymas
1132 2736 1284 2772 fundunt,
1315 2736 1503 2774 invidiaque,
1531 2730 1616 2770 odio,

938 2787 1152 2819 exardescunt
1173 2787 1206 2817 in
1225 2784 1447 2827 Tarquinium.
1498 2782 1559 2813 Pro
1583 2792 1618 2812 se
