<?xml version="1.0" encoding="UTF-8"?>
<!DOCTYPE html PUBLIC "-//W3C//DTD XHTML 1.0 Transitional//EN"
    "http://www.w3.org/TR/xhtml1/DTD/xhtml1-transitional.dtd">
<html xmlns="http://www.w3.org/1999/xhtml" xml:lang="en" lang="en">
 <head>
  <title>
</title>
<meta http-equiv="Content-Type" content="text/html;charset=utf-8" />
  <meta name='ocr-system' content='tesseract 3.04.00' />
  <meta name='ocr-capabilities' content='ocr_page ocr_carea ocr_par ocr_line ocrx_word'/>
</head>
<body>
  <div class='ocr_page' id='page_1' title='image "./povidiinasonisop05oviduoft_0316.png"; bbox 0 0 1809 3220; ppageno 0'>
   <div class='ocr_carea' id='block_1_1' title="bbox 242 198 328 240">
    <p class='ocr_par' dir='ltr' id='par_1_1' title="bbox 242 198 328 240">
     <span class='ocr_line' id='line_1_1' title="bbox 242 198 328 240; baseline 0 0"><span class='ocrx_word' id='word_1_1' title='bbox 242 198 328 240; x_wconf 74' lang='lat'>288</span> 
     </span>
    </p>
   </div>
   <div class='ocr_carea' id='block_1_2' title="bbox 628 195 1249 238">
    <p class='ocr_par' dir='ltr' id='par_1_2' title="bbox 628 195 1249 238">
     <span class='ocr_line' id='line_1_2' title="bbox 628 195 1249 238; baseline -0.002 -1"><span class='ocrx_word' id='word_1_2' title='bbox 628 197 677 237; x_wconf 91' lang='lat' dir='ltr'>P.</span> <span class='ocrx_word' id='word_1_3' title='bbox 713 195 930 238; x_wconf 89' lang='lat' dir='ltr'><strong>OVIDII</strong></span> <span class='ocrx_word' id='word_1_4' title='bbox 964 195 1249 237; x_wconf 86' lang='lat' dir='ltr'><strong>NASONIS</strong></span> 
     </span>
    </p>
   </div>
   <div class='ocr_carea' id='block_1_3' title="bbox 234 311 1657 1154">
    <p class='ocr_par' dir='ltr' id='par_1_3' title="bbox 234 311 1657 1154">
     <span class='ocr_line' id='line_1_3' title="bbox 241 311 1588 376; baseline -0.003 -14"><span class='ocrx_word' id='word_1_5' title='bbox 241 314 540 362; x_wconf 76' lang='lat' dir='ltr'>PLEIADAS</span> <span class='ocrx_word' id='word_1_6' title='bbox 570 311 822 376; x_wconf 81' lang='lat' dir='ltr'>adspicies</span> <span class='ocrx_word' id='word_1_7' title='bbox 849 326 1041 369; x_wconf 82' lang='lat' dir='ltr'>omneS,</span> <span class='ocrx_word' id='word_1_8' title='bbox 1070 318 1337 375; x_wconf 89' lang='lat' dir='ltr'>totumque</span> <span class='ocrx_word' id='word_1_9' title='bbox 1365 327 1588 358; x_wconf 88' lang='lat' dir='ltr'>sororum</span> 
     </span>
     <span class='ocr_line' id='line_1_4' title="bbox 305 388 1657 454; baseline -0.003 -15"><span class='ocrx_word' id='word_1_10' title='bbox 305 393 522 454; x_wconf 83' lang='lat' dir='ltr'>Agmen,</span> <span class='ocrx_word' id='word_1_11' title='bbox 551 390 638 437; x_wconf 90' lang='lat' dir='ltr'>ubi</span> <span class='ocrx_word' id='word_1_12' title='bbox 665 397 780 437; x_wconf 91' lang='lat' dir='ltr'>ante</span> <span class='ocrx_word' id='word_1_13' title='bbox 808 388 930 436; x_wconf 90' lang='lat' dir='ltr'>Idus</span> <span class='ocrx_word' id='word_1_14' title='bbox 957 405 1057 437; x_wconf 83' lang='lat' dir='ltr'>nox</span> <span class='ocrx_word' id='word_1_15' title='bbox 1084 389 1178 437; x_wconf 90' lang='lat' dir='ltr'>erit</span> <span class='ocrx_word' id='word_1_16' title='bbox 1202 405 1303 436; x_wconf 90' lang='lat' dir='ltr'>una</span> <span class='ocrx_word' id='word_1_17' title='bbox 1327 405 1496 453; x_wconf 86' lang='lat' dir='ltr'>super.</span> <span class='ocrx_word' id='word_1_18' title='bbox 1559 390 1657 435; x_wconf 90' lang='lat'>600</span> 
     </span>
     <span class='ocr_line' id='line_1_5' title="bbox 237 466 1558 530; baseline 0 -16"><span class='ocrx_word' id='word_1_19' title='bbox 237 468 367 516; x_wconf 90' lang='lat' dir='ltr'>Tum</span> <span class='ocrx_word' id='word_1_20' title='bbox 392 467 513 515; x_wconf 90' lang='lat' dir='ltr'>mihi</span> <span class='ocrx_word' id='word_1_21' title='bbox 540 484 638 515; x_wconf 92' lang='lat' dir='ltr'>non</span> <span class='ocrx_word' id='word_1_22' title='bbox 666 467 833 514; x_wconf 91' lang='lat' dir='ltr'>dubiis</span> <span class='ocrx_word' id='word_1_23' title='bbox 860 466 1150 514; x_wconf 91' lang='lat' dir='ltr'>auctoribus</span> <span class='ocrx_word' id='word_1_24' title='bbox 1176 466 1354 530; x_wconf 85' lang='lat' dir='ltr'>incipit</span> <span class='ocrx_word' id='word_1_25' title='bbox 1379 473 1558 523; x_wconf 85' lang='lat' dir='ltr'>aestas;</span> 
     </span>
     <span class='ocr_line' id='line_1_6' title="bbox 306 543 1374 610; baseline -0.002 -18"><span class='ocrx_word' id='word_1_26' title='bbox 306 545 373 592; x_wconf 92' lang='lat' dir='ltr'>Et</span> <span class='ocrx_word' id='word_1_27' title='bbox 398 545 557 610; x_wconf 90' lang='lat' dir='ltr'>tepidi</span> <span class='ocrx_word' id='word_1_28' title='bbox 583 545 735 592; x_wconf 91' lang='lat' dir='ltr'>finem</span> <span class='ocrx_word' id='word_1_29' title='bbox 762 552 991 608; x_wconf 86' lang='lat' dir='ltr'>tempora</span> <span class='ocrx_word' id='word_1_30' title='bbox 1014 543 1144 591; x_wconf 89' lang='lat' dir='ltr'>veris</span> <span class='ocrx_word' id='word_1_31' title='bbox 1169 544 1374 591; x_wconf 89' lang='lat' dir='ltr'>habent.</span> 
     </span>
     <span class='ocr_line' id='line_1_7' title="bbox 236 621 1430 687; baseline -0.002 -17"><span class='ocrx_word' id='word_1_32' title='bbox 236 623 434 670; x_wconf 84' lang='lat' dir='ltr'><strong>IDIBUS</strong></span> <span class='ocrx_word' id='word_1_33' title='bbox 462 639 548 670; x_wconf 89' lang='lat' dir='ltr'>ora</span> <span class='ocrx_word' id='word_1_34' title='bbox 572 623 707 687; x_wconf 85' lang='lat' dir='ltr'>prior</span> <span class='ocrx_word' id='word_1_35' title='bbox 734 623 986 671; x_wconf 81' lang='lat' dir='ltr'>stellantia</span> <span class='ocrx_word' id='word_1_36' title='bbox 1006 623 1182 670; x_wconf 88' lang='lat' dir='ltr'>tollere</span> <span class='ocrx_word' id='word_1_37' title='bbox 1209 621 1430 669; x_wconf 78' lang='lat' dir='ltr'><strong>Taurum</strong></span> 
     </span>
     <span class='ocr_line' id='line_1_8' title="bbox 305 700 1420 764; baseline -0.001 -17"><span class='ocrx_word' id='word_1_38' title='bbox 305 700 533 749; x_wconf 88' lang='lat' dir='ltr'>Indicat:</span> <span class='ocrx_word' id='word_1_39' title='bbox 576 701 692 748; x_wconf 87' lang='lat' dir='ltr'>huic</span> <span class='ocrx_word' id='word_1_40' title='bbox 719 700 863 764; x_wconf 78' lang='lat' dir='ltr'>signo</span> <span class='ocrx_word' id='word_1_41' title='bbox 888 700 1060 747; x_wconf 83' lang='lat' dir='ltr'>fabula</span> <span class='ocrx_word' id='word_1_42' title='bbox 1084 707 1201 747; x_wconf 89' lang='lat' dir='ltr'>nota</span> <span class='ocrx_word' id='word_1_43' title='bbox 1227 700 1420 747; x_wconf 90' lang='lat' dir='ltr'>subest.</span> 
     </span>
     <span class='ocr_line' id='line_1_9' title="bbox 238 777 1656 842; baseline -0.001 -16"><span class='ocrx_word' id='word_1_44' title='bbox 238 778 481 835; x_wconf 80' lang='lat' dir='ltr'>Praebuit,</span> <span class='ocrx_word' id='word_1_45' title='bbox 510 786 565 826; x_wconf 92' lang='lat' dir='ltr'>ut</span> <span class='ocrx_word' id='word_1_46' title='bbox 589 785 779 834; x_wconf 88' lang='lat' dir='ltr'>taurus,</span> <span class='ocrx_word' id='word_1_47' title='bbox 808 777 975 842; x_wconf 87' lang='lat' dir='ltr'>Tyriae</span> <span class='ocrx_word' id='word_1_48' title='bbox 1003 794 1094 824; x_wconf 90' lang='lat' dir='ltr'>sua</span> <span class='ocrx_word' id='word_1_49' title='bbox 1118 784 1261 841; x_wconf 82' lang='lat' dir='ltr'>terga</span> <span class='ocrx_word' id='word_1_50' title='bbox 1286 777 1468 841; x_wconf 88' lang='lat' dir='ltr'>puellae</span> <span class='ocrx_word' id='word_1_51' title='bbox 1557 779 1656 824; x_wconf 89' lang='grc'>605</span> 
     </span>
     <span class='ocr_line' id='line_1_10' title="bbox 303 855 1314 921; baseline -0.001 -18"><span class='ocrx_word' id='word_1_52' title='bbox 303 856 523 921; x_wconf 83' lang='lat' dir='ltr'>Jupiter,</span> <span class='ocrx_word' id='word_1_53' title='bbox 551 863 603 904; x_wconf 90' lang='lat' dir='ltr'>et</span> <span class='ocrx_word' id='word_1_54' title='bbox 627 855 756 903; x_wconf 87' lang='lat' dir='ltr'>falsa</span> <span class='ocrx_word' id='word_1_55' title='bbox 779 872 968 903; x_wconf 88' lang='lat' dir='ltr'>cornua</span> <span class='ocrx_word' id='word_1_56' title='bbox 993 855 1156 903; x_wconf 91' lang='lat' dir='ltr'>fronte</span> <span class='ocrx_word' id='word_1_57' title='bbox 1182 855 1314 902; x_wconf 90' lang='lat' dir='ltr'>tulit.</span> 
     </span>
     <span class='ocr_line' id='line_1_11' title="bbox 235 933 1446 998; baseline -0.002 -16"><span class='ocrx_word' id='word_1_58' title='bbox 235 934 331 982; x_wconf 89' lang='lat' dir='ltr'>Illa</span> <span class='ocrx_word' id='word_1_59' title='bbox 350 935 528 998; x_wconf 86' lang='lat' dir='ltr'>jubam</span> <span class='ocrx_word' id='word_1_60' title='bbox 554 934 748 989; x_wconf 85' lang='lat' dir='ltr'>dextra,</span> <span class='ocrx_word' id='word_1_61' title='bbox 777 934 902 980; x_wconf 84' lang='lat' dir='ltr'>laeva</span> <span class='ocrx_word' id='word_1_62' title='bbox 926 933 1177 981; x_wconf 87' lang='lat' dir='ltr'>retinebat</span> <span class='ocrx_word' id='word_1_63' title='bbox 1201 933 1446 991; x_wconf 88' lang='lat' dir='ltr'>amictus;</span> 
     </span>
     <span class='ocr_line' id='line_1_12' title="bbox 305 1011 1368 1076; baseline -0.001 -17"><span class='ocrx_word' id='word_1_64' title='bbox 305 1012 372 1059; x_wconf 91' lang='lat' dir='ltr'>Et</span> <span class='ocrx_word' id='word_1_65' title='bbox 396 1012 544 1059; x_wconf 86' lang='lat' dir='ltr'>timor</span> <span class='ocrx_word' id='word_1_66' title='bbox 568 1012 678 1076; x_wconf 88' lang='lat' dir='ltr'>ipse</span> <span class='ocrx_word' id='word_1_67' title='bbox 706 1011 818 1058; x_wconf 87' lang='lat' dir='ltr'>novi</span> <span class='ocrx_word' id='word_1_68' title='bbox 843 1026 998 1058; x_wconf 87' lang='lat' dir='ltr'>causa</span> <span class='ocrx_word' id='word_1_69' title='bbox 1023 1011 1220 1058; x_wconf 88' lang='lat' dir='ltr'>decoris</span> <span class='ocrx_word' id='word_1_70' title='bbox 1246 1018 1368 1058; x_wconf 87' lang='lat' dir='ltr'>erat.</span> 
     </span>
     <span class='ocr_line' id='line_1_13' title="bbox 234 1088 1553 1154; baseline 0 -17"><span class='ocrx_word' id='word_1_71' title='bbox 234 1090 374 1137; x_wconf 85' lang='lat' dir='ltr'>Aura</span> <span class='ocrx_word' id='word_1_72' title='bbox 395 1090 533 1136; x_wconf 90' lang='lat' dir='ltr'>sinus</span> <span class='ocrx_word' id='word_1_73' title='bbox 560 1089 764 1153; x_wconf 85' lang='lat' dir='ltr'>implet3</span> <span class='ocrx_word' id='word_1_74' title='bbox 806 1088 961 1135; x_wconf 87' lang='lat' dir='ltr'>flavos</span> <span class='ocrx_word' id='word_1_75' title='bbox 989 1096 1157 1136; x_wconf 87' lang='lat' dir='ltr'>movet</span> <span class='ocrx_word' id='word_1_76' title='bbox 1183 1104 1304 1136; x_wconf 89' lang='lat' dir='ltr'>aura</span> <span class='ocrx_word' id='word_1_77' title='bbox 1328 1089 1553 1154; x_wconf 86' lang='lat' dir='ltr'>capillos.</span> 
     </span>
    </p>
   </div>
   <div class='ocr_carea' id='block_1_4' title="bbox 305 1165 1269 1230">
    <p class='ocr_par' dir='ltr' id='par_1_4' title="bbox 305 1165 1269 1230">
     <span class='ocr_line' id='line_1_14' title="bbox 305 1165 1269 1230; baseline -0.002 -16"><span class='ocrx_word' id='word_1_78' title='bbox 305 1166 497 1223; x_wconf 88' lang='lat' dir='ltr'>Sidoni,</span> <span class='ocrx_word' id='word_1_79' title='bbox 525 1165 598 1214; x_wconf 88' lang='lat' dir='ltr'>sic</span> <span class='ocrx_word' id='word_1_80' title='bbox 623 1166 790 1213; x_wconf 89' lang='lat' dir='ltr'>fueras</span> <span class='ocrx_word' id='word_1_81' title='bbox 816 1166 1113 1230; x_wconf 88' lang='lat' dir='ltr'>accipienda</span> <span class='ocrx_word' id='word_1_82' title='bbox 1130 1165 1269 1214; x_wconf 87' lang='lat' dir='ltr'>Jovi!</span> 
     </span>
    </p>
   </div>
   <div class='ocr_carea' id='block_1_5' title="bbox 1554 1168 1653 1214">
    <p class='ocr_par' dir='ltr' id='par_1_5' title="bbox 1554 1168 1653 1214">
     <span class='ocr_line' id='line_1_15' title="bbox 1554 1168 1653 1214; baseline -0.01 0"><span class='ocrx_word' id='word_1_83' title='bbox 1554 1168 1653 1214; x_wconf 88' lang='lat'>610</span> 
     </span>
    </p>
   </div>
   <div class='ocr_carea' id='block_1_6' title="bbox 236 1244 1542 1526">
    <p class='ocr_par' dir='ltr' id='par_1_6' title="bbox 237 1244 1503 1386">
     <span class='ocr_line' id='line_1_16' title="bbox 237 1244 1503 1309; baseline -0.001 -17"><span class='ocrx_word' id='word_1_84' title='bbox 237 1244 386 1309; x_wconf 88' lang='lat' dir='ltr'>Saepe</span> <span class='ocrx_word' id='word_1_85' title='bbox 411 1245 662 1308; x_wconf 80' lang='lat' dir='ltr'>puellares</span> <span class='ocrx_word' id='word_1_86' title='bbox 689 1244 930 1291; x_wconf 87' lang='lat' dir='ltr'>subducit</span> <span class='ocrx_word' id='word_1_87' title='bbox 955 1244 1018 1291; x_wconf 90' lang='lat' dir='ltr'>ab</span> <span class='ocrx_word' id='word_1_88' title='bbox 1044 1260 1248 1307; x_wconf 88' lang='lat' dir='ltr'>aequore</span> <span class='ocrx_word' id='word_1_89' title='bbox 1275 1244 1503 1308; x_wconf 82' lang='lat' dir='ltr'>plantas3</span> 
     </span>
     <span class='ocr_line' id='line_1_17' title="bbox 302 1322 1263 1386; baseline 0 -16"><span class='ocrx_word' id='word_1_90' title='bbox 302 1323 370 1371; x_wconf 88' lang='lat' dir='ltr'>Et</span> <span class='ocrx_word' id='word_1_91' title='bbox 394 1324 575 1371; x_wconf 90' lang='lat' dir='ltr'>metuit</span> <span class='ocrx_word' id='word_1_92' title='bbox 599 1330 766 1370; x_wconf 87' lang='lat' dir='ltr'>tactus</span> <span class='ocrx_word' id='word_1_93' title='bbox 793 1322 1073 1371; x_wconf 89' lang='lat' dir='ltr'>adsilientis</span> <span class='ocrx_word' id='word_1_94' title='bbox 1100 1338 1263 1386; x_wconf 86' lang='lat' dir='ltr'>aquae.</span> 
     </span>
    </p>

    <p class='ocr_par' dir='ltr' id='par_1_7' title="bbox 236 1399 1542 1526">
     <span class='ocr_line' id='line_1_18' title="bbox 236 1399 1542 1465; baseline -0.001 -17"><span class='ocrx_word' id='word_1_95' title='bbox 236 1401 385 1465; x_wconf 86' lang='lat' dir='ltr'>Saepe</span> <span class='ocrx_word' id='word_1_96' title='bbox 411 1401 537 1448; x_wconf 91' lang='lat' dir='ltr'>deus</span> <span class='ocrx_word' id='word_1_97' title='bbox 564 1401 786 1465; x_wconf 88' lang='lat' dir='ltr'>prudens</span> <span class='ocrx_word' id='word_1_98' title='bbox 812 1409 1010 1464; x_wconf 78' lang='lat' dir='ltr'>tergum</span> <span class='ocrx_word' id='word_1_99' title='bbox 1036 1400 1262 1448; x_wconf 88' lang='lat' dir='ltr'>demittit</span> <span class='ocrx_word' id='word_1_100' title='bbox 1287 1401 1335 1447; x_wconf 90' lang='lat' dir='ltr'>in</span> <span class='ocrx_word' id='word_1_101' title='bbox 1362 1399 1542 1456; x_wconf 88' lang='lat' dir='ltr'>undas,</span> 
     </span>
     <span class='ocr_line' id='line_1_19' title="bbox 302 1478 1187 1526; baseline 0 0"><span class='ocrx_word' id='word_1_102' title='bbox 302 1478 508 1526; x_wconf 87' lang='lat' dir='ltr'>Haereat</span> <span class='ocrx_word' id='word_1_103' title='bbox 533 1485 589 1526; x_wconf 88' lang='lat' dir='ltr'>ut</span> <span class='ocrx_word' id='word_1_104' title='bbox 609 1479 740 1526; x_wconf 93' lang='lat' dir='ltr'>collo</span> <span class='ocrx_word' id='word_1_105' title='bbox 766 1478 942 1526; x_wconf 86' lang='lat' dir='ltr'>fortius</span> <span class='ocrx_word' id='word_1_106' title='bbox 968 1480 1055 1526; x_wconf 92' lang='lat' dir='ltr'>illa</span> <span class='ocrx_word' id='word_1_107' title='bbox 1081 1495 1187 1526; x_wconf 88' lang='lat' dir='ltr'>suo.</span> 
     </span>
    </p>
   </div>
   <div class='ocr_carea' id='block_1_7' title="bbox 235 1556 1397 1605">
    <p class='ocr_par' dir='ltr' id='par_1_8' title="bbox 235 1556 1397 1605">
     <span class='ocr_line' id='line_1_20' title="bbox 235 1556 1397 1605; baseline -0.002 -1"><span class='ocrx_word' id='word_1_108' title='bbox 235 1556 489 1604; x_wconf 88' lang='lat' dir='ltr'>Litoribus</span> <span class='ocrx_word' id='word_1_109' title='bbox 514 1556 663 1604; x_wconf 88' lang='lat' dir='ltr'>tactis</span> <span class='ocrx_word' id='word_1_110' title='bbox 691 1557 858 1604; x_wconf 89' lang='lat' dir='ltr'>stabat</span> <span class='ocrx_word' id='word_1_111' title='bbox 885 1556 993 1605; x_wconf 91' lang='lat' dir='ltr'>sine</span> <span class='ocrx_word' id='word_1_112' title='bbox 1020 1556 1256 1604; x_wconf 90' lang='lat' dir='ltr'>cornibus</span> <span class='ocrx_word' id='word_1_113' title='bbox 1284 1556 1397 1603; x_wconf 92' lang='lat' dir='ltr'>ullis</span> 
     </span>
    </p>
   </div>
   <div class='ocr_carea' id='block_1_8' title="bbox 1550 1557 1647 1603">
    <p class='ocr_par' dir='ltr' id='par_1_9' title="bbox 1550 1557 1647 1603">
     <span class='ocr_line' id='line_1_21' title="bbox 1550 1557 1647 1603; baseline -0.01 0"><span class='ocrx_word' id='word_1_114' title='bbox 1550 1557 1647 1603; x_wconf 89' lang='grc'>615</span> 
     </span>
    </p>
   </div>
   <div class='ocr_carea' id='block_1_9' title="bbox 297 1634 1488 1699">
    <p class='ocr_par' dir='ltr' id='par_1_10' title="bbox 297 1634 1488 1699">
     <span class='ocr_line' id='line_1_22' title="bbox 297 1634 1488 1699; baseline 0 -18"><span class='ocrx_word' id='word_1_115' title='bbox 297 1634 328 1681; x_wconf 90' lang='lat' dir='ltr'><strong>J</strong></span> <span class='ocrx_word' id='word_1_116' title='bbox 334 1634 525 1699; x_wconf 81' lang='lat' dir='ltr'>upiter3</span> <span class='ocrx_word' id='word_1_117' title='bbox 568 1634 721 1698; x_wconf 89' lang='lat' dir='ltr'>inque</span> <span class='ocrx_word' id='word_1_118' title='bbox 746 1634 898 1682; x_wconf 90' lang='lat' dir='ltr'>deum</span> <span class='ocrx_word' id='word_1_119' title='bbox 923 1634 987 1682; x_wconf 91' lang='lat' dir='ltr'>de</span> <span class='ocrx_word' id='word_1_120' title='bbox 1013 1635 1141 1682; x_wconf 89' lang='lat' dir='ltr'>bove</span> <span class='ocrx_word' id='word_1_121' title='bbox 1165 1650 1339 1681; x_wconf 90' lang='lat' dir='ltr'>versus</span> <span class='ocrx_word' id='word_1_122' title='bbox 1366 1642 1488 1681; x_wconf 88' lang='lat' dir='ltr'>erat.</span> 
     </span>
    </p>
   </div>
   <div class='ocr_carea' id='block_1_10' title="bbox 223 1783 905 2822">
    <p class='ocr_par' dir='ltr' id='par_1_11' title="bbox 223 1783 905 2526">
     <span class='ocr_line' id='line_1_23' title="bbox 275 1783 903 1818; baseline -0.006 0"><span class='ocrx_word' id='word_1_123' title='bbox 275 1786 459 1818; x_wconf 82' lang='lat'>599—602.</span> <span class='ocrx_word' id='word_1_124' title='bbox 495 1785 560 1816; x_wconf 89' lang='grc' dir='ltr'><strong>ΙΙΙ.</strong></span> <span class='ocrx_word' id='word_1_125' title='bbox 578 1784 653 1816; x_wconf 78' lang='lat' dir='ltr'>Idas</span> <span class='ocrx_word' id='word_1_126' title='bbox 676 1784 741 1816; x_wconf 88' lang='lat' dir='ltr'>sive</span> <span class='ocrx_word' id='word_1_127' title='bbox 764 1786 813 1815; x_wconf 79' lang='lat' dir='ltr'>die</span> <span class='ocrx_word' id='word_1_128' title='bbox 836 1783 903 1815; x_wconf 81' lang='lat' dir='ltr'>xiii.</span> 
     </span>
     <span class='ocr_line' id='line_1_24' title="bbox 232 1835 904 1872; baseline -0.006 -4"><span class='ocrx_word' id='word_1_129' title='bbox 232 1837 372 1868; x_wconf 84' lang='lat' dir='ltr'>Pleiades</span> <span class='ocrx_word' id='word_1_130' title='bbox 388 1838 533 1867; x_wconf 77' lang='lat' dir='ltr'>oriuntur</span> <span class='ocrx_word' id='word_1_131' title='bbox 549 1836 674 1872; x_wconf 74' lang='lat' dir='ltr'>heliae-e,</span> <span class='ocrx_word' id='word_1_132' title='bbox 691 1840 723 1866; x_wconf 89' lang='lat' dir='ltr'>et</span> <span class='ocrx_word' id='word_1_133' title='bbox 738 1835 839 1865; x_wconf 78' lang='lat' dir='ltr'>AEstas</span> <span class='ocrx_word' id='word_1_134' title='bbox 856 1836 904 1865; x_wconf 86' lang='lat' dir='ltr'>z&#39;n-</span> 
     </span>
     <span class='ocr_line' id='line_1_25' title="bbox 230 1885 904 1927; baseline -0.006 -8"><span class='ocrx_word' id='word_1_135' title='bbox 230 1890 318 1927; x_wconf 82' lang='lat' dir='ltr'>cipit.</span> <span class='ocrx_word' id='word_1_136' title='bbox 355 1887 407 1917; x_wconf 90' lang='lat' dir='ltr'>De</span> <span class='ocrx_word' id='word_1_137' title='bbox 423 1886 600 1917; x_wconf 79' lang='lat' dir='ltr'>Pleiadibus</span> <span class='ocrx_word' id='word_1_138' title='bbox 613 1885 685 1916; x_wconf 91' lang='lat' dir='ltr'>vide</span> <span class='ocrx_word' id='word_1_139' title='bbox 702 1885 744 1916; x_wconf 89' lang='lat' dir='ltr'>iv.</span> <span class='ocrx_word' id='word_1_140' title='bbox 758 1885 818 1916; x_wconf 88' lang='grc'>169</span> <span class='ocrx_word' id='word_1_141' title='bbox 833 1896 904 1927; x_wconf 87' lang='lat' dir='ltr'>sqq.</span> 
     </span>
     <span class='ocr_line' id='line_1_26' title="bbox 231 1934 903 1977; baseline -0.004 -9"><span class='ocrx_word' id='word_1_142' title='bbox 231 1938 349 1968; x_wconf 84' lang='lat' dir='ltr'>Earum</span> <span class='ocrx_word' id='word_1_143' title='bbox 377 1942 448 1967; x_wconf 89' lang='lat' dir='ltr'>ortu</span> <span class='ocrx_word' id='word_1_144' title='bbox 473 1941 506 1967; x_wconf 90' lang='lat' dir='ltr'>et</span> <span class='ocrx_word' id='word_1_145' title='bbox 534 1946 649 1967; x_wconf 89' lang='lat' dir='ltr'>occasu</span> <span class='ocrx_word' id='word_1_146' title='bbox 675 1935 743 1977; x_wconf 85' lang='lat' dir='ltr'>jam</span> <span class='ocrx_word' id='word_1_147' title='bbox 771 1934 903 1966; x_wconf 83' lang='lat' dir='ltr'>Hesiod.</span> 
     </span>
     <span class='ocr_line' id='line_1_27' title="bbox 223 1984 905 2029; baseline -0.004 -11"><span class='ocrx_word' id='word_1_148' title='bbox 223 1985 323 2029; x_wconf 69' lang='lat' dir='ltr'>⁸Epy.</span> <span class='ocrx_word' id='word_1_149' title='bbox 348 1987 423 2017; x_wconf 83' lang='lat'>383.</span> <span class='ocrx_word' id='word_1_150' title='bbox 453 1995 550 2027; x_wconf 87' lang='lat' dir='ltr'>opera</span> <span class='ocrx_word' id='word_1_151' title='bbox 578 1984 696 2015; x_wconf 88' lang='lat' dir='ltr'>rustica</span> <span class='ocrx_word' id='word_1_152' title='bbox 723 1984 905 2016; x_wconf 83' lang='lat' dir='ltr'>definiebat.</span> 
     </span>
     <span class='ocr_line' id='line_1_28' title="bbox 232 2033 903 2075; baseline -0.006 -8"><span class='ocrx_word' id='word_1_153' title='bbox 232 2036 347 2067; x_wconf 88' lang='lat' dir='ltr'>Ortum</span> <span class='ocrx_word' id='word_1_154' title='bbox 371 2034 424 2065; x_wconf 91' lang='lat' dir='ltr'>alii</span> <span class='ocrx_word' id='word_1_155' title='bbox 447 2034 499 2065; x_wconf 84' lang='lat' dir='ltr'>die</span> <span class='ocrx_word' id='word_1_156' title='bbox 524 2035 577 2064; x_wconf 82' lang='lat'>44.</span> <span class='ocrx_word' id='word_1_157' title='bbox 592 2033 646 2065; x_wconf 82' lang='lat' dir='ltr'>alii</span> <span class='ocrx_word' id='word_1_158' title='bbox 670 2034 723 2064; x_wconf 84' lang='lat'>48.</span> <span class='ocrx_word' id='word_1_159' title='bbox 741 2034 781 2064; x_wconf 89' lang='lat' dir='ltr'>ab</span> <span class='ocrx_word' id='word_1_160' title='bbox 803 2033 903 2075; x_wconf 88' lang='lat' dir='ltr'>aequi-</span> 
     </span>
     <span class='ocr_line' id='line_1_29' title="bbox 230 2083 902 2124; baseline -0.006 -8"><span class='ocrx_word' id='word_1_161' title='bbox 230 2085 335 2116; x_wconf 86' lang='lat' dir='ltr'>noetio</span> <span class='ocrx_word' id='word_1_162' title='bbox 369 2094 464 2115; x_wconf 86' lang='lat' dir='ltr'>verno</span> <span class='ocrx_word' id='word_1_163' title='bbox 502 2083 686 2124; x_wconf 83' lang='lat' dir='ltr'>contingere</span> <span class='ocrx_word' id='word_1_164' title='bbox 721 2083 877 2124; x_wconf 87' lang='lat' dir='ltr'>putabant</span> <span class='ocrx_word' id='word_1_165' title='bbox 894 2094 902 2121; x_wconf 76' lang='lat'><em>3</em></span> 
     </span>
     <span class='ocr_line' id='line_1_30' title="bbox 230 2132 902 2172; baseline -0.003 -7"><span class='ocrx_word' id='word_1_166' title='bbox 230 2135 344 2171; x_wconf 86' lang='lat' dir='ltr'>Varro,</span> <span class='ocrx_word' id='word_1_167' title='bbox 356 2134 377 2165; x_wconf 90' lang='lat' dir='ltr'>i.</span> <span class='ocrx_word' id='word_1_168' title='bbox 393 2135 456 2172; x_wconf 80' lang='lat' dir='ltr'>2ss;</span> <span class='ocrx_word' id='word_1_169' title='bbox 481 2133 672 2168; x_wconf 85' lang='lat' dir='ltr'>Columella,</span> <span class='ocrx_word' id='word_1_170' title='bbox 690 2132 732 2163; x_wconf 89' lang='lat' dir='ltr'>xi.</span> <span class='ocrx_word' id='word_1_171' title='bbox 748 2133 797 2163; x_wconf 87' lang='lat'>14.</span> <span class='ocrx_word' id='word_1_172' title='bbox 826 2132 902 2164; x_wconf 81' lang='lat' dir='ltr'>vid.</span> 
     </span>
     <span class='ocr_line' id='line_1_31' title="bbox 230 2181 900 2224; baseline -0.007 -8"><span class='ocrx_word' id='word_1_173' title='bbox 230 2184 382 2216; x_wconf 86' lang='lat' dir='ltr'>Petavius</span> <span class='ocrx_word' id='word_1_174' title='bbox 397 2183 489 2214; x_wconf 88' lang='lat' dir='ltr'>Varr.</span> <span class='ocrx_word' id='word_1_175' title='bbox 506 2182 641 2213; x_wconf 81' lang='lat' dir='ltr'>Dissert.</span> <span class='ocrx_word' id='word_1_176' title='bbox 657 2181 714 2212; x_wconf 88' lang='lat' dir='ltr'>lib.</span> <span class='ocrx_word' id='word_1_177' title='bbox 730 2181 763 2212; x_wconf 87' lang='lat' dir='ltr'>ii.</span> <span class='ocrx_word' id='word_1_178' title='bbox 782 2192 852 2224; x_wconf 91' lang='lat' dir='ltr'>cap.</span> <span class='ocrx_word' id='word_1_179' title='bbox 867 2183 900 2212; x_wconf 88' lang='lat'>9.</span> 
     </span>
     <span class='ocr_line' id='line_1_32' title="bbox 230 2231 901 2274; baseline -0.004 -8"><span class='ocrx_word' id='word_1_180' title='bbox 230 2234 285 2266; x_wconf 83' lang='lat' dir='ltr'>ubi</span> <span class='ocrx_word' id='word_1_181' title='bbox 300 2244 353 2265; x_wconf 86' lang='lat' dir='ltr'>eos</span> <span class='ocrx_word' id='word_1_182' title='bbox 368 2239 484 2268; x_wconf 85' lang='lat' dir='ltr'>tuetur,</span> <span class='ocrx_word' id='word_1_183' title='bbox 501 2232 555 2274; x_wconf 90' lang='lat' dir='ltr'>qui</span> <span class='ocrx_word' id='word_1_184' title='bbox 571 2231 656 2262; x_wconf 87' lang='lat' dir='ltr'>diem</span> <span class='ocrx_word' id='word_1_185' title='bbox 673 2233 725 2262; x_wconf 85' lang='grc'>48.</span> <span class='ocrx_word' id='word_1_186' title='bbox 741 2232 822 2262; x_wconf 85' lang='lat' dir='ltr'>inter</span> <span class='ocrx_word' id='word_1_187' title='bbox 838 2232 901 2263; x_wconf 85' lang='lat' dir='ltr'>xiv.</span> 
     </span>
     <span class='ocr_line' id='line_1_33' title="bbox 229 2281 900 2323; baseline -0.004 -8"><span class='ocrx_word' id='word_1_188' title='bbox 229 2290 261 2316; x_wconf 81' lang='lat' dir='ltr'>et</span> <span class='ocrx_word' id='word_1_189' title='bbox 275 2295 329 2314; x_wconf 86' lang='lat' dir='ltr'>xv.</span> <span class='ocrx_word' id='word_1_190' title='bbox 346 2283 429 2315; x_wconf 88' lang='lat' dir='ltr'>diem</span> <span class='ocrx_word' id='word_1_191' title='bbox 445 2281 525 2312; x_wconf 83' lang='lat' dir='ltr'>Maii</span> <span class='ocrx_word' id='word_1_192' title='bbox 549 2281 788 2317; x_wconf 82' lang='lat' dir='ltr'>constituerunt,</span> <span class='ocrx_word' id='word_1_193' title='bbox 805 2287 900 2323; x_wconf 84' lang='lat' dir='ltr'>atque</span> 
     </span>
     <span class='ocr_line' id='line_1_34' title="bbox 230 2330 901 2373; baseline -0.006 -9"><span class='ocrx_word' id='word_1_194' title='bbox 230 2333 394 2368; x_wconf 86' lang='lat' dir='ltr'>Ovidium,</span> <span class='ocrx_word' id='word_1_195' title='bbox 405 2331 460 2373; x_wconf 86' lang='lat' dir='ltr'>qui</span> <span class='ocrx_word' id='word_1_196' title='bbox 475 2331 541 2362; x_wconf 82' lang='lat' dir='ltr'>xiii.</span> <span class='ocrx_word' id='word_1_197' title='bbox 557 2330 641 2361; x_wconf 84' lang='lat' dir='ltr'>diem</span> <span class='ocrx_word' id='word_1_198' title='bbox 658 2330 765 2366; x_wconf 87' lang='lat' dir='ltr'>habet,</span> <span class='ocrx_word' id='word_1_199' title='bbox 783 2341 901 2361; x_wconf 87' lang='lat' dir='ltr'>errasse</span> 
     </span>
     <span class='ocr_line' id='line_1_35' title="bbox 229 2379 903 2421; baseline -0.006 -7"><span class='ocrx_word' id='word_1_200' title='bbox 229 2382 377 2414; x_wconf 86' lang='lat' dir='ltr'>ostendit.</span> <span class='ocrx_word' id='word_1_201' title='bbox 401 2380 580 2412; x_wconf 80' lang='lat' dir='ltr'>Plin.xviii.</span> <span class='ocrx_word' id='word_1_202' title='bbox 591 2381 648 2411; x_wconf 81' lang='lat'>29:</span> <span class='ocrx_word' id='word_1_203' title='bbox 665 2385 683 2397; x_wconf 89' lang='lat'><strong>“</strong></span> <span class='ocrx_word' id='word_1_204' title='bbox 696 2379 903 2421; x_wconf 81' lang='lat' dir='ltr'>Virgiliarum</span> 
     </span>
     <span class='ocr_line' id='line_1_36' title="bbox 231 2430 902 2474; baseline -0.006 -11"><span class='ocrx_word' id='word_1_205' title='bbox 231 2431 282 2474; x_wconf 85' lang='lat' dir='ltr'>(id</span> <span class='ocrx_word' id='word_1_206' title='bbox 302 2438 362 2467; x_wconf 81' lang='lat' dir='ltr'>est,</span> <span class='ocrx_word' id='word_1_207' title='bbox 379 2430 566 2469; x_wconf 84' lang='lat' dir='ltr'>Pleiadum)</span> <span class='ocrx_word' id='word_1_208' title='bbox 583 2435 692 2460; x_wconf 83' lang='lat' dir='ltr'>exortu</span> <span class='ocrx_word' id='word_1_209' title='bbox 712 2435 805 2460; x_wconf 82' lang='lat' dir='ltr'>aestas</span> <span class='ocrx_word' id='word_1_210' title='bbox 824 2430 902 2460; x_wconf 88' lang='lat' dir='ltr'>inci-</span> 
     </span>
     <span class='ocr_line' id='line_1_37' title="bbox 231 2480 858 2526; baseline -0.005 -12"><span class='ocrx_word' id='word_1_211' title='bbox 231 2483 289 2526; x_wconf 84' lang='lat' dir='ltr'>pit,</span> <span class='ocrx_word' id='word_1_212' title='bbox 303 2492 417 2513; x_wconf 86' lang='lat' dir='ltr'>occasu</span> <span class='ocrx_word' id='word_1_213' title='bbox 432 2480 568 2512; x_wconf 84' lang='lat' dir='ltr'>hiems.&#39;&#39;</span> <span class='ocrx_word' id='word_1_214' title='bbox 615 2480 665 2510; x_wconf 86' lang='lat' dir='ltr'>Sic</span> <span class='ocrx_word' id='word_1_215' title='bbox 682 2485 714 2510; x_wconf 84' lang='lat' dir='ltr'>et</span> <span class='ocrx_word' id='word_1_216' title='bbox 729 2480 858 2511; x_wconf 86' lang='lat' dir='ltr'>Aratus.</span> 
     </span>
    </p>

    <p class='ocr_par' dir='ltr' id='par_1_12' title="bbox 230 2529 904 2822">
     <span class='ocr_line' id='line_1_38' title="bbox 274 2529 902 2569; baseline -0.006 -6"><span class='ocrx_word' id='word_1_217' title='bbox 274 2531 459 2563; x_wconf 82' lang='lat'>603—620.</span> <span class='ocrx_word' id='word_1_218' title='bbox 485 2530 592 2561; x_wconf 80' lang='lat' dir='ltr'>Pridie</span> <span class='ocrx_word' id='word_1_219' title='bbox 610 2530 684 2560; x_wconf 80' lang='lat' dir='ltr'>Idus</span> <span class='ocrx_word' id='word_1_220' title='bbox 699 2529 795 2559; x_wconf 79' lang='lat' dir='ltr'>Tauri</span> <span class='ocrx_word' id='word_1_221' title='bbox 809 2537 902 2569; x_wconf 79' lang='lat' dir='ltr'>caput</span> 
     </span>
     <span class='ocr_line' id='line_1_39' title="bbox 230 2578 902 2622; baseline -0.004 -9"><span class='ocrx_word' id='word_1_222' title='bbox 230 2581 360 2622; x_wconf 64' lang='lat' dir='ltr'>orium]</span> <span class='ocrx_word' id='word_1_223' title='bbox 387 2581 438 2612; x_wconf 88' lang='lat' dir='ltr'>De</span> <span class='ocrx_word' id='word_1_224' title='bbox 453 2580 513 2610; x_wconf 91' lang='lat' dir='ltr'>hoc</span> <span class='ocrx_word' id='word_1_225' title='bbox 525 2578 626 2610; x_wconf 82' lang='lat' dir='ltr'>sidere</span> <span class='ocrx_word' id='word_1_226' title='bbox 642 2578 684 2610; x_wconf 87' lang='lat' dir='ltr'>iv.</span> <span class='ocrx_word' id='word_1_227' title='bbox 702 2578 776 2609; x_wconf 86' lang='lat'>717.</span> <span class='ocrx_word' id='word_1_228' title='bbox 805 2579 902 2610; x_wconf 86' lang='lat' dir='ltr'>Tauri</span> 
     </span>
     <span class='ocr_line' id='line_1_40' title="bbox 230 2628 901 2674; baseline -0.007 -11"><span class='ocrx_word' id='word_1_229' title='bbox 230 2638 262 2664; x_wconf 90' lang='lat' dir='ltr'>et</span> <span class='ocrx_word' id='word_1_230' title='bbox 277 2632 409 2674; x_wconf 84' lang='lat' dir='ltr'>Europae</span> <span class='ocrx_word' id='word_1_231' title='bbox 431 2628 571 2661; x_wconf 87' lang='lat' dir='ltr'>fabulam</span> <span class='ocrx_word' id='word_1_232' title='bbox 586 2629 702 2659; x_wconf 82' lang='lat' dir='ltr'>Noster</span> <span class='ocrx_word' id='word_1_233' title='bbox 719 2628 812 2658; x_wconf 83' lang='lat' dir='ltr'>etiam</span> <span class='ocrx_word' id='word_1_234' title='bbox 829 2628 901 2659; x_wconf 89' lang='lat' dir='ltr'>Me-</span> 
     </span>
     <span class='ocr_line' id='line_1_41' title="bbox 231 2678 903 2715; baseline -0.007 -2"><span class='ocrx_word' id='word_1_235' title='bbox 231 2689 307 2713; x_wconf 85' lang='lat' dir='ltr'>tam.</span> <span class='ocrx_word' id='word_1_236' title='bbox 328 2681 364 2712; x_wconf 88' lang='lat' dir='ltr'>ii.</span> <span class='ocrx_word' id='word_1_237' title='bbox 388 2681 466 2712; x_wconf 84' lang='lat'>383.</span> <span class='ocrx_word' id='word_1_238' title='bbox 488 2679 528 2710; x_wconf 87' lang='lat' dir='ltr'>ad</span> <span class='ocrx_word' id='word_1_239' title='bbox 552 2678 657 2715; x_wconf 87' lang='lat' dir='ltr'>finem,</span> <span class='ocrx_word' id='word_1_240' title='bbox 679 2678 828 2714; x_wconf 82' lang='lat' dir='ltr'>narravit,</span> <span class='ocrx_word' id='word_1_241' title='bbox 849 2678 903 2709; x_wconf 88' lang='lat' dir='ltr'>ubi</span> 
     </span>
     <span class='ocr_line' id='line_1_42' title="bbox 231 2726 904 2762; baseline -0.007 0"><span class='ocrx_word' id='word_1_242' title='bbox 231 2738 262 2762; x_wconf 80' lang='lat' dir='ltr'>et</span> <span class='ocrx_word' id='word_1_243' title='bbox 292 2730 370 2761; x_wconf 88' lang='lat' dir='ltr'>alios</span> <span class='ocrx_word' id='word_1_244' title='bbox 403 2734 545 2761; x_wconf 83' lang='lat' dir='ltr'>auctores</span> <span class='ocrx_word' id='word_1_245' title='bbox 578 2726 791 2758; x_wconf 82' lang='lat' dir='ltr'>laudavimus.</span> <span class='ocrx_word' id='word_1_246' title='bbox 840 2727 904 2757; x_wconf 84' lang='lat' dir='ltr'>Ora</span> 
     </span>
     <span class='ocr_line' id='line_1_43' title="bbox 231 2777 902 2822; baseline -0.006 -11"><span class='ocrx_word' id='word_1_247' title='bbox 231 2781 389 2812; x_wconf 76' lang='lat' dir='ltr'>stellantia</span> <span class='ocrx_word' id='word_1_248' title='bbox 414 2788 509 2822; x_wconf 83' lang='lat' dir='ltr'>supra</span> <span class='ocrx_word' id='word_1_249' title='bbox 532 2787 596 2809; x_wconf 88' lang='lat' dir='ltr'>ver.</span> <span class='ocrx_word' id='word_1_250' title='bbox 622 2777 694 2808; x_wconf 80' lang='lat'>165.</span> <span class='ocrx_word' id='word_1_251' title='bbox 718 2787 771 2806; x_wconf 86' lang='lat' dir='ltr'>ora</span> <span class='ocrx_word' id='word_1_252' title='bbox 794 2783 902 2816; x_wconf 80' lang='lat' dir='ltr'>septem</span> 
     </span>
    </p>
   </div>
   <div class='ocr_carea' id='block_1_11' title="bbox 970 1783 1652 2817">
    <p class='ocr_par' dir='ltr' id='par_1_13' title="bbox 971 1783 1652 2123">
     <span class='ocr_line' id='line_1_44' title="bbox 971 1783 1649 1826; baseline -0.001 -11"><span class='ocrx_word' id='word_1_253' title='bbox 971 1786 1130 1815; x_wconf 79' lang='lat' dir='ltr'>radiantia</span> <span class='ocrx_word' id='word_1_254' title='bbox 1145 1784 1284 1825; x_wconf 79' lang='lat' dir='ltr'>flammis</span> <span class='ocrx_word' id='word_1_255' title='bbox 1299 1789 1465 1815; x_wconf 86' lang='lat' dir='ltr'>vocantur.</span> <span class='ocrx_word' id='word_1_256' title='bbox 1510 1783 1649 1826; x_wconf 89' lang='lat' dir='ltr'>Europa,</span> 
     </span>
     <span class='ocr_line' id='line_1_45' title="bbox 972 1833 1650 1876; baseline -0.001 -12"><span class='ocrx_word' id='word_1_257' title='bbox 972 1834 1138 1876; x_wconf 86' lang='lat' dir='ltr'>Agenoris,</span> <span class='ocrx_word' id='word_1_258' title='bbox 1161 1834 1243 1875; x_wconf 78' lang='lat' dir='ltr'>regis</span> <span class='ocrx_word' id='word_1_259' title='bbox 1267 1833 1458 1865; x_wconf 85' lang='lat' dir='ltr'>Phoenicum</span> <span class='ocrx_word' id='word_1_260' title='bbox 1482 1833 1560 1869; x_wconf 85' lang='lat' dir='ltr'>filia,</span> <span class='ocrx_word' id='word_1_261' title='bbox 1577 1843 1650 1864; x_wconf 85' lang='lat' dir='ltr'>mox</span> 
     </span>
     <span class='ocr_line' id='line_1_46' title="bbox 976 1882 1652 1926; baseline 0 -13"><span class='ocrx_word' id='word_1_262' title='bbox 976 1883 1085 1924; x_wconf 77' lang='lat' dir='ltr'>Tyria,</span> <span class='ocrx_word' id='word_1_263' title='bbox 1102 1894 1174 1914; x_wconf 84' lang='lat' dir='ltr'>mox</span> <span class='ocrx_word' id='word_1_264' title='bbox 1200 1884 1320 1914; x_wconf 77' lang='lat' dir='ltr'>Sidonis</span> <span class='ocrx_word' id='word_1_265' title='bbox 1343 1894 1363 1914; x_wconf 90' lang='lat' dir='ltr'>a</span> <span class='ocrx_word' id='word_1_266' title='bbox 1384 1882 1485 1926; x_wconf 86' lang='lat' dir='ltr'>poetis</span> <span class='ocrx_word' id='word_1_267' title='bbox 1506 1882 1652 1925; x_wconf 84' lang='lat' dir='ltr'>appella-&#39;</span> 
     </span>
     <span class='ocr_line' id='line_1_47' title="bbox 973 1932 1648 1976; baseline -0.001 -12"><span class='ocrx_word' id='word_1_268' title='bbox 973 1940 1033 1964; x_wconf 85' lang='lat' dir='ltr'>tur.</span> <span class='ocrx_word' id='word_1_269' title='bbox 1081 1933 1205 1964; x_wconf 82' lang='lat' dir='ltr'>Falsum</span> <span class='ocrx_word' id='word_1_270' title='bbox 1234 1934 1353 1976; x_wconf 85' lang='lat' dir='ltr'>passim</span> <span class='ocrx_word' id='word_1_271' title='bbox 1383 1933 1416 1965; x_wconf 88' lang='lat' dir='ltr'>in</span> <span class='ocrx_word' id='word_1_272' title='bbox 1446 1933 1582 1964; x_wconf 84' lang='lat' dir='ltr'>Metam.</span> <span class='ocrx_word' id='word_1_273' title='bbox 1609 1932 1648 1964; x_wconf 90' lang='lat' dir='ltr'>de</span> 
     </span>
     <span class='ocr_line' id='line_1_48' title="bbox 973 1981 1649 2025; baseline 0 -12"><span class='ocrx_word' id='word_1_274' title='bbox 973 1983 1070 2014; x_wconf 88' lang='lat' dir='ltr'>forma</span> <span class='ocrx_word' id='word_1_275' title='bbox 1087 1982 1202 2019; x_wconf 86' lang='lat' dir='ltr'>aliena,</span> <span class='ocrx_word' id='word_1_276' title='bbox 1215 1994 1310 2025; x_wconf 82' lang='lat' dir='ltr'>quam</span> <span class='ocrx_word' id='word_1_277' title='bbox 1323 1983 1395 2024; x_wconf 85' lang='lat' dir='ltr'>quis</span> <span class='ocrx_word' id='word_1_278' title='bbox 1407 1981 1538 2014; x_wconf 84' lang='lat' dir='ltr'>fallendi</span> <span class='ocrx_word' id='word_1_279' title='bbox 1551 1991 1649 2013; x_wconf 81' lang='lat' dir='ltr'>causa</span> 
     </span>
     <span class='ocr_line' id='line_1_49' title="bbox 975 2032 1649 2074; baseline 0 -11"><span class='ocrx_word' id='word_1_280' title='bbox 975 2033 1015 2063; x_wconf 86' lang='lat' dir='ltr'>ad</span> <span class='ocrx_word' id='word_1_281' title='bbox 1036 2039 1160 2074; x_wconf 84' lang='lat' dir='ltr'>tempus</span> <span class='ocrx_word' id='word_1_282' title='bbox 1175 2033 1296 2070; x_wconf 88' lang='lat' dir='ltr'>sumsit,</span> <span class='ocrx_word' id='word_1_283' title='bbox 1314 2039 1369 2064; x_wconf 86' lang='lat' dir='ltr'>aut</span> <span class='ocrx_word' id='word_1_284' title='bbox 1383 2032 1416 2064; x_wconf 88' lang='lat' dir='ltr'>in</span> <span class='ocrx_word' id='word_1_285' title='bbox 1432 2043 1529 2074; x_wconf 86' lang='lat' dir='ltr'>quam</span> <span class='ocrx_word' id='word_1_286' title='bbox 1543 2037 1649 2063; x_wconf 87' lang='lat' dir='ltr'>muta-</span> 
     </span>
     <span class='ocr_line' id='line_1_50' title="bbox 973 2081 1332 2123; baseline 0.003 -11"><span class='ocrx_word' id='word_1_287' title='bbox 973 2087 1024 2113; x_wconf 85' lang='lat' dir='ltr'>tus</span> <span class='ocrx_word' id='word_1_288' title='bbox 1038 2088 1085 2112; x_wconf 85' lang='lat' dir='ltr'>est</span> <span class='ocrx_word' id='word_1_289' title='bbox 1102 2092 1120 2112; x_wconf 86' lang='lat' dir='ltr'>a</span> <span class='ocrx_word' id='word_1_290' title='bbox 1136 2082 1196 2113; x_wconf 85' lang='lat' dir='ltr'>deo</span> <span class='ocrx_word' id='word_1_291' title='bbox 1212 2081 1332 2123; x_wconf 90' lang='lat' dir='ltr'>aliquo.</span> 
     </span>
    </p>

    <p class='ocr_par' dir='ltr' id='par_1_14' title="bbox 970 2130 1648 2768">
     <span class='ocr_line' id='line_1_51' title="bbox 1016 2130 1648 2172; baseline 0 -11"><span class='ocrx_word' id='word_1_292' title='bbox 1016 2132 1090 2162; x_wconf 89' lang='lat'>607.</span> <span class='ocrx_word' id='word_1_293' title='bbox 1116 2131 1195 2162; x_wconf 85' lang='lat' dir='ltr'>Haec</span> <span class='ocrx_word' id='word_1_294' title='bbox 1212 2131 1342 2162; x_wconf 87' lang='lat' dir='ltr'>fortasse</span> <span class='ocrx_word' id='word_1_295' title='bbox 1359 2141 1376 2162; x_wconf 88' lang='lat' dir='ltr'>e</span> <span class='ocrx_word' id='word_1_296' title='bbox 1392 2130 1504 2162; x_wconf 84' lang='lat' dir='ltr'>tabula</span> <span class='ocrx_word' id='word_1_297' title='bbox 1516 2130 1648 2172; x_wconf 86' lang='lat' dir='ltr'>antiqua</span> 
     </span>
     <span class='ocr_line' id='line_1_52' title="bbox 972 2180 1648 2223; baseline -0.001 -11"><span class='ocrx_word' id='word_1_298' title='bbox 972 2192 1121 2223; x_wconf 85' lang='lat' dir='ltr'>expressa</span> <span class='ocrx_word' id='word_1_299' title='bbox 1136 2186 1223 2212; x_wconf 85' lang='lat' dir='ltr'>sunt.</span> <span class='ocrx_word' id='word_1_300' title='bbox 1269 2180 1375 2211; x_wconf 77' lang='lat' dir='ltr'>Etiam</span> <span class='ocrx_word' id='word_1_301' title='bbox 1391 2180 1551 2211; x_wconf 87' lang='lat' dir='ltr'>Lucianus</span> <span class='ocrx_word' id='word_1_302' title='bbox 1567 2180 1648 2211; x_wconf 84' lang='lat' dir='ltr'>Dia-</span> 
     </span>
     <span class='ocr_line' id='line_1_53' title="bbox 971 2230 1646 2272; baseline 0.001 -11"><span class='ocrx_word' id='word_1_303' title='bbox 971 2231 1033 2272; x_wconf 86' lang='lat' dir='ltr'>log.</span> <span class='ocrx_word' id='word_1_304' title='bbox 1046 2231 1183 2272; x_wconf 87' lang='lat' dir='ltr'>Zephyri</span> <span class='ocrx_word' id='word_1_305' title='bbox 1197 2236 1228 2262; x_wconf 90' lang='lat' dir='ltr'>et</span> <span class='ocrx_word' id='word_1_306' title='bbox 1242 2230 1332 2267; x_wconf 84' lang='lat' dir='ltr'>Noti,</span> <span class='ocrx_word' id='word_1_307' title='bbox 1348 2236 1423 2261; x_wconf 85' lang='lat' dir='ltr'>tom.</span> <span class='ocrx_word' id='word_1_308' title='bbox 1437 2230 1470 2260; x_wconf 86' lang='lat' dir='ltr'>ii.</span> <span class='ocrx_word' id='word_1_309' title='bbox 1481 2241 1554 2272; x_wconf 85' lang='lat' dir='ltr'>pag.</span> <span class='ocrx_word' id='word_1_310' title='bbox 1568 2231 1646 2262; x_wconf 84' lang='lat'>125:</span> 
     </span>
     <span class='ocr_line' id='line_1_54' title="bbox 972 2278 1648 2323; baseline 0 -12"><span class='ocrx_word' id='word_1_311' title='bbox 972 2279 992 2318; x_wconf 90' lang='grc' dir='ltr'>ἡ</span> <span class='ocrx_word' id='word_1_312' title='bbox 1007 2279 1039 2311; x_wconf 80' lang='grc' dir='ltr'>δὲ</span> <span class='ocrx_word' id='word_1_313' title='bbox 1056 2281 1097 2322; x_wconf 77' lang='grc' dir='ltr'>τῇ</span> <span class='ocrx_word' id='word_1_314' title='bbox 1113 2281 1197 2323; x_wconf 74' lang='grc' dir='ltr'>λαιᾷ</span> <span class='ocrx_word' id='word_1_315' title='bbox 1213 2281 1274 2322; x_wconf 82' lang='grc' dir='ltr'>μὲν</span> <span class='ocrx_word' id='word_1_316' title='bbox 1290 2280 1396 2322; x_wconf 74' lang='grc' dir='ltr'>εἴχετο</span> <span class='ocrx_word' id='word_1_317' title='bbox 1419 2281 1478 2311; x_wconf 82' lang='grc' dir='ltr'>τοῦ</span> <span class='ocrx_word' id='word_1_318' title='bbox 1502 2278 1648 2322; x_wconf 84' lang='grc' dir='ltr'><em>κέρατος,</em></span> 
     </span>
     <span class='ocr_line' id='line_1_55' title="bbox 973 2328 1648 2372; baseline 0.003 -12"><span class='ocrx_word' id='word_1_319' title='bbox 973 2330 1015 2368; x_wconf 83' lang='grc' dir='ltr'>ὡς</span> <span class='ocrx_word' id='word_1_320' title='bbox 1029 2331 1075 2372; x_wconf 80' lang='grc' dir='ltr'><em>μή</em></span> <span class='ocrx_word' id='word_1_321' title='bbox 1098 2329 1333 2367; x_wconf 82' lang='grc' dir='ltr'>ἀπολισθάνοι,</span> <span class='ocrx_word' id='word_1_322' title='bbox 1349 2332 1391 2369; x_wconf 80' lang='grc' dir='ltr'>τῆ</span> <span class='ocrx_word' id='word_1_323' title='bbox 1411 2329 1503 2372; x_wconf 76' lang='grc' dir='ltr'>ἑτέρᾳ</span> <span class='ocrx_word' id='word_1_324' title='bbox 1518 2328 1550 2361; x_wconf 78' lang='grc' dir='ltr'>δὲ</span> <span class='ocrx_word' id='word_1_325' title='bbox 1573 2331 1648 2369; x_wconf 84' lang='grc' dir='ltr'>ἠνε-</span> 
     </span>
     <span class='ocr_line' id='line_1_56' title="bbox 972 2379 1647 2422; baseline 0 -10"><span class='ocrx_word' id='word_1_326' title='bbox 972 2379 1126 2422; x_wconf 80' lang='grc' dir='ltr'>μωμένον</span> <span class='ocrx_word' id='word_1_327' title='bbox 1142 2380 1202 2412; x_wconf 83' lang='grc' dir='ltr'>τὸν</span> <span class='ocrx_word' id='word_1_328' title='bbox 1222 2379 1355 2411; x_wconf 79' lang='grc' dir='ltr'>πέπλον</span> <span class='ocrx_word' id='word_1_329' title='bbox 1375 2381 1516 2421; x_wconf 76' lang='grc' dir='ltr'>ξυνεῖχε.</span> <span class='ocrx_word' id='word_1_330' title='bbox 1561 2380 1647 2412; x_wconf 84' lang='lat' dir='ltr'>Met.</span> 
     </span>
     <span class='ocr_line' id='line_1_57' title="bbox 973 2430 1648 2467; baseline 0 -7"><span class='ocrx_word' id='word_1_331' title='bbox 973 2430 1059 2461; x_wconf 78' lang='lat' dir='ltr'>dicto</span> <span class='ocrx_word' id='word_1_332' title='bbox 1085 2430 1167 2466; x_wconf 86' lang='lat' dir='ltr'>loeo,</span> <span class='ocrx_word' id='word_1_333' title='bbox 1186 2431 1294 2461; x_wconf 70' lang='lat' dir='ltr'>dem-a</span> <span class='ocrx_word' id='word_1_334' title='bbox 1319 2441 1415 2460; x_wconf 82' lang='lat' dir='ltr'>cornu</span> <span class='ocrx_word' id='word_1_335' title='bbox 1440 2436 1531 2467; x_wconf 68' lang='lat' dir='ltr'>tenet,</span> <span class='ocrx_word' id='word_1_336' title='bbox 1547 2431 1648 2461; x_wconf 80' lang='lat' dir='ltr'>altera</span> 
     </span>
     <span class='ocr_line' id='line_1_58' title="bbox 973 2478 1648 2520; baseline 0 -10"><span class='ocrx_word' id='word_1_337' title='bbox 973 2482 1057 2511; x_wconf 79' lang='lat' dir='ltr'>dorso</span> <span class='ocrx_word' id='word_1_338' title='bbox 1073 2481 1210 2520; x_wconf 83' lang='lat' dir='ltr'>imposita</span> <span class='ocrx_word' id='word_1_339' title='bbox 1225 2486 1280 2510; x_wconf 84' lang='lat' dir='ltr'>est.</span> <span class='ocrx_word' id='word_1_340' title='bbox 1325 2479 1408 2510; x_wconf 84' lang='lat' dir='ltr'>Juba</span> <span class='ocrx_word' id='word_1_341' title='bbox 1427 2490 1511 2510; x_wconf 91' lang='lat' dir='ltr'>nunc</span> <span class='ocrx_word' id='word_1_342' title='bbox 1535 2478 1648 2510; x_wconf 88' lang='lat' dir='ltr'>tribui-</span> 
     </span>
     <span class='ocr_line' id='line_1_59' title="bbox 973 2528 1646 2566; baseline 0 -6"><span class='ocrx_word' id='word_1_343' title='bbox 973 2536 1023 2561; x_wconf 77' lang='lat' dir='ltr'>tur</span> <span class='ocrx_word' id='word_1_344' title='bbox 1046 2536 1146 2566; x_wconf 85' lang='lat' dir='ltr'>tauro,</span> <span class='ocrx_word' id='word_1_345' title='bbox 1170 2535 1206 2560; x_wconf 81' lang='lat' dir='ltr'>ut</span> <span class='ocrx_word' id='word_1_346' title='bbox 1226 2529 1291 2560; x_wconf 90' lang='lat' dir='ltr'>III.</span> <span class='ocrx_word' id='word_1_347' title='bbox 1313 2528 1425 2559; x_wconf 89' lang='lat' dir='ltr'>Amor.</span> <span class='ocrx_word' id='word_1_348' title='bbox 1441 2539 1474 2559; x_wconf 93' lang='lat' dir='ltr'>v.</span> <span class='ocrx_word' id='word_1_349' title='bbox 1494 2529 1548 2560; x_wconf 87' lang='lat'>24.</span> <span class='ocrx_word' id='word_1_350' title='bbox 1595 2528 1646 2560; x_wconf 91' lang='lat' dir='ltr'>De</span> 
     </span>
     <span class='ocr_line' id='line_1_60' title="bbox 972 2577 1646 2610; baseline 0.001 -1"><span class='ocrx_word' id='word_1_351' title='bbox 972 2579 1026 2610; x_wconf 90' lang='lat' dir='ltr'>illo</span> <span class='ocrx_word' id='word_1_352' title='bbox 1042 2591 1114 2610; x_wconf 79' lang='lat' dir='ltr'>novo</span> <span class='ocrx_word' id='word_1_353' title='bbox 1129 2581 1233 2610; x_wconf 82' lang='lat' dir='ltr'>decore</span> <span class='ocrx_word' id='word_1_354' title='bbox 1250 2578 1322 2610; x_wconf 89' lang='lat' dir='ltr'>vide</span> <span class='ocrx_word' id='word_1_355' title='bbox 1339 2578 1380 2609; x_wconf 89' lang='lat' dir='ltr'>ad</span> <span class='ocrx_word' id='word_1_356' title='bbox 1395 2577 1428 2610; x_wconf 85' lang='lat' dir='ltr'>ii.</span> <span class='ocrx_word' id='word_1_357' title='bbox 1443 2579 1516 2610; x_wconf 89' lang='lat'>757.</span> <span class='ocrx_word' id='word_1_358' title='bbox 1555 2579 1646 2610; x_wconf 81' lang='lat' dir='ltr'>Aura</span> 
     </span>
     <span class='ocr_line' id='line_1_61' title="bbox 970 2627 1646 2669; baseline -0.001 -10"><span class='ocrx_word' id='word_1_359' title='bbox 970 2630 1054 2659; x_wconf 80' lang='lat' dir='ltr'>sinus</span> <span class='ocrx_word' id='word_1_360' title='bbox 1068 2630 1168 2669; x_wconf 84' lang='lat' dir='ltr'>implet</span> <span class='ocrx_word' id='word_1_361' title='bbox 1178 2640 1188 2666; x_wconf 90' lang='lat'>,·</span> <span class='ocrx_word' id='word_1_362' title='bbox 1205 2629 1340 2659; x_wconf 85' lang='lat' dir='ltr'>Metam.</span> <span class='ocrx_word' id='word_1_363' title='bbox 1351 2627 1438 2658; x_wconf 88' lang='lat' dir='ltr'>dicto</span> <span class='ocrx_word' id='word_1_364' title='bbox 1448 2627 1535 2658; x_wconf 86' lang='lat' dir='ltr'>loco:</span> <span class='ocrx_word' id='word_1_365' title='bbox 1553 2631 1574 2645; x_wconf 88' lang='lat'><em>“</em></span> <span class='ocrx_word' id='word_1_366' title='bbox 1583 2632 1646 2658; x_wconf 83' lang='lat' dir='ltr'>tre-</span> 
     </span>
     <span class='ocr_line' id='line_1_62' title="bbox 971 2676 1643 2709; baseline -0.001 0"><span class='ocrx_word' id='word_1_367' title='bbox 971 2678 1066 2709; x_wconf 87' lang='lat' dir='ltr'>mulae</span> <span class='ocrx_word' id='word_1_368' title='bbox 1082 2678 1247 2709; x_wconf 86' lang='lat' dir='ltr'>sinuantur</span> <span class='ocrx_word' id='word_1_369' title='bbox 1263 2677 1389 2709; x_wconf 87' lang='lat' dir='ltr'>flamine</span> <span class='ocrx_word' id='word_1_370' title='bbox 1406 2676 1544 2708; x_wconf 86' lang='lat' dir='ltr'>vestes.&#39;’</span> <span class='ocrx_word' id='word_1_371' title='bbox 1582 2678 1643 2708; x_wconf 80' lang='lat' dir='ltr'>Ac-</span> 
     </span>
     <span class='ocr_line' id='line_1_63' title="bbox 971 2726 1468 2768; baseline -0.002 -10"><span class='ocrx_word' id='word_1_372' title='bbox 971 2729 1120 2768; x_wconf 83' lang='lat' dir='ltr'>cipienda,</span> <span class='ocrx_word' id='word_1_373' title='bbox 1133 2726 1255 2758; x_wconf 86' lang='lat' dir='ltr'>scilicet</span> <span class='ocrx_word' id='word_1_374' title='bbox 1270 2726 1360 2758; x_wconf 89' lang='lat' dir='ltr'>dorso</span> <span class='ocrx_word' id='word_1_375' title='bbox 1375 2726 1468 2758; x_wconf 86' lang='lat' dir='ltr'>tauri.</span> 
     </span>
    </p>

    <p class='ocr_par' dir='ltr' id='par_1_15' title="bbox 1016 2774 1642 2817">
     <span class='ocr_line' id='line_1_64' title="bbox 1016 2774 1642 2817; baseline -0.002 -10"><span class='ocrx_word' id='word_1_376' title='bbox 1016 2777 1090 2808; x_wconf 88' lang='lat'>615.</span> <span class='ocrx_word' id='word_1_377' title='bbox 1115 2777 1282 2812; x_wconf 77' lang='lat' dir='ltr'>Litoribus,</span> <span class='ocrx_word' id='word_1_378' title='bbox 1300 2786 1412 2817; x_wconf 88' lang='lat' dir='ltr'>nempe</span> <span class='ocrx_word' id='word_1_379' title='bbox 1429 2774 1545 2806; x_wconf 84' lang='lat' dir='ltr'>Cretae.</span> <span class='ocrx_word' id='word_1_380' title='bbox 1591 2774 1642 2806; x_wconf 87' lang='lat' dir='ltr'>Ibi</span> 
     </span>
    </p>
   </div>
  </div>
 </body>
</html>
