1830 3220
217 195 273 235 42!
617 189 666 230 P.
701 186 916 229 OVIDII
953 185 1235 227 NASONIS

222 309 408 363 CacuS,
438 305 698 354 Aventinae
724 304 872 351 timor
892 309 1046 366 atque
1072 299 1276 348 infamia
1297 299 1450 354 silvae,

290 386 405 433 Non
430 385 538 432 leve
563 382 789 430 finitimis
815 380 1202 445 hospitibusque
1228 379 1435 425 malum.

222 463 345 511 Dira
369 462 471 509 viro
496 461 679 516 facies;
709 459 839 506 vires
865 474 955 522 pro
981 473 1217 521 corpore3
1259 472 1443 520 corpus

290 539 523 588 Grande:
564 546 707 603 pater
733 537 941 584 monstri
969 535 1220 582 Mulciber
1245 535 1395 598 hujus
1421 539 1543 581 erat.

221 618 424 682 Proque
450 617 616 671 domo,
643 614 806 678 longis
834 614 1078 678 spelunca
1102 611 1387 660 recessibus
1413 611 1607 674 ingens,

290 696 494 751 Abdita,
521 694 605 741 vix
631 694 755 758 ipsis
781 692 1080 740 invenienda
1104 690 1237 737 feris.

1535 690 1633 736 556

224 774 328 821 Ora
352 789 505 837 super
531 779 702 837 postes
729 772 982 834 affixaque
1008 769 1215 817 brachia
1239 768 1480 832 pendent,

292 851 640 915 Squalidaque
666 850 898 897 humanis
924 849 1123 896 ossibus
1150 848 1287 895 albet
1312 847 1510 894 humus.

223 929 432 977 Servata
458 929 588 976 male
615 935 756 992 parte
782 929 934 976 boum
959 927 1085 975 Jove
1111 934 1259 974 natus
1287 925 1487 973 abibat:

290 1005 546 1068 Mugitum
573 1021 722 1053 rauco
748 1005 880 1053 furta
905 1005 1091 1053 dedere
1118 1021 1258 1052 sono.

1535 1003 1634 1050 560

219 1083 431 1147 Accipio
457 1099 770 1140 revocamen,
795 1083 890 1141 ait;
931 1098 1211 1146 vocemque
1237 1089 1462 1136 secutus,

290 1160 455 1225 Impia
482 1177 571 1225 per
596 1161 745 1209 silvas
773 1162 905 1209 ultor
930 1161 994 1208 ad
1019 1167 1164 1208 antra
1187 1158 1339 1206 venit.

223 1238 318 1286 llle
345 1237 536 1286 aditum
558 1238 701 1285 fracti
729 1245 1088 1303 praestruxerat
1112 1236 1277 1301 objice
1304 1236 1516 1284 montis:

289 1315 389 1363 Vix
409 1317 534 1380 juga
558 1317 833 1365 movissent
859 1317 1084 1380 quinque
1111 1315 1188 1362 bis
1214 1315 1336 1362 illud
1362 1330 1507 1378 opus.

225 1392 415 1441 Nititur
436 1394 516 1441 hic
539 1394 776 1451 humeris,
805 1395 989 1442 coelum
1015 1410 1218 1458 quoque
1246 1393 1447 1441 sederat
1470 1391 1586 1447 illis,

289 1470 357 1518 Et
380 1479 577 1519 vastum
603 1479 741 1520 motu
768 1471 1122 1520 collabefactat
1145 1487 1288 1519 onus.

266 1622 342 1653 551.
372 1621 449 1653 Caci
479 1621 613 1658 indoles,
645 1621 757 1659 forma,
787 1632 896 1664 genuS‚

223 1671 346 1702 domus.
406 1671 507 1702 Timor
535 1673 627 1707 sili-ee,
658 1677 693 1702 ut
723 1671 835 1703 Cicero
865 1671 896 1701 in

224 1721 315 1751 Verr.
342 1733 373 1752 v.
397 1722 457 1761 453
487 1721 607 1752 Sestius
637 1728 736 1752 terror
763 1733 897 1762 morsque

220 1774 367 1802 sociorum
397 1778 425 1802 et
454 1773 578 1803 civium.
624 1771 723 1813 Apud
754 1771 896 1802 Martial.

222 1819 254 1850 d.
266 1820 287 1850 l.
301 1820 353 1851 ubi
371 1821 520 1851 Nostrum
538 1819 582 1851 ita
598 1821 770 1862 expressit:
799 1825 818 1838 ‘⁶
835 1820 893 1851 Sil-

223 1880 396 1911 varumque
423 1875 549 1906 tremor,
576 1870 674 1901 tacita
703 1871 756 1912 qui
787 1870 897 1901 fraude

223 1920 345 1950 solebat
366 1920 505 1957 Ducere,
529 1931 586 1951 nec
611 1926 713 1952 rectos
736 1921 842 1952 Cacus
866 1921 897 1951 in

226 1974 316 2000 antra
333 1969 465 2000 boves.”
514 1970 646 2000 Malum.
670 1970 805 2006 Notant,
823 1981 896 2012 poe-

226 2023 288 2048 tam
306 2018 478 2060 respexisse
494 2019 568 2050 Caci
584 2030 711 2055 nomen,
730 2019 806 2061 quia
830 2024 899 2052 Κα-

225 2069 281 2105 κὸς
297 2067 420 2100 Graeeis
434 2068 548 2100 malus.

271 2118 347 2149 559.
363 2117 490 2149 Servata
515 2120 602 2155 male,
619 2118 745 2150 amissa.
786 2118 897 2156 Furta,

227 2167 325 2197 boves
341 2172 451 2209 raptae,
468 2173 502 2199 ut
519 2168 656 2198 Metam.
670 2167 715 2199 iii.
732 2168 762 2199 7.
798 2168 898 2199 Furta

226 2216 323 2252 Jovis,
342 2216 456 2258 puellae
476 2227 493 2248 a
517 2218 599 2249 Jove
622 2224 733 2259 raptae.
773 2218 899 2249 Raucus

227 2277 316 2297 sonus
335 2266 550 2308 mugientibus
570 2267 729 2299 tribuitur.
776 2269 899 2308 Accipio

226 2327 400 2346 revocamen
416 2316 533 2347 dictum
547 2317 587 2347 ad
603 2317 769 2348 formulam
785 2317 898 2348 solem-

226 2375 309 2401 nem,
326 2367 440 2405 accipio
466 2366 639 2408 (agnosco)
654 2379 749 2398 omen.
797 2368 900 2407 Objice

215 2415 323 2454 fracti
354 2418 474 2451 montis,
508 2416 662 2457 fragmine
693 2418 808 2448 montis
844 2419 899 2449 ob·

222 2465 321 2507 jecto.
367 2465 463 2507 Apud
483 2466 572 2507 virg.
588 2466 618 2497 d.
631 2466 653 2497 l.
669 2468 745 2498 227.
765 2468 899 2510 primum

228 2514 321 2556 fugit,
338 2520 405 2545 tum
415 2515 520 2557 fultos
539 2518 667 2547 emuniit
688 2518 781 2557 oly‘ice
797 2524 900 2557 postes.

228 2565 270 2595 Et
301 2564 380 2595 tales
409 2564 527 2606 objices
558 2575 641 2606 saepe
679 2566 899 2607 speluncarum

230 2613 310 2645 ostia
324 2613 520 2645 muniebant.
546 2613 710 2655 Virgilius,
727 2615 842 2656 Georg.
857 2615 900 2646 iv.

230 2664 305 2694 422.
329 2664 463 2695 Proteus
488 2675 520 2695 se
548 2664 627 2705 tegit
652 2664 684 2695 in
711 2673 799 2696 antro
824 2670 900 2697 rasti

229 2715 321 2753 objice
349 2715 423 2744 sori.
475 2714 558 2754 Opus
587 2715 636 2755 τῷ
661 2726 736 2745 nnus
762 2716 901 2756 praetulit

230 2762 432 2793 Burmannus
482 2773 519 2793 ex
569 2763 662 2794 MSS.
714 2764 900 2795 Pembrock.

1533 1470 1630 1516 566

965 1621 1088 1652 Thuan.
1110 1620 1268 1652 Mazarin.
1294 1620 1370 1662 quia
1399 1630 1465 1662 seq.
1489 1631 1577 1655 onus,
1605 1624 1637 1650 et

966 1671 1042 1713 quia
1057 1671 1126 1702 haec
1142 1681 1214 1713 pars
1229 1670 1343 1701 montis
1359 1670 1449 1712 quasi
1465 1681 1548 1711 opus,
1564 1669 1634 1701 val—

966 1722 1030 1752 lum
1040 1726 1071 1751 et
1084 1720 1313 1752 munimentum
1326 1720 1419 1756 antri,
1433 1727 1512 1751 erat.
1537 1720 1637 1750 Bene.

965 1771 1036 1802 Liv.
1054 1771 1139 1801 xxxi.
1160 1771 1213 1801 40.
1264 1770 1319 1802 Vi.1·
1331 1773 1428 1813 juga,
1448 1775 1509 1802 etc.
1555 1770 1636 1801 Inde

966 1822 1047 1852 vires
1063 1821 1141 1852 Caci
1155 1820 1386 1862 intelliguntur.
1431 1819 1549 1853 Confer
1566 1821 1638 1851 Me-

966 1877 1040 1901 tam.
1063 1870 1107 1902 iii.
1134 1871 1186 1901 61.
1216 1876 1248 1901 et
1277 1880 1348 1912 quae
1379 1870 1422 1901 ibi
1449 1869 1638 1902 notavimus.

966 1919 1158 1961 Magnitudo
1183 1920 1285 1962 operis
1309 1920 1405 1951 etiam
1426 1931 1492 1951 ver.
1506 1921 1569 1952 567
1586 1931 1636 1962 sq.

966 1970 1103 2012 graviter
1115 1970 1316 2010 declaratur;
1340 1970 1384 2001 ita
1399 1970 1482 2002 enim
1496 1971 1542 2002 vis
1557 1971 1638 2003 Her-

967 2020 1060 2052 culea
1074 2020 1243 2052 illucescit.

1012 2072 1086 2103 565.
1109 2071 1280 2102 Certamen
1304 2071 1418 2113 ipsum,
1432 2071 1516 2114 quod
1539 2071 1637 2114 pluri-

967 2121 1027 2152 bus
1050 2121 1215 2163 descripsit
1236 2121 1326 2163 Virg.
1341 2120 1415 2152 inde
1437 2131 1456 2152 a
1477 2132 1538 2153 ver.
1562 2121 1638 2153 230.

968 2170 1041 2201 Non
1064 2170 1165 2201 facilis
1189 2171 1232 2202 ibi
1255 2171 1387 2202 Herculi
1408 2171 1514 2202 labor:
1541 2176 1563 2189 “
1578 2171 1638 2203 Ter

967 2231 1063 2252 saxea
1079 2226 1181 2252 tentat
1196 2220 1321 2252 Limina
1336 2221 1552 2263 nequidquam
1568 2234 1575 2252 :
1594 2227 1641 2254 ter

968 2270 1068 2301 fessus
1084 2271 1167 2301 valle
1187 2270 1335 2302 resedit.''
1381 2270 1498 2302 Noster
1511 2271 1639 2314 dignius

969 2320 1138 2351 Herculem
1151 2319 1329 2363 descripsit.
1370 2320 1406 2350 H
1406 2322 1516 2352 umeris
1531 2322 1638 2353 coelum

967 2371 1125 2411 portabat,
1157 2380 1253 2411 quum
1285 2369 1448 2401 Atlantem
1479 2370 1520 2402 ad
1552 2371 1639 2402 mala

968 2419 1178 2462 Hesperidum
1191 2420 1387 2462 apportanda
1397 2420 1542 2453 misisset.
1557 2421 1641 2454 Vide

969 2469 1008 2500 ad
1024 2470 1161 2500 Metam.
1176 2471 1220 2500 ix.
1240 2470 1311 2500 198.
1344 2470 1464 2507 Sedere,
1478 2471 1572 2503 simul
1588 2471 1640 2502 fir—

969 2518 1087 2549 mitatis
1112 2518 1271 2550 notionem
1291 2518 1392 2550 inesse
1417 2526 1522 2562 putes.
1571 2521 1638 2552 Pli-
1675 2547 1678 2550 Δ

970 2569 1049 2604 nius,
1062 2568 1142 2599 Pan.
1155 2579 1185 2598 x.
1199 2569 1239 2606 6;
1263 2573 1284 2586 “
1295 2580 1391 2611 quarn
1403 2569 1484 2601 bene
1501 2569 1639 2602 humeris

970 2617 1033 2648 tuis
1062 2618 1186 2649 sederet
1221 2619 1423 2661 imperium.”
1481 2619 1639 2652 Evulsum.

968 2668 1103 2710 Neapol.
1111 2669 1251 2700 avulsum
1262 2669 1446 2711 malit‚quia
1456 2669 1545 2712 Virg.
1553 2671 1616 2702 237
1632 2683 1638 2701 :

969 2721 989 2734 “
1006 2716 1129 2748 Dexter
1142 2717 1174 2748 in
1191 2718 1357 2749 adversum
1382 2718 1484 2750 nitens
1501 2728 1636 2751 concus-

968 2765 1019 2799 sit,
1036 2771 1067 2797 et
1083 2766 1157 2796 imis
1170 2766 1322 2798 Avulsam
1339 2767 1432 2798 solvit
1446 2768 1638 2800 radicibus.’'
