1809 3220
195 184 283 226 464

593 181 646 222 P.
670 179 888 222 OVIDII
923 178 1209 222 NASONIS

196 300 428 362 Quaeque
454 296 548 344 sibi
573 296 710 344 vario
737 296 1003 359 distinguit
1026 311 1177 361 poma
1201 296 1384 352 colore,

264 376 453 424 Audiat
478 376 573 422 hoc
600 391 822 431 ceraSUS,
852 375 1009 439 stipes
1036 374 1200 422 inanis
1226 375 1337 422 erit.

198 454 315 502 Non
332 453 570 517 equidem
588 453 812 501 invideo:
842 453 1092 517 numquid
1109 461 1279 501 tamen
1296 453 1398 500 ulla
1421 451 1611 508 feritur,

265 531 391 586 Quae
419 531 600 579 sterilis
627 531 734 578 sola
757 531 1120 595 conspicienda
1145 546 1291 578 coma
1315 529 1430 578 est?

199 610 409 658 Cernite
437 609 660 657 sinceros
687 625 863 657 omnes
890 626 954 657 ex
980 610 1155 658 ordine
1181 617 1404 665 truncos,

1550 609 1615 654 35

266 687 365 742 Qui
392 688 542 736 modo
567 688 653 743 nil,
682 704 840 752 quare
866 688 1229 753 percutiantur,
1258 687 1464 735 habent.

196 766 266 813 At
290 766 412 813 mihi
439 782 572 813 saeva
596 773 782 813 nocent
807 766 1053 813 mutilatis
1079 766 1288 813 vulnera
1313 764 1494 821 ramis3

268 843 525 908 Nudaque
550 844 792 908 decerpto
818 844 1007 892 cortice
1035 843 1173 907 ligna
1197 849 1390 908 patent.

200 921 317 969 Non
343 922 515 970 odium
539 921 662 970 facit
686 922 798 978 hoc,
819 923 909 970 sed
932 938 1050 986 spes
1075 922 1284 970 inducta
1307 920 1511 985 rapinae.

267 999 565 1047 Sustineant
589 999 698 1047 aliae
726 1016 904 1063 poma3
947 1007 1223 1064 querentur
1249 999 1401 1047 idem.

1549 999 1616 1044 40

199 1077 284 1125 Sic
310 1093 424 1125 reus
452 1077 534 1125 ille
559 1077 663 1126 fere
690 1085 783 1134 est,
807 1078 871 1125 de
897 1094 999 1141 quo
1025 1078 1234 1126 victoria
1257 1078 1397 1125 lucro

270 1155 399 1203 Esse
425 1162 624 1220 potest:
667 1156 832 1220 inopis
857 1156 1057 1206 vindice
1082 1157 1216 1205 facta
1241 1162 1432 1204 carent.

204 1233 290 1281 Sic
316 1233 462 1281 timet
487 1233 713 1290 insidias,
742 1235 829 1298 qui
857 1235 953 1282 scit
979 1252 1032 1283 se
1058 1234 1187 1283 ferre
1212 1235 1388 1292 viator,

271 1311 420 1367 Quod
440 1312 643 1360 timeat:
685 1320 851 1360 tutum
878 1315 1040 1379 carpit
1065 1313 1228 1361 inanis
1255 1312 1365 1361 iter.

205 1389 290 1438 Sic
317 1406 411 1453 ego
438 1391 545 1438 sola
570 1398 732 1455 petor,
761 1392 853 1439 soli
881 1392 1000 1455 quia
1026 1408 1182 1440 causa
1206 1389 1412 1456 petendi
1441 1396 1547 1437 est:

272 1467 558 1516 Frondibus
584 1467 788 1517 intactis
814 1478 983 1519 cetera
1008 1471 1156 1518 turba
1180 1470 1358 1517 virent.
1556 1467 1621 1512 46

245 1579 298 1610 31.
330 1578 421 1608 Vario
449 1580 557 1610 colore.
607 1578 658 1610 Sic
688 1583 779 1611 varia·
810 1593 875 1612 uvae

201 1627 287 1670 apud
313 1628 538 1659 Columellam.
587 1629 777 1671 Distinguit.
808 1630 875 1661 Ves-

202 1680 239 1708 tit
254 1689 309 1709 sua
323 1689 409 1718 poma
426 1679 534 1714 colore,
550 1678 669 1709 Lovan.

244 1729 296 1760 35.
310 1728 479 1769 sinceros]
494 1728 533 1759 Id
546 1735 593 1760 est
604 1728 742 1771 integros
754 1735 786 1760 et
796 1729 876 1761 illae-

200 1788 260 1809 sos.
295 1778 392 1810 Ovid.
416 1779 476 1809 IV.
503 1780 598 1810 Pont.
624 1779 668 1809 ix.
699 1780 756 1810 10:
796 1784 818 1797 “
837 1780 878 1811 Et

200 1838 273 1859 mea
286 1829 400 1859 sincero
416 1834 554 1859 curreret
569 1838 629 1859 axe
643 1833 724 1859 rota.
743 1828 877 1860 Doivzx.

247 1879 300 1909 38.
332 1878 510 1919 Decerpt0.]
547 1878 637 1909 Licet
661 1879 816 1910 nonnulla
839 1890 878 1911 ex

201 1927 425 1970 manuscriptis
462 1928 699 1970 exemplaribus
737 1928 880 1961 habeant

203 1979 331 2013 detecta,
349 1982 456 2008 tamen
477 1977 648 2019 legendum
674 1977 802 2009 omnino
820 1984 879 2016 est,

205 2032 240 2058 ut
262 2026 295 2057 in
321 2026 463 2069 pluribus
487 2026 723 2069 exemplaribus
748 2027 877 2069 legitur,

204 2078 358 2116 decerpto:
387 2075 471 2117 quod
490 2074 693 2118 participium
709 2082 783 2108 ante
804 2087 880 2108 ocu-

204 2126 252 2157 los
279 2135 395 2168 ponere
414 2125 539 2156 videtur
557 2125 690 2156 vulnera
718 2125 785 2162 illa,
808 2137 879 2168 quae

205 2175 322 2207 cortice
340 2174 422 2206 illiso
443 2181 474 2206 et
496 2175 639 2206 detracto
655 2186 674 2206 a
689 2174 772 2207 saxis
788 2186 879 2219 carp-

207 2226 262 2257 tim
279 2225 455 2256 inferuntur
471 2225 644 2256 arboribus.
682 2226 779 2257 Man.

252 2277 305 2307 41.
331 2276 381 2306 Sic
404 2275 498 2316 reus.]
530 2275 581 2306 Fit
602 2287 672 2306 rens
689 2276 740 2306 ille
753 2276 828 2317 sere
843 2287 881 2307 ex

210 2325 369 2358 Vaticano
384 2324 511 2366 legebat
531 2325 605 2356 olirn
623 2325 785 2356 Heinsius.
831 2326 882 2356 Sic

199 2377 309 2418 facere
338 2385 419 2404 reum
447 2375 536 2405 Suet.
557 2374 630 2405 Tib.
657 2376 687 2405 8.
712 2381 743 2405 et
767 2375 884 2418 passim

210 2425 275 2458 alii.
323 2424 370 2455 De
385 2436 441 2465 quo
458 2426 581 2454 victoria
597 2425 692 2456 lucro.
717 2425 755 2455 In
777 2425 884 2456 multis

210 2475 336 2517 legitur,
360 2475 486 2504 victoria
517 2475 595 2510 lwtu,
612 2474 706 2505 etiam
735 2473 766 2505 in
791 2475 884 2506 MSS.

212 2525 296 2556 unde
311 2523 451 2565 suspicor
467 2523 635 2554 lectionem
649 2524 688 2554 ab
702 2524 764 2554 alio
778 2535 884 2556 einen-

212 2574 341 2605 datam:
371 2574 437 2603 [crta
469 2578 587 2609 autern,
612 2572 748 2609 lucrosa,
773 2574 883 2605 trium-

211 2625 274 2667 pho
290 2623 400 2664 digna.
440 2623 544 2654 Fxm«.

258 2675 310 2705 42.
342 2672 443 2714 Inopis
474 2675 591 2704 vindice
619 2673 711 2715 faeni
750 2674 884 2715 carcub]

216 2725 288 2757 Non
306 2729 353 2754 est
373 2722 426 2764 qui
444 2733 613 2766 pauperem
631 2724 670 2755 ab
686 2723 801 2766 injuria
819 2724 884 2755 vin-

214 2775 310 2811 dicet,
327 2779 461 2804 tueatur.

990 1582 1045 1612 43.
1076 1582 1138 1616 Qui
1154 1582 1211 1611 scit
1227 1591 1256 1610 se
1267 1579 1362 1621 serre
1377 1577 1503 1618 viatura]
1531 1577 1621 1612 Quod

946 1630 1078 1671 timeat]
1110 1630 1177 1662 Aut
1205 1628 1377 1671 legendum
1407 1633 1466 1664 est,
1502 1628 1554 1658 cui
1584 1627 1623 1656 ti-

945 1687 1035 1717 meat,
1051 1686 1107 1711 aut
1119 1682 1196 1722 quod
1210 1680 1347 1722 positum
1360 1684 1408 1710 est
1423 1688 1480 1721 pro
1497 1687 1596 1720 quare
1611 1688 1620 1715 ;

945 1738 992 1768 ut,
1023 1744 1083 1762 ‘11071
1109 1737 1152 1762 est
1182 1732 1259 1772 quod
1284 1738 1411 1761 metuas.
1446 1729 1623 1760 EnAsmus.

946 1780 1040 1812 Maff.
1056 1781 1147 1816 liber,
1168 1780 1235 1810 Cur
1248 1780 1362 1810 timeat.
1387 1778 1485 1809 Vere.

992 1831 1044 1861 44.
1059 1830 1172 1860 Tutum
1188 1831 1286 1870 carpit
1301 1830 1403 1859 incutis
1415 1827 1500 1868 itera]
1516 1827 1624 1858 Inanis

948 1880 1060 1916 viator,
1085 1880 1140 1921 qui
1166 1878 1245 1910 nihil
1274 1878 1332 1910 sert
1354 1888 1474 1913 secum,
1497 1876 1582 1909 unde
1604 1886 1624 1907 a

947 1929 1123 1961 latronibus
1149 1929 1331 1971 impetatur.
1377 1927 1500 1958 Eodem
1527 1937 1623 1958 sensu

947 1990 1073 2015 vacuus,
1112 1977 1199 2021 apud
1235 1978 1313 2010 Juv.
1344 1977 1409 2009 Sat.
1439 1987 1472 2007 x.
1498 1987 1530 2007 v.
1559 1976 1621 2006 22:

948 2033 968 2046 “
987 2029 1142 2060 Cantabit
1161 2038 1275 2058 vacuus
1295 2037 1401 2058 coram
1421 2025 1541 2058 latrone
1556 2024 1624 2057 via-

948 2078 1029 2109 tor.”

995 2129 1047 2159 45.
1064 2128 1126 2158 Soti
1141 2129 1213 2168 quia
1229 2125 1348 2167 causa]
1369 2125 1430 2157 Soli
1447 2126 1521 2156 mihi
1533 2136 1625 2156 cun-sa

951 2177 1088 2220 Neapol.
1125 2179 1195 2218 quia
1221 2177 1352 2219 fructus
1389 2187 1494 2211 causa,
1533 2174 1628 2207 alius.

954 2228 1083 2258 Petendz'
1107 2225 1233 2268 passive
1253 2225 1354 2256 dixit:
1380 2235 1478 2256 causa
1501 2235 1558 2257 cur
1574 2236 1625 2266 pe-

953 2283 1012 2307 tar.
1051 2276 1155 2306 Erus.

996 2326 1050 2356 47.
1078 2325 1157 2355 Num
1178 2326 1255 2366 quod
1281 2324 1389 2354 habent
1405 2323 1546 2366 fmtices
1564 2325 1625 2355 ali-

953 2378 1074 2417 quando
1087 2377 1221 2416 proxima
1233 2374 1361 2415 nosti-m]
1376 2374 1438 2405 Pro
1450 2375 1627 2416 aliquando,

956 2425 1124 2467 legendum
1145 2426 1201 2455 alii
1217 2436 1341 2465 quoque,
1354 2435 1426 2456 cum
1442 2424 1559 2456 Moreti
1575 2435 1628 2456 co-

954 2475 1037 2507 dice.
1078 2475 1284 2507 Lovaniensis
1307 2485 1345 2507 ex
1371 2475 1495 2511 nostris,
1516 2481 1548 2506 et
1568 2475 1628 2507 Fa-

955 2525 1043 2557 bricii
1058 2525 1171 2561 codex,
1184 2526 1334 2566 alioquin.
1375 2526 1419 2556 II.

1000 2577 1052 2606 48.
1070 2576 1250 2615 Γνιιεζιηίηα,
1267 2587 1342 2616 qna',
1361 2576 1437 2610 laeso.
1452 2574 1532 2616 etc-J
1559 2575 1626 2606 Ra-

956 2636 1023 2655 mos
1046 2625 1200 2666 intellige,
1215 2625 1270 2666 qui
1287 2625 1372 2656 saxis
1393 2624 1494 2666 petiti,
1510 2624 1542 2656 in
1557 2624 1628 2656 illos

955 2685 992 2705 ex
1019 2675 1127 2705 arbore
1145 2673 1250 2705 vicina
1271 2673 1509 2711 resultantibus,
1526 2674 1628 2716 fracti

955 2724 1039 2755 circa
1057 2724 1179 2756 Nucem
1196 2725 1296 2767 ipsam
1308 2724 1431 2767 jacent.
