1830 3220
579 173 931 216 FASTORUM
966 172 1088 214 LIB.
1123 172 1216 214 III.

1524 173 1610 216 117

189 293 401 357 Ignibus
429 291 600 340 Iliacis
627 292 862 340 aderam:
904 307 1063 356 quum
1089 291 1234 356 lapsa
1258 290 1456 355 capillis

257 371 466 420 Decidit
491 378 608 419 ante
633 387 805 419 sacros
831 371 978 418 lanea
1002 370 1127 418 vitta
1151 369 1307 418 focos.

1548 372 1614 416 30

188 450 316 499 Inde
342 450 455 497 duae
482 450 685 514 pariter,
712 449 823 496 visu
849 449 1154 505 miserabile,
1180 448 1362 513 palmae

258 529 509 591 Surgunt:
551 545 616 576 ex
642 527 742 575 illis
768 527 927 575 altera
952 528 1112 591 major
1137 533 1275 585 erat;

189 606 257 655 Et
281 607 520 671 gravibus
546 606 698 655 ramis
723 613 887 654 totum
913 613 1208 670 protexerat
1231 605 1435 664 orbem3

258 685 665 750 Contigeratque
692 701 822 733 nova
846 685 1013 733 sidera
1038 701 1237 733 summa
1262 700 1425 732 coma.

191 762 328 811 Ecce
354 780 497 812 meus
524 763 712 812 ferrum
738 771 950 828 patruus
978 764 1184 811 molitur
1209 763 1259 810 in
1285 763 1396 811 illas
1419 781 1429 818 ;

1551 766 1615 811 35

259 841 471 890 Terreor
496 841 776 899 admonitu,
806 858 995 906 corque
1019 842 1199 890 timore
1226 841 1395 889 micat.

194 920 399 978 Martia,
428 921 590 986 picus,
620 919 726 969 avis
753 920 956 983 gemino
984 937 1073 985 pro
1099 920 1273 985 stipite
1300 927 1549 985 pugnant,

262 999 330 1047 Et
355 1001 504 1065 lupa:
545 1006 659 1047 tuta
683 1015 773 1063 per
798 999 890 1047 hos
918 1007 1133 1062 utraque
1159 999 1328 1063 palma
1352 998 1462 1046 fuit.

196 1078 412 1127 Dixerat
433 1097 444 1137 ;
487 1086 538 1127 et
562 1078 767 1143 plenam
792 1093 894 1125 non
919 1076 1076 1124 firmis
1101 1076 1291 1124 viribus
1316 1091 1496 1124 urnam

266 1157 514 1204 Sustulit:
556 1156 807 1221 implerat,
836 1155 959 1202 dum
985 1171 1078 1203 sua
1102 1155 1209 1203 visa
1234 1154 1402 1203 refert.

1555 1158 1623 1202 40

198 1235 401 1283 Interea
424 1243 687 1283 crescente
716 1234 898 1291 Remo,
926 1241 1190 1282 crescente
1217 1233 1447 1290 Quirino,

267 1313 479 1362 Coelesti
505 1313 731 1361 tumidus
757 1314 980 1378 pondere
1006 1321 1182 1362 venter
1206 1320 1330 1361 erat.

196 1467 352 1498 mebatur.
384 1466 461 1496 Labi
477 1471 509 1496 et
521 1467 629 1497 cadere
646 1465 690 1496 sic
707 1475 791 1508 saepe
803 1466 877 1508 jun-

197 1523 339 1559 guntur3
376 1516 447 1547 Liv.
474 1516 496 1547 i.
524 1516 577 1547 56.
606 1516 730 1547 “velut
756 1515 781 1547 si
806 1527 877 1559 pro-

199 1567 308 1609 lapsus
322 1565 527 1598 cecidisset.”

243 1617 297 1648 31.
320 1616 484 1658 Astyages
514 1627 531 1646 e
559 1615 626 1645 filia
655 1626 711 1658 per
733 1627 879 1648 somnum

199 1665 279 1698 vidit
295 1667 393 1698 vitem
408 1665 529 1702 enasci,
546 1665 638 1708 cujus
657 1665 790 1708 palmite
812 1677 878 1696 om-

201 1717 250 1748 nis
270 1716 351 1747 Asia
370 1717 637 1755 obumbraretur3
661 1715 782 1748 Justin.
800 1716 823 1747 i.
849 1717 881 1748 4.

203 1767 233 1797 A
250 1766 368 1798 vitibus
390 1772 422 1798 et
436 1765 515 1797 oleis
536 1765 713 1808 proximam
734 1765 882 1798 nobilita-

204 1823 267 1848 tem
282 1818 393 1857 palmis
415 1816 526 1847 tribuit
551 1815 686 1852 Plinius,
704 1815 789 1847 Hist.
807 1816 884 1848 Nat.

203 1866 292 1898 xxiii.
317 1868 382 1906 513
405 1866 554 1908 idemque
580 1865 658 1898 xvii.
684 1867 738 1897 38.
762 1866 886 1908 palmas

204 1922 362 1948 memorat
380 1915 517 1960 prodigii
538 1916 609 1947 loco
627 1927 666 1947 ex
688 1915 750 1947 aris
771 1922 803 1947 et
822 1922 885 1948 sta-

205 1966 266 1998 tuis
297 1972 431 2006 emtas,
469 1972 506 1997 ut
543 1965 623 1997 alias
653 1965 816 1997 victoriam
855 1972 887 1997 et

204 2016 401 2059 triumphum
439 2016 686 2059 portendebant,
718 2015 763 2047 sie
801 2027 887 2047 nunc

206 2066 463 2108 magnitudinem
493 2065 630 2109 imperii.
677 2066 752 2096 Non
782 2071 888 2098 autem

207 2117 267 2148 hoc
292 2117 362 2148 loco
384 2122 529 2159 apparet,
554 2116 638 2147 unde
662 2116 778 2158 palmae
803 2116 889 2148 exie-

208 2167 282 2205 rint,
300 2172 405 2198 utrum
421 2177 460 2198 ex
477 2166 559 2203 foco,
576 2177 616 2198 an
632 2177 671 2197 ex
689 2166 768 2197 vitta
783 2166 886 2209 lapsa,

210 2228 284 2250 nam
305 2219 375 2250 inde
394 2217 435 2249 ad
451 2222 623 2260 utrumque
643 2216 752 2248 referri
772 2222 890 2260 potest.

211 2270 303 2300 Coma
329 2280 419 2305 nova,
443 2267 573 2305 vertice,
600 2267 766 2299 frondibus
795 2267 889 2298 modo

210 2317 304 2350 natis.

255 2371 308 2401 35.
335 2369 479 2406 Μοὶίῑτιη
512 2368 626 2405 vibrat,
651 2367 777 2410 jactat3
808 2378 888 2410 prae-

211 2425 307 2451 eunte
324 2419 471 2461 Virgilio,
488 2419 606 2461 Georg.
618 2418 660 2449 iv.
677 2419 755 2449 321.
773 2423 794 2435 ‘⁸
809 2417 890 2449 vali-

211 2470 328 2502 damin
343 2470 422 2501 vites
433 2469 544 2501 molire
559 2468 766 2512 bipennem.”
783 2469 890 2499 Etiam

210 2523 308 2561 picus,
323 2525 359 2551 ut
375 2522 477 2561 lupus,
494 2519 595 2551 Marti
611 2529 712 2551 sacer.
758 2519 843 2550 Plin.
858 2531 890 2552 x.

211 2573 278 2603 20:
317 2570 422 2602 “Pici
448 2570 568 2601 Martio
605 2575 816 2611 cognomento
842 2569 891 2601 in-

212 2620 319 2663 signes
343 2627 375 2651 et
404 2620 438 2651 in
461 2619 630 2662 auspic-atu
654 2619 800 2662 niagni.''
847 2620 893 2652 Ut

213 2673 288 2712 lupa
304 2670 443 2702 Romulo
458 2676 490 2701 et
505 2670 610 2701 Remo
624 2669 776 2713 expositis
791 2680 891 2701 mam-

214 2732 283 2753 mas
310 2721 485 2764 praebebat,
516 2720 562 2752 ita
591 2722 682 2760 picus
711 2720 894 2763 frequenter

213 2771 259 2802 ori
285 2782 394 2804 eorum
425 2771 565 2803 bucceas
587 2770 760 2802 inserebat.
808 2770 892 2801 Vide

949 1478 1014 1498 νον.
1029 1467 1094 1506 54;
1120 1466 1284 1498 Plutarch.
1307 1466 1405 1498 Rom.
1426 1465 1476 1506 iv;
1502 1467 1625 1504 Quaest.

950 1518 1048 1549 Rom.
1065 1529 1096 1559 p.
1114 1519 1168 1549 89.
1217 1517 1338 1557 Stipite,
1355 1517 1474 1555 arbore,
1491 1518 1611 1559 palma.

993 1568 1049 1599 41.
1076 1567 1250 1599 Romulum
1269 1567 1301 1598 in
1327 1573 1413 1598 utero
1425 1568 1493 1610 jam
1518 1568 1626 1603 Quiri-

948 1631 1024 1650 num
1040 1625 1143 1650 vocat.
1190 1618 1440 1661 Repetitionem,
1457 1618 1561 1660 qualis
1581 1628 1629 1651 est

949 1668 981 1700 in
1006 1680 1074 1700 voc.
1096 1675 1257 1706 crescente,
1274 1675 1361 1700 amat
1382 1669 1477 1700 etiam
1502 1669 1628 1709 Livius3

952 1718 1009 1755 sic,
1026 1719 1058 1750 ii.
1074 1721 1105 1750 5.
1131 1723 1295 1750 “vetuere
1318 1718 1421 1755 reddi,
1445 1725 1574 1751 vetuere
1596 1720 1629 1751 in

953 1769 1117 1811 publicum
1130 1769 1269 1810 redigi,”
1281 1774 1313 1800 et
1322 1769 1453 1800 centies.
1464 1769 1632 1808 Emeritus,

955 1819 1010 1861 qui
1026 1818 1139 1850 mereri
1156 1817 1262 1856 desiit,
1278 1830 1326 1856 eo,
1343 1818 1430 1860 quod
1450 1819 1516 1850 fieri
1533 1819 1631 1852 debe-

954 1869 1023 1905 bat,
1055 1868 1219 1911 peri'ect03
1259 1879 1345 1910 ergo,
1376 1868 1553 1900 absolutus.
1585 1869 1631 1902 iv.

956 1919 1031 1950 688.
1072 1919 1202 1949 Nitidus
1219 1919 1314 1954 Deus,
1329 1917 1488 1950 Phoebus.
1539 1918 1633 1951 Vestae

955 1971 1136 2000 simulacra.
1182 1967 1352 2010 Scripsisse
1373 1967 1441 1999 haec
1463 1968 1559 2000 Ovid.
1584 1968 1632 2001 vi-

955 2018 1060 2055 detur,
1085 2029 1148 2060 quo
1171 2023 1313 2060 tempore
1336 2017 1477 2048 nondum
1497 2018 1634 2057 sciebat,

955 2068 988 2100 in
1015 2070 1124 2101 Vestae
1146 2068 1265 2111 templo
1289 2068 1413 2099 nullum
1439 2079 1508 2100 esse
1535 2069 1633 2102 simu-

955 2119 1095 2156 lacrum3
1121 2118 1163 2151 vi.
1182 2120 1247 2150 295
1263 2129 1334 2161 sqq.
1381 2118 1498 2161 Neque
1519 2121 1635 2153 eratin

957 2170 1084 2214 templis
1120 2169 1268 2209 Graecis,
1313 2169 1455 2200 Pausan.
1486 2170 1634 2203 Corinth.

956 2232 1029 2264 cap.
1048 2222 1103 2252 53.
1151 2221 1251 2251 Extra
1270 2219 1425 2261 templum
1448 2225 1555 2252 autem
1571 2226 1635 2253 sta-

959 2277 1023 2303 tuae
1049 2271 1078 2302 ei
1103 2271 1326 2313 ponebantur5
1351 2270 1415 2301 vid.
1441 2270 1569 2313 Lipsius
1596 2272 1635 2304 de

960 2321 1072 2358 Vesta,
1083 2331 1154 2363 cap.
1167 2321 1199 2351 3.
1225 2320 1401 2360 Opposuisse
1410 2331 1529 2352 manus.
1544 2320 1637 2353 Idem

958 2370 1145 2413 figmentum
1162 2370 1206 2402 vi.
1221 2370 1296 2401 614.
1320 2369 1473 2401 Similiter
1487 2370 1637 2404 Minerva

959 2420 1068 2451 oculos
1094 2419 1220 2456 avertit,
1247 2430 1346 2461 quum
1367 2419 1400 2450 in
1422 2421 1542 2462 templo
1568 2421 1638 2464 ejus

959 2470 1046 2513 Ajax
1059 2470 1247 2502 Cassandrae
1259 2468 1324 2501 vim
1334 2469 1463 2501 inferret
1474 2482 1483 2510 ;
1506 2471 1532 2502 F
1534 2482 1638 2513 ragm.

959 2519 1088 2552 Callim.
1103 2532 1135 2563 p.
1151 2521 1226 2552 419.
1275 2520 1398 2551 Tremor
1411 2531 1472 2551 arae
1489 2526 1544 2552 aut
1559 2520 1638 2553 alia-

960 2582 1030 2602 rum
1045 2582 1151 2603 rerum
1173 2580 1333 2603 sacrarum
1354 2570 1479 2612 signum
1499 2581 1637 2613 praesen-

961 2620 1027 2658 tiae,
1050 2627 1082 2653 et
1105 2621 1157 2654 vel
1179 2621 1246 2658 irae,
1265 2619 1315 2652 vel
1338 2620 1569 2653 benevolentiae
1588 2620 1637 2652 di-

963 2671 1058 2703 vinae.
1083 2671 1161 2704 Vid.
1173 2671 1215 2703 ad
1230 2672 1368 2703 Metam.
1382 2670 1425 2702 ix.
1438 2671 1513 2702 781.
1538 2671 1639 2702 Subiit

962 2724 1088 2760 cineres,
1117 2722 1261 2764 adeoque
1290 2722 1371 2753 bene
1400 2721 1558 2753 exstincta
1580 2727 1639 2754 est.

963 2771 1150 2804 Exstinctus
1179 2771 1232 2804 ille
1261 2771 1344 2813 ignis
1373 2771 1446 2813 plus
1472 2769 1543 2803 aliis
1567 2782 1638 2814 pro-
