1809 3220
156 165 244 206 516
465 165 518 205 P.
544 161 762 206 OVIDII
797 159 1101 208 NASONIS,
1137 159 1271 201 ETC.

163 280 417 344 Denique,
449 279 758 326 Sarmaticas
784 279 913 325 inter
940 276 1257 338 Geticasque
1284 275 1513 337 sagittas,

232 357 343 414 His,
371 373 566 421 precor,
592 364 650 404 ut
673 357 809 403 vivas
837 362 889 403 et
913 353 1128 402 moriare
1155 352 1297 400 locis.
1486 354 1586 400 640

164 435 290 483 Haec
317 435 409 482 tibi
436 435 688 499 tantisper
714 433 883 481 subito
910 433 1011 480 sint
1035 431 1193 478 missa
1218 430 1391 478 libello
1413 448 1423 487 3

230 512 563 560 Immemores
590 528 652 559 ne
678 528 769 559 nos
797 526 909 559 esse
936 525 1151 573 querare
1175 508 1266 555 tui.

164 591 340 638 Pauca
366 590 590 653 quidem,
619 589 806 648 fateor;
851 589 941 636 sed
970 588 1035 634 Di
1060 587 1183 635 dent
1209 587 1356 650 plura
1380 585 1584 649 rogatis,

232 667 688 732 Multiplicentque
714 684 805 715 suo
830 673 948 714 vota
971 665 1140 713 favore
1166 680 1296 712 mea.

164 746 446 794 Postmodo
473 747 620 810 plura
643 746 800 809 leges,
829 751 882 792 et
905 759 1091 791 nomen
1124 741 1369 790 habentia
1391 758 1585 798 verum,

234 823 302 872 Et
328 824 477 888 pede,
507 840 609 888 quo
636 824 831 872 debent
856 822 992 870 acria
1015 820 1153 868 bella
1178 819 1302 883 geri.
1490 822 1588 868 646

210 970 286 1001 643.
303 970 412 1000 Pauca
428 969 702 1011 quidem,fateor,·
730 971 780 999 secl
798 968 842 999 DZ
910 965 1008 1008 geri]
1043 964 1192 995 Carmine
1221 963 1360 995 iambico
1393 969 1520 996 utemur
1550 964 1592 996 ad

165 1021 238 1051 dent
256 1020 348 1060 plura
366 1020 518 1062 roganti]
543 1020 651 1050 Scribe
666 1021 792 1061 rogatis,
808 1024 844 1049 ut
913 1014 1171 1046 maledicentiam
1197 1014 1334 1057 proprie,
1358 1019 1394 1045 ut
1416 1014 1450 1045 in
1473 1014 1592 1056 princi-

166 1069 207 1100 sit
232 1080 355 1103 sensus.
372 1069 428 1100 Dii
449 1069 541 1111 plura
565 1069 650 1100 mala
673 1068 750 1100 dent
773 1068 842 1105 tibi,
913 1064 966 1107 pio
978 1063 1266 1107 docuitpoeta,ubi
1282 1063 1362 1095 dicit
1376 1064 1592 1102 “Postmodo,

166 1130 262 1162 quam
286 1120 319 1150 in
336 1119 394 1151 hoc
412 1119 564 1161 opusculo
580 1130 634 1150 eos
651 1117 684 1149 in
700 1124 731 1150 te
751 1128 841 1160 roga·
913 1114 939 1146 si
968 1126 1091 1157 perges,
1121 1116 1154 1146 in
1189 1121 1219 1146 te
1251 1115 1329 1146 mihi
1358 1115 1439 1146 liber
1466 1114 1593 1147 iambus

168 1169 279 1201 verim.
305 1170 432 1201 Coss-r.
450 1169 598 1200 FANExs.
912 1166 1030 1197 Tincta
1055 1166 1240 1207 Lycambeo
1269 1165 1426 1208 sanguine
1450 1165 1515 1197 tela
1535 1165 1590 1197 da-

211 1220 287 1251 646.
305 1219 345 1250 Ει
362 1221 447 1260 pede,
464 1231 520 1260 quo
535 1220 643 1250 debent
663 1220 751 1250 acria
767 1220 845 1250 bella
914 1215 996 1246 bit.'’

734 1822 852 1849 1⁷¹le
870 1823 1021 1850 IBIDIS.
