1830 3220
559 173 912 217 FASTORUM
946 173 1069 216 LIB.
1104 173 1162 215 V.

1483 174 1569 217 261

148 293 275 349 Quae
297 291 446 341 fuerit
463 291 586 338 mihi
606 291 781 349 forma,
801 308 951 356 grave
977 297 1056 339 est
1076 306 1276 339 narrare
1297 289 1568 348 modestae;

218 371 323 419 Sed
349 386 592 434 generum
619 370 767 418 matri
792 370 1016 435 repperit
1040 370 1127 417 illa
1150 369 1321 417 deum.

1475 371 1576 415 200

147 449 250 497 Ver
269 455 405 506 erat3
439 449 694 496 errabam:
733 448 998 512 Zephyrus
1019 447 1312 511 conspexit;
1344 446 1573 494 abibam:

218 526 542 590 Insequitur;
584 525 750 588 fugio:
791 525 964 573 fortior
990 525 1072 573 ille
1097 524 1219 583 fuit;

150 604 220 653 Et
243 605 457 653 dederat
481 603 619 652 fratri
648 603 843 651 Boreas
861 604 947 667 jus
973 618 1123 650 omne
1151 602 1357 666 rapinae,

216 682 387 731 Ausus
415 682 706 730 Erechthea
731 682 939 746 praemia
963 681 1091 729 ferre
1117 681 1288 727 domo.

149 761 266 808 Vim
284 768 457 809 tamen
475 759 717 808 emendat
730 759 899 807 dando
915 758 1039 805 mihi
1054 758 1260 806 nomina
1275 765 1448 822 nuptae
1462 760 1578 815 3205

220 840 386 904 Inque
411 855 524 887 meo
550 855 651 886 non
674 845 753 887 est
777 839 882 886 ulla
907 837 1118 902 querela
1143 843 1272 884 toro.

149 917 282 967 Vere
309 918 444 965 fruor
469 933 698 982 semper:
742 932 944 981 semper
970 914 1310 963 nitidissimus
1338 928 1529 960 annus:

219 996 384 1044 Arbor
408 996 565 1044 habet
589 995 810 1051 frondes,
835 994 1024 1060 pabula
1050 1009 1252 1058 semper
1276 993 1480 1039 humus.

153 1074 249 1122 Est
274 1074 397 1123 mihi
424 1073 674 1122 fecundus
700 1073 956 1121 dotalibus
983 1073 1160 1119 hortus
1187 1071 1238 1118 in
1264 1070 1394 1134 agris
1416 1086 1425 1117 :

221 1153 362 1201 Aura
386 1153 549 1209 fovet3
591 1152 800 1216 liquidae
827 1152 966 1199 fonte
994 1152 1183 1215 rigatur
1209 1166 1373 1214 aquae.

199 1316 275 1347 199.
300 1315 446 1347 Observa
465 1314 667 1351 modestiam,
687 1324 751 1356 qua
772 1314 833 1345 for-

154 1376 239 1397 mam
256 1377 346 1397 suam
362 1365 486 1396 laudat.
523 1365 640 1401 Grave,
654 1364 835 1396 molestum.

156 1417 230 1454 Pro,
244 1417 392 1448 maritum
410 1415 486 1446 mihi
499 1416 650 1458 repperit,
663 1415 788 1451 maluit,
802 1420 838 1446 ut

155 1468 262 1499 minus
290 1467 434 1509 vulgare,
464 1477 613 1509 generum
646 1468 739 1497 matri
769 1477 837 1506 rep-

154 1518 246 1558 perit.
291 1516 444 1547 Similiter
463 1516 527 1548 fere
546 1517 684 1547 Metam.
704 1515 736 1546 ii.
757 1516 834 1547 746.

156 1567 337 1600 Mercurius
357 1567 398 1598 ad
419 1577 554 1598 sororem
574 1565 717 1608 virginis,
737 1577 835 1608 quam

156 1619 289 1660 petebat
303 1630 309 1648 :
330 1625 364 1649 tu
380 1617 459 1648 velis
478 1622 497 1635 “
512 1616 609 1659 prolis
623 1627 701 1647 meae
719 1624 836 1648 mater-

157 1674 226 1700 tera
246 1667 344 1699 dici.'’
391 1667 431 1697 In
452 1667 555 1698 verbis
576 1677 627 1697 ver·
648 1666 836 1708 erat—fuit,

158 1717 342 1760 exemplum
353 1716 477 1758 insigne
488 1716 644 1747 habemus
655 1715 839 1751 incisor-um,

159 1768 226 1799 sive
255 1767 400 1799 brevium
429 1765 580 1797 orationis
609 1766 837 1797 membrorum.

162 1819 281 1850 Errare
297 1818 336 1850 de
353 1816 606 1848 ambulantibus.
636 1816 771 1852 Fortior,
786 1826 840 1847 ve-

160 1869 280 1907 loci0r;
312 1868 404 1899 deest
433 1878 539 1902 cursu,
568 1866 655 1908 quod
680 1867 766 1897 Met.
794 1866 840 1898 iii.

161 1921 237 1951 219.
275 1917 434 1950 additum.
495 1916 660 1959 Zephyrus
703 1915 841 1947 velocior

161 1976 240 2006 erat,
261 1968 380 2011 quippe
404 1973 530 2003 ventus,
551 1972 583 1997 et
605 1966 718 2009 pennis
739 1966 840 1997 Amo-

161 2020 203 2051 ris
229 2019 370 2062 adjutus,
391 2024 427 2049 ut
451 2017 597 2049 Phoebus
618 2018 702 2048 Met.
721 2017 742 2048 i.
766 2017 842 2048 540.

161 2069 414 2102 Excusationem
441 2068 540 2099 etiam
565 2067 681 2098 marito
705 2066 840 2109 reperit:

166 2122 208 2152 Et
220 2123 360 2157 dederat,
376 2125 440 2151 etc.
457 2118 522 2150 vim
539 2125 571 2150 et
586 2118 731 2161 rapinam
747 2118 844 2149 licere

163 2172 224 2204 sibi
255 2172 392 2214 putabat
429 2169 472 2202 ad
506 2169 691 2212 exemplum
728 2167 844 2200 fratris.

164 2223 217 2254 De
239 2223 338 2254 Borea
357 2220 541 2263 Orithyam‚
566 2221 744 2256 Erechthei,
762 2219 846 2261 regis

164 2272 385 2309 Atheniensis,
407 2272 507 2303 filiam
527 2272 679 2311 rapiente,
697 2271 783 2302 Met.
803 2269 847 2300 vi.

166 2324 230 2354 677
247 2334 318 2366 sqq.
363 2323 509 2365 Raptum
527 2321 665 2352 formula
685 2319 850 2352 lenissima

169 2372 321 2416 exprimit
343 2373 469 2412 praemia
481 2372 586 2413 ferre,
610 2380 750 2412 namque
770 2381 849 2410 prae-

169 2426 264 2454 mium
281 2421 377 2454 etiam
393 2421 434 2452 de
449 2420 560 2464 praeda
576 2419 694 2451 dicitur
709 2431 717 2458 3
742 2420 849 2450 Meta-

169 2473 293 2516 morph.
305 2471 349 2503 vi.
362 2472 426 2503 518
441 2484 446 2501 :
467 2474 488 2488 “
502 2476 627 2513 spectat
642 2480 700 2501 sua
715 2468 848 2511 praemia

170 2529 277 2566 raptor
291 2522 323 2562 ;”
354 2526 386 2553 et
410 2521 573 2557 Horatius,
600 2519 704 2562 Epod.
726 2518 759 2550 ii.
784 2519 845 2550 36:

170 2578 191 2591 “
211 2571 358 2616 jucunda
373 2576 483 2614 captat
496 2569 662 2613 praemia.''

216 2625 294 2655 205.
327 2622 395 2653 Vim
430 2622 581 2656 emendat,
623 2619 687 2650 vim
725 2617 849 2649 illatam

173 2677 359 2716 compensat
392 2679 424 2702 et
457 2671 574 2702 honore
609 2675 641 2700 et
674 2667 851 2700 beneficiis.

175 2724 321 2760 Querela.
376 2723 490 2753 Douza
515 2721 673 2756 observat,
704 2719 850 2750 allusisse

174 2780 301 2816 poetam
337 2773 378 2805 ad
408 2772 579 2805 formulam
612 2770 644 2802 in
683 2769 853 2813 epitaphiis

1482 1151 1582 1195 210

905 1314 1032 1345 obviam
1063 1316 1209 1344 vixerunt
1239 1314 1302 1343 sine
1332 1312 1468 1353 querela.
1513 1311 1588 1344 Jam

907 1364 1095 1395 felicitatem
1112 1373 1205 1395 suam
1222 1362 1333 1394 efferre
1353 1361 1478 1404 incipit.
1526 1361 1586 1392 Ni-

908 1417 1073 1446 tidissimus
1090 1425 1192 1445 annus
1210 1412 1307 1444 etiam
1325 1423 1390 1444 ver.
1411 1413 1488 1443 265.
1508 1411 1588 1453 legi-

908 1471 973 1496 tur.
1022 1465 1133 1495 Nitere
1148 1464 1230 1495 bene
1247 1462 1367 1493 dicitur
1385 1461 1424 1493 de
1442 1462 1516 1492 laeto
1535 1472 1590 1492 co-

908 1515 972 1546 lore
987 1520 1018 1545 et
1031 1513 1177 1556 jucunda
1193 1512 1275 1543 facie
1292 1517 1396 1547 terrae,
1412 1516 1448 1542 ut
1460 1512 1529 1554 jam
1547 1510 1588 1542 ad

906 1566 949 1597 iv.
978 1566 1039 1596 126
1064 1570 1095 1596 et
1120 1565 1194 1595 430.
1221 1562 1431 1594 admonitum.
1479 1563 1590 1592 Annus

906 1622 942 1648 ut
962 1616 1042 1647 alias
1065 1615 1104 1646 de
1126 1619 1282 1657 proventu
1302 1619 1392 1644 terrae
1414 1623 1520 1644 annuo
1541 1612 1589 1643 le-

907 1667 992 1708 gitur
1009 1664 1145 1707 (Virgil.
1159 1664 1280 1705 Georg.
1293 1663 1325 1694 ii.
1337 1664 1420 1694 516:
1447 1667 1469 1680 “
1487 1662 1590 1705 pomis

909 1717 1064 1748 exuberat
1083 1726 1187 1746 annus
1200 1714 1233 1754 3⁰
1258 1714 1342 1744 Plin.
1362 1724 1481 1756 paneg.
1501 1713 1590 1744 xxix.

910 1768 930 1798 3
943 1779 949 1797 z
967 1771 987 1783 ‘⁴
998 1765 1155 1797 messibus
1164 1763 1278 1795 nostris
1287 1774 1389 1795 annus
1395 1774 1433 1794 ex
1439 1761 1590 1804 uberat’')

913 1817 959 1848 sic
977 1826 1062 1848 nunc
1080 1815 1120 1846 de
1137 1813 1303 1857 superficie
1320 1819 1423 1844 terrae.
1465 1813 1524 1844 Ver
1539 1812 1592 1844 hic

910 1865 1030 1909 optime
1050 1864 1228 1907 repetitur3
1257 1873 1330 1895 vere
1349 1873 1474 1905 semper
1496 1863 1592 1899 fruor,

911 1928 984 1949 vere
1017 1914 1227 1947 nitidissimus
1252 1920 1301 1945 est
1332 1924 1445 1950 annus,
1471 1913 1590 1944 etenim

912 1967 1029 1998 humus
1046 1972 1114 1997 tum
1130 1975 1255 2007 semper
1270 1963 1370 1995 habet
1384 1962 1514 2006 pabula.

956 2016 1144 2048 209—228.
1168 2015 1220 2045 De
1236 2013 1363 2044 hortulo
1383 2024 1439 2044 suo
1458 2018 1490 2044 et
1510 2012 1593 2044 flori-

912 2068 973 2099 bus
989 2070 1096 2097 narrat
1116 2063 1254 2096 facunde
1277 2068 1310 2094 et
1330 2062 1479 2094 suaviter.
1527 2063 1591 2093 Do-

915 2118 990 2148 tales
1016 2117 1097 2158 agri,
1125 2120 1161 2146 ut
1183 2115 1322 2145 Metam.
1351 2112 1416 2144 xiv.
1443 2113 1518 2145 459.
1542 2115 1595 2144 do-

915 2169 992 2199 talia
1008 2178 1095 2198 arva.
1142 2164 1308 2205 Implevit5
1333 2164 1498 2206 Zephyrus
1509 2163 1595 2195 enim

916 2218 1008 2249 flores
1025 2220 1190 2258 provocat.
1236 2214 1423 2250 Arbitrium,
1442 2219 1595 2256 potestas,

915 2267 1097 2309 imperium,
1114 2272 1151 2296 ut
1167 2264 1213 2296 iii.
1234 2264 1299 2295 316
1317 2275 1325 2302 3
1352 2264 1394 2294 iv.
1414 2264 1490 2294 818.
1538 2264 1595 2294 Co-

919 2319 1014 2354 lores,·
1039 2315 1149 2347 confer
1163 2314 1208 2345 iv.
1223 2315 1300 2345 439.
1355 2314 1506 2355 Digestos,
1522 2320 1596 2355 apte

918 2366 1101 2409 dispositos.
1143 2365 1276 2396 Roscida
1290 2366 1418 2405 pruina,
1432 2374 1494 2395 ros.
1533 2364 1597 2395 Ex-

920 2429 1005 2449 cussa
1028 2417 1073 2448 nil
1095 2415 1155 2447 nisi
1176 2420 1294 2452 amota,
1308 2414 1440 2446 siccata.
1488 2414 1596 2451 Comoe,

917 2473 953 2500 ut
969 2468 1012 2499 iv.
1025 2468 1107 2499 438:
1133 2477 1221 2498 comae
1233 2475 1420 2507 papavereoe.
1448 2463 1596 2506 Figmen-

918 2524 987 2550 tum
1003 2518 1062 2549 hoc
1080 2516 1121 2548 de
1137 2517 1232 2547 Horis
1253 2521 1285 2547 et
1301 2515 1424 2546 Gratiis
1439 2519 1550 2557 aptum
1565 2520 1597 2546 et

919 2569 960 2600 ad
987 2567 1069 2599 horti
1099 2565 1331 2610 praestantiam,
1360 2570 1393 2596 et
1422 2563 1463 2595 ad
1492 2564 1593 2595 Florae

919 2617 1107 2650 felicitatem
1119 2615 1361 2648 declarandam.
1388 2614 1494 2650 Horoe,
1506 2614 1527 2645 J
1529 2614 1596 2645 ovis

919 2673 952 2700 et
968 2666 1134 2699 Themidis
1151 2666 1238 2703 filiae,
1258 2663 1429 2700 Eunomia,
1447 2663 1544 2700 Dice,
1563 2669 1596 2696 et

921 2719 1025 2756 Irene,
1040 2716 1206 2749 hominum
1224 2715 1375 2759 operibus
1395 2719 1596 2746 venustatem

922 2769 1065 2807 addunt;
1103 2766 1237 2800 Hesiod.
1267 2765 1388 2807 Theog.
1416 2764 1482 2795 900
1511 2774 1592 2806 sqq:
