1809 3220
133 174 222 216 292

532 172 584 213 P.
618 170 837 213 OVIDII
872 168 1160 212 NASONIS

142 291 397 356 Displicet
420 287 611 336 haeredi
638 286 863 335 mandati
891 302 1013 334 cura
1038 285 1289 350 sepulcri:

210 368 443 417 Mortuus
471 365 701 414 Ausonia
725 364 960 413 conditur
985 365 1173 429 hospes
1199 364 1370 411 humo.

146 447 359 510 Scirpea
384 461 474 510 pro
502 443 707 492 domino
733 443 903 491 Tiberi
925 444 1148 507 jactatur
1174 442 1358 505 imago,

212 524 284 572 Ut
308 530 509 588 repetat
535 522 718 570 Graias
746 539 836 586 per
860 522 989 570 freta
1014 523 1165 584 longa
1189 521 1387 568 domos.

1469 521 1569 567 660

147 601 439 650 Hactenus:
480 607 537 648 ut
561 600 672 648 vivo
698 599 855 647 subiit
880 599 1100 647 rorantia
1125 615 1250 647 saxo

214 682 404 738 Antra;
446 680 584 728 leves
610 695 816 727 cursum
842 679 1154 726 sustinuistis
1180 694 1343 742 aquae.

148 760 346 807 CLARE
368 775 528 823 nepos
548 757 790 814 Atlantis,
809 757 955 812 ades;
990 774 1143 821 quem
1171 756 1430 805 montibus
1455 753 1577 802 olim

218 838 393 886 Edidit
417 837 630 894 arcadiis
658 836 831 884 Pleias
858 853 958 884 una
982 835 1012 884 J
1017 836 1123 884 ovi:

150 915 303 965 Pacis
330 924 381 965 et
406 932 658 964 armorum
681 915 883 979 superis
910 914 1129 978 imisque
1155 913 1365 961 deorum

1480 912 1578 958 665

218 994 442 1049 Arbiter,
471 994 606 1042 alato
633 993 721 1056 qui
748 993 879 1057 pede
905 992 1072 1056 carpis
1099 992 1210 1048 iter,

156 1072 293 1120 Laete
320 1072 442 1137 lyrae
469 1071 636 1136 pulsu,
666 1071 826 1118 nitida
852 1087 1059 1134 quoque
1085 1070 1201 1118 laete
1226 1069 1490 1134 palaestra;

222 1150 339 1206 Quo
366 1150 546 1198 didicit
571 1150 708 1198 culte
734 1150 908 1213 lingua
932 1148 1133 1197 favente
1160 1147 1317 1211 loqui.

155 1227 372 1292 Templa
397 1228 488 1276 tibi
516 1244 730 1292 posuere
757 1234 926 1292 patres
953 1225 1243 1291 spectantia
1267 1225 1458 1273 circum

223 1306 429 1354 Idibus:
471 1322 536 1354 ex
567 1306 652 1354 illo
680 1314 760 1354 est
786 1307 892 1354 haec
920 1305 1011 1353 tibi
1036 1305 1169 1353 festa
1193 1304 1319 1352 dies.

157 1482 219 1512 cet,
241 1475 349 1507 solitos
373 1487 441 1507 esse
460 1477 590 1507 Graecos
613 1475 735 1506 cineres
757 1475 834 1506 ami-

156 1536 264 1557 corum
279 1532 370 1557 extra
384 1525 519 1567 patriam
540 1531 734 1555 mortuorum
754 1524 836 1555 arcis

158 1576 296 1607 inclusos
312 1576 440 1606 domum
459 1575 639 1617 deportane.
679 1575 835 1614 Sepultus,

159 1636 361 1668 quocumque
385 1624 479 1655 modo
500 1624 659 1660 conditus,
681 1624 779 1655 etiam
804 1624 836 1655 in

160 1687 276 1717 aquam
297 1676 462 1718 abjectus;
486 1674 632 1716 Cuperus
650 1675 682 1705 in
699 1674 837 1706 Observ.

162 1727 183 1756 i.
203 1727 234 1757 7.

204 1777 280 1807 661.
307 1776 468 1807 Huc-tenus
487 1776 614 1806 locutus
634 1781 682 1806 est
703 1774 837 1806 Tiberis.

164 1826 200 1856 ln
241 1825 459 1861 foraminibus,
490 1824 574 1856 unde
609 1824 724 1855 fluvius
761 1823 838 1861 exit,

165 1882 266 1917 poetae
291 1875 456 1917 fingebant
479 1882 583 1910 antra,
605 1875 635 1906 in
657 1874 774 1916 quibus
795 1874 839 1905 dii

163 1925 307 1957 fluviales
322 1925 515 1956 habitarent.
557 1925 676 1955 Horat-e
691 1924 841 1956 dicuntur

164 1975 235 2007 loca
247 1975 397 2014 humida3
418 1976 501 2006 Met.
518 1975 563 2005 iii.
582 1975 660 2006 177:
681 1974 842 2006 “intravit

165 2025 305 2056 rorantia
327 2025 467 2056 fontibus
491 2025 616 2056 ant1·a.'‘
668 2025 789 2061 Vivum,
810 2031 844 2056 ut

168 2075 248 2106 Met.
261 2074 306 2106 iii.
323 2076 402 2106 159:
418 2086 529 2115 pumex
546 2076 650 2111 vivus,·
669 2081 744 2105 etv.
758 2075 841 2106 317:

157 2125 253 2166 facta
273 2125 310 2155 de
329 2126 396 2155 vivo
414 2125 521 2156 sedilia
539 2136 618 2155 suso.
665 2124 770 2161 Leves,
789 2135 843 2156 ce-

167 2174 258 2206 leres.
316 2174 370 2210 Ut,
401 2185 463 2206 non
502 2180 542 2210 et,
573 2173 714 2216 postulat
750 2174 847 2206 series

170 2223 333 2255 orationis.

212 2274 398 2306 663—692.
414 2273 520 2305 Idibus
532 2274 691 2305 Mercurio
702 2276 847 2315 templum

168 2327 297 2364 positum
310 2336 319 2361 ,·
340 2325 411 2355 hinc
423 2325 476 2354 ille
492 2326 555 2355 dies
570 2327 788 2356 mercatoribus
799 2327 848 2356 in-

167 2375 274 2414 primis
285 2374 402 2416 festus.
437 2373 678 2405 Praemittuntur
695 2374 848 2406 Mercurii

172 2423 306 2462 1audes3
329 2430 505 2465 sequuntur
527 2423 668 2465 piamina
685 2429 718 2455 et
737 2435 850 2466 preces

177 2479 402 2504 mercatorum.

223 2523 317 2554 Clare
346 2534 446 2563 nepos,
476 2523 556 2564 etc-J
601 2524 652 2554 De
681 2522 851 2555 virtutibus

173 2573 242 2615 ejus
265 2571 373 2604 confer
396 2583 478 2604 vers.
506 2573 566 2604 103
585 2578 617 2604 et
640 2573 718 2603 447.
766 2572 850 2605 Vide

174 2623 361 2656 Bentleium
391 2623 432 2654 ad
461 2623 539 2655 dict.
570 2624 629 2655 loc.
661 2623 713 2654 cui
739 2623 850 2666 displi-

176 2673 273 2705 cebat
288 2673 348 2704 hoc
362 2672 434 2704 loco
445 2685 509 2704 una
522 2673 641 2710 Pleias,
653 2673 728 2716 quia
739 2680 850 2716 sponte

177 2722 388 2765 intelligatur,
419 2734 480 2754 uon
527 2723 651 2755 duabus
695 2723 851 2756 matribus

174 2772 318 2814 genitum
348 2785 416 2805 esse
448 2773 663 2809 Mercurium;
693 2773 847 2806 suadebat

1484 1303 1584 1349 670

902 1485 977 1516 ergo
995 1475 1069 1510 uda,
1088 1473 1161 1515 quia
1181 1471 1332 1504 Pleiades
1351 1469 1468 1514 passim
1486 1469 1588 1512 poetis

904 1535 1030 1565 aquosae,
1059 1525 1199 1558 madida‘,
1226 1521 1391 1563 imbrifera·
1419 1519 1589 1557 dicuntum

907 1574 964 1605 sed
985 1574 1191 1604 Burmannus
1209 1571 1250 1602 ad
1273 1569 1405 1601 Heroid.
1428 1581 1483 1600 xv.
1516 1568 1587 1599 162.

905 1624 999 1655 docet
1020 1635 1116 1654 unam
1144 1622 1275 1653 Pleiada
1299 1626 1384 1652 recte
1401 1618 1466 1651 dici
1489 1629 1586 1650 unam

907 1685 945 1705 ex
973 1672 1171 1704 Pleiadibus.
1223 1672 1265 1703 Et
1289 1671 1348 1702 hoc
1374 1671 1444 1702 loco
1466 1669 1587 1700 incom-

905 1724 999 1755 mode
1025 1725 1088 1754 uda
1114 1722 1206 1754 nobis
1236 1721 1344 1753 Pleias
1373 1720 1589 1752 exhiberetur.

910 1775 1079 1811 Montibus,
1092 1773 1230 1815 Cyllene
1246 1777 1369 1803 monte.

953 1825 1030 1856 666.
1056 1825 1181 1855 Arbiter
1205 1822 1291 1854 idem
1318 1820 1405 1864 quod
1427 1822 1591 1860 interpres,

908 1875 1065 1917 μεσίτης;
1114 1873 1151 1911 is,
1183 1884 1239 1916 per
1271 1883 1368 1915 quem
1407 1870 1593 1912 transigitur

911 1925 1034 1968 aliquid
1067 1925 1147 1956 inter
1181 1923 1276 1962 duos;
1317 1921 1437 1959 Livius,
1467 1920 1502 1952 ii.
1527 1921 1590 1952 33:

912 1981 931 1994 ‘¹
952 1977 1106 2018 interpres
1131 1974 1313 2017 arbiterque
1341 1971 1520 2005 conc'ordiae
1544 1971 1592 2003 ci-

913 2026 1039 2057 vium.'’
1086 2024 1269 2056 Mercurius
1284 2023 1373 2067 pacis
1387 2028 1421 2054 et
1436 2032 1594 2054 armorum

915 2075 1033 2106 arbiter
1063 2080 1190 2117 propter
1219 2072 1438 2116 eloquentiam
1464 2078 1497 2103 et
1520 2083 1594 2114 pru·

914 2126 1070 2161 dentiam,
1089 2135 1154 2167 qua
1174 2124 1315 2156 excellit.
1361 2122 1444 2154 Inde
1468 2122 1544 2153 Paci
1563 2133 1596 2154 er

916 2176 948 2207 in
973 2175 1111 2207 nummis
1135 2181 1278 2206 vocatur.
1327 2173 1413 2205 Vide
1433 2171 1510 2205 Jani
1529 2173 1596 2204 Ex-

917 2236 1042 2258 cursum
1068 2224 1113 2256 iii.
1137 2224 1179 2255 ad
1203 2223 1384 2259 Horatium,
1410 2222 1477 2254 Od.
1498 2221 1555 2253 lib.
1575 2221 1597 2252 i.

918 2277 969 2306 De
987 2277 1057 2316 lyra
1072 2276 1113 2306 ab
1129 2285 1166 2306 eo
1182 2274 1313 2306 inventa
1328 2283 1426 2316 supra
1436 2283 1502 2304 ver.
1521 2272 1595 2304 104.

919 2326 1032 2356 Nitida
1047 2330 1179 2355 vocatur
1194 2323 1345 2366 palaestra
1360 2328 1393 2354 et
1409 2323 1534 2353 Metam
1550 2321 1594 2353 vi.

917 2376 1004 2414 2413
1029 2380 1061 2406 et
1084 2382 1180 2406 uncta
1203 2373 1338 2406 Heroid.
1363 2373 1424 2404 XI.
1449 2373 1500 2404 19.
1520 2372 1598 2415 quia

917 2425 1078 2456 luctantes
1094 2424 1164 2456 oleo
1180 2424 1392 2465 ungebantur.
1445 2423 1598 2454 Palaestra

918 2473 1049 2506 valebat
1071 2474 1112 2505 ad
1131 2474 1272 2517 corporis
1290 2479 1395 2506 motus
1416 2472 1599 2505 formandos

920 2524 1077 2566 roburque
1092 2524 1360 2556 confirmandum.
1378 2524 1482 2555 Laetus
1495 2523 1600 2566 poetis

920 2574 1060 2611 omnino,
1077 2574 1132 2617 qui
1148 2573 1271 2616 aliquid
1288 2573 1384 2605 habet
1401 2579 1457 2605 aut
1469 2578 1598 2605 tractat.

924 2623 1027 2659 Culte,
1045 2623 1198 2655 facunde.

964 2674 1039 2705 670.
1064 2673 1159 2706 Anno
1175 2674 1217 2706 U.
1233 2674 1360 2706 0258.
1375 2673 1488 2705 Idibus
1497 2671 1597 2703 Maiis

920 2723 1081 2755 Mercurio
1106 2724 1192 2755 aedes
1216 2724 1342 2766 posita;
1368 2733 1478 2766 quam,
1496 2733 1598 2765 popu-

920 2773 950 2804 lo
977 2774 1121 2815 jubente,
1153 2773 1314 2806 dedicavit
1348 2774 1397 2804 M.
1430 2771 1598 2808 Laetorius,
