1830 3220
794 199 938 241 IBIS.

1486 201 1571 243 487

159 314 497 379 Membraque
521 316 793 364 vinxerunt
817 316 992 364 tinctis
1017 315 1269 380 ferrugine
1294 317 1492 381 pannis,

223 393 269 440 A
295 394 425 441 male
451 393 652 441 deserto
677 410 805 458 quos
830 409 1042 458 rapuere
1068 410 1218 457 rogo:

1474 397 1572 442 236

156 471 241 531 Et,
267 489 331 520 ne
357 489 456 520 non
481 472 664 519 fultum
691 473 827 520 nuda
850 472 1030 520 tellure
1050 473 1262 536 Jaceret,

224 549 385 598 Molle
412 566 565 614 super
590 550 757 598 silices
783 550 1069 614 imposuere
1096 559 1266 615 caput.

157 627 377 692 Jamque
403 644 693 685 recessurae,
720 629 866 676 viridi
892 628 956 676 de
982 628 1154 693 stipite
1180 630 1340 677 factas

225 706 513 754 Admorunt
537 707 696 755 oculis
723 724 885 770 usque
914 707 1008 754 sub
1035 724 1120 755 ora
1144 707 1298 756 faces.

1479 713 1578 758 240

161 784 357 841 Flebat,
384 792 441 832 ut
465 792 544 833 est
568 785 731 833 infans
757 785 907 833 fumis
933 793 1199 833 contactus
1225 786 1422 845 amaris,

231 863 310 911 De
337 863 496 911 tribus
523 870 601 912 est
626 880 782 927 quum
810 863 880 911 sic
908 880 1008 911 una
1032 864 1201 911 locuta
1225 881 1362 912 soror
1384 882 1393 912 :

160 941 387 1006 Tempus
414 942 465 989 in
490 943 794 990 immensum
811 943 1061 1007 lacrymas
1079 943 1169 990 tibi
1185 943 1411 992 vovimus
1438 945 1576 1002 istaS,

230 1018 356 1074 Quae
383 1036 584 1085 semper
609 1037 763 1069 causa
788 1021 1068 1069 sufficiente
1094 1021 1295 1069 cadent.

164 1096 406 1146 Dixerat:
449 1107 500 1146 at
527 1099 712 1147 Clotho
732 1100 886 1164 jussit
910 1100 1157 1164 promissa
1178 1100 1361 1157 valere,

1483 1104 1580 1149 245

235 1176 390 1225 Nevit
415 1183 468 1225 et
491 1177 713 1226 infausta
737 1178 954 1226 stamina
978 1178 1116 1243 pulla
1140 1195 1320 1238 manu3

166 1253 234 1302 Et
259 1272 321 1303 ne
348 1256 499 1320 longa
524 1274 626 1304 suae
654 1258 901 1322 praesagia
925 1257 1118 1306 diceret
1142 1257 1305 1307 horae:

235 1333 360 1382 Fata
384 1342 534 1383 canet
557 1342 698 1384 vates
724 1336 812 1400 qui
837 1343 940 1392 tua,
968 1336 1115 1392 dixit,
1144 1336 1255 1384 erit.

165 1409 259 1459 Ille
284 1429 378 1476 ego
404 1430 515 1461 sum
541 1421 680 1462 vates
701 1432 710 1463 :
751 1431 817 1463 ex
843 1431 923 1462 me
948 1421 1035 1462 tua
1058 1415 1264 1462 vulnera
1288 1415 1472 1474 disces

235 1489 301 1538 Di
327 1492 475 1539 modo
501 1492 623 1540 dent
648 1492 775 1541 vires
802 1493 849 1540 in
878 1508 992 1540 mea
1015 1493 1169 1540 verba
1193 1509 1327 1541 suas.

1483 1499 1581 1545 250

168 1566 597 1634 Carminibusque
624 1571 750 1619 meis
776 1570 1024 1619 accedant
1048 1571 1272 1634 pondera
1295 1588 1478 1631 rerum,

236 1645 363 1701 Quae
390 1655 497 1696 rata
520 1665 610 1713 per
635 1650 802 1697 luctus
828 1649 1089 1713 experiere
1115 1656 1245 1698 tuos.

168 1723 311 1773 Neve
336 1726 446 1774 sine
470 1728 720 1792 exemplis
746 1726 837 1775 aevi
862 1727 1073 1775 moriare
1098 1727 1303 1792 prioris3

238 1803 354 1852 Sint
379 1812 468 1854 tua
491 1806 720 1870 Trojanis
747 1823 846 1854 non
870 1806 1058 1855 leviora
1081 1807 1243 1855 malis.

170 1880 476 1948 Quantaque
500 1885 736 1949 clavigeri
756 1886 1013 1934 Paeantius
1040 1885 1275 1934 Herculis
1301 1886 1463 1946 heres,
1483 1893 1581 1939 255

237 1961 403 2011 Tanta
425 1972 672 2013 venenato
696 1965 906 2013 vulnera
930 1982 1075 2013 crure
1100 1982 1261 2029 geras.

173 2039 284 2089 Nec
309 2042 469 2091 levius
495 2043 685 2100 doleas,
714 2059 868 2107 quam
895 2044 981 2108 qui
1006 2043 1134 2091 bibit
1157 2044 1314 2093 ubera
1338 2060 1514 2103 cervae,

239 2119 540 2186 Armatique
565 2122 681 2170 tulit
704 2123 902 2180 vulnus,
930 2122 1132 2170 inermis
1155 2139 1333 2187 opem:

218 2250 297 2280 235.
315 2249 514 2292 Ferrugz'ne.]
534 2249 646 2281 Colore
663 2249 774 2280 noctis.
794 2248 846 2280 Sic

173 2304 268 2341 poeta
291 2300 372 2330 Met.
396 2310 448 2330 xv.
471 2310 537 2331 ver.
554 2300 638 2330 788:
665 2303 685 2317 “
703 2299 848 2331 Caerulus

174 2355 207 2381 et
223 2349 345 2380 vultum
370 2349 528 2392 ferrugine
545 2349 671 2381 Lucifer
685 2355 753 2381 atra
769 2373 776 2381 .
792 2372 800 2381 .
817 2372 826 2380 .
840 2372 849 2382 .

176 2401 310 2442 Sparsus
331 2399 433 2430 erat.''
470 2400 522 2431 Sic
541 2399 706 2441 Virgilius,
728 2399 769 2430 vi.
787 2410 849 2432 ver.

177 2450 254 2481 303.
278 2449 448 2481 Charontis
469 2450 616 2493 cymbam
634 2455 727 2481 vocat
751 2450 850 2482 ferru-

176 2509 315 2542 gineam.

223 2550 301 2581 239.
329 2550 377 2581 De
402 2551 496 2581 viridi
516 2552 630 2591 stipite,
653 2550 736 2591 etc.]
763 2550 850 2581 Nam

177 2600 263 2632 faces
291 2599 409 2632 virides
438 2599 579 2632 infelices
607 2606 693 2637 sunt,
725 2605 851 2643 propter

178 2651 312 2682 fumum.

222 2702 298 2731 255.
315 2700 473 2731 Paemztins
489 2700 662 2741 Herculis]
687 2699 850 2732 Philocte-

181 2755 238 2786 tes,
253 2749 394 2781 Paeantis
409 2750 505 2787 filius,
521 2761 559 2782 ex
582 2750 739 2782 Meliboea
754 2751 830 2782 urbe
844 2763 850 2781 :

180 2799 364 2843 compulsus
380 2801 419 2833 ab
437 2800 575 2833 Hercule
595 2801 701 2843 jurare
718 2801 854 2844 corporis

915 2248 962 2280 sui
976 2247 1127 2290 reliquias
1142 2258 1204 2279 non
1223 2247 1447 2286 indicaturum,
1464 2250 1504 2281 ab
1519 2250 1587 2293 ipso

914 2310 970 2341 pro
1000 2309 1130 2329 munere
1154 2298 1285 2340 sagittas
1311 2299 1383 2330 felle
1407 2299 1516 2341 hydrae
1539 2301 1587 2332 in-

917 2348 1033 2380 tinctas
1049 2347 1185 2391 accepit,
1197 2347 1264 2379 sine
1281 2348 1397 2390 quibus
1410 2349 1505 2393 Troja
1516 2350 1588 2394 capi

916 2410 978 2430 non
993 2403 1127 2441 poterat.
1150 2399 1234 2430 ZAn.

960 2449 1036 2480 257.
1062 2449 1127 2480 Nec
1157 2449 1252 2480 levius
1275 2450 1388 2486 doleas,
1419 2462 1508 2491 quam
1537 2452 1589 2492 qui

919 2501 992 2531 bibit
1009 2501 1103 2530 ubera
1122 2499 1243 2540 cervae.]
1271 2499 1430 2542 Telephus
1445 2499 1512 2532 ἀπὸ
1527 2504 1589 2540 τῆς

918 2551 1026 2590 Θηλῆς
1041 2550 1095 2581 καὶ
1115 2552 1174 2582 τοῦ
1192 2549 1324 2592 ἐλάφου,
1341 2550 1423 2581 filius
1439 2551 1588 2582 Herculis

919 2606 951 2631 et
966 2600 1086 2642 Auges,
1103 2599 1175 2630 filiae
1194 2599 1278 2636 Alei,
1295 2599 1376 2631 inter
1388 2599 1525 2642 virgulta
1540 2600 1587 2632 in-

921 2656 1032 2682 ventus
1055 2654 1113 2687 est,
1135 2649 1271 2680 nutritus
1293 2659 1312 2680 a
1334 2660 1439 2686 cerva,
1457 2649 1591 2682 donatus

921 2712 939 2732 a
959 2701 1137 2744 pastoribus
1153 2699 1303 2741 Corytho,
1318 2698 1489 2731 Thessaliae
1513 2701 1590 2742 regi.

922 2752 1010 2782 Dum
1041 2761 1080 2783 ex
1109 2750 1236 2782 oraculo
1263 2749 1437 2787 didicisset,
1458 2756 1590 2781 matrem

924 2801 1097 2844 fugientem
1122 2806 1284 2843 paternam
1307 2800 1397 2838 iram,
1413 2801 1461 2834 vel
1488 2800 1591 2844 potius
