1809 3220
367 336 447 397 P.
493 335 870 397 OVIDII
928 335 1394 400 NASONIS

559 489 1138 545 HALIEUTICON
1160 498 1207 544 *.

663 647 1104 687 FRAGMENTUM.

746 785 1013 819 a*-

167 971 505 1032 ACCEPIT
526 983 749 1031 mundus
766 984 957 1049 legem:
981 985 1125 1033 dedit
1140 1001 1282 1033 arma
1295 1001 1387 1050 per
1401 1000 1597 1041 omnes,

168 1062 555 1127 Admonuitque
583 1063 689 1123 sui3
731 1064 919 1113 vitulus
947 1065 1019 1113 sic
1046 1081 1270 1130 namque
1295 1064 1534 1121 minatur,

225 1159 341 1191 Utrum
380 1157 541 1190 terrestria
582 1158 741 1201 aquaticis
779 1155 847 1192 ani-

165 1210 314 1247 malibus,
332 1220 372 1241 an
389 1209 590 1241 terrestribus
605 1210 756 1253 aquatica
767 1223 847 1254 prae-

166 1267 251 1293 stent
279 1259 449 1298 industria,
479 1260 594 1303 quaerit
624 1266 656 1292 et
685 1261 849 1293 examinat

168 1311 373 1348 Plutarchus,
384 1311 416 1342 in
432 1310 553 1348 libello,
570 1311 662 1354 cujus
677 1310 747 1354 ipsa
759 1323 844 1354 quae-

166 1364 225 1396 stio
238 1363 350 1394 titulus
363 1375 370 1402 3
396 1369 427 1394 et
443 1362 591 1394 adductis
603 1362 766 1406 utrinque,
777 1363 847 1406 qui-

164 1415 225 1446 bus
242 1424 333 1445 suam
354 1413 491 1456 quisque
512 1413 693 1456 opinionem
709 1419 847 1451 tueatur,

164 1464 332 1508 exemplis,
348 1464 447 1496 dubia
467 1475 593 1507 prorsus
609 1475 657 1496 res
674 1465 714 1496 ab
732 1464 849 1496 arbitro

164 1515 365 1557 relinquitur.
422 1514 460 1545 Id
490 1525 592 1556 genus
625 1520 849 1557 argumentum

166 1568 283 1598 Noster
298 1566 359 1597 sibi
377 1565 498 1597 videtur
519 1566 730 1608 proposuisse,
748 1577 849 1608 quan—

166 1624 232 1649 tum
259 1617 337 1648 licet
360 1616 529 1659 conjicere,
556 1627 573 1648 e
599 1617 744 1648 collectis
769 1617 849 1649 adeo

166 1668 280 1700 misere
315 1668 466 1711 discerpti
505 1674 607 1710 poetae
642 1668 850 1700 membris.—

168 1720 244 1751 vid.
274 1719 407 1751 Aristot.
439 1719 526 1750 Hist.
557 1719 701 1751 Animal.
738 1719 850 1762 ibique

164 1771 231 1803 Jul.
253 1771 339 1802 Caes.
369 1770 456 1802 Scal.
481 1770 584 1802 Gratii
608 1770 764 1813 Cyneget.
781 1772 848 1815 Op-

165 1821 253 1864 pian.
264 1821 412 1852 Halieut.
425 1827 457 1852 et
465 1821 624 1863 Cyneget.
638 1821 689 1852 ed.
700 1822 849 1854 Schneid.

164 1871 382 1915 Argentorati,
415 1872 510 1904 1776.
550 1871 633 1903 Plin.
662 1873 747 1904 Hist.
772 1874 849 1904 Nat.

164 1923 207 1954 ix.
225 1929 257 1954 et
273 1923 500 1960 xxxii.—Quae
526 1922 606 1954 mira
629 1923 770 1955 referunt
791 1935 844 1956 ve-

165 1980 246 2006 teres
269 1973 308 2005 de
332 1973 541 2016 quorumdam
566 1972 710 2005 Piscium
737 1973 846 2006 indus-

164 2024 235 2061 tria,
248 2035 366 2066 magna
377 2035 415 2056 ex
429 2030 519 2067 parte
533 2024 706 2056 infirmavit
717 2025 848 2057 credula

164 2075 282 2111 minus,
299 2074 354 2106 sed
370 2075 554 2117 diligentior
566 2075 776 2107 recentiorum
793 2087 847 2107 ex-

165 2125 313 2169 ploratio.

210 2177 229 2195 *
255 2176 359 2218 Hujus
384 2182 449 2206 tam
475 2175 557 2207 saede
582 2186 618 2207 ac
643 2176 756 2207 misere
779 2187 846 2208 cor-

167 2228 250 2270 rupti
278 2233 310 2258 et
340 2226 479 2257 mutilati
509 2225 622 2270 operis,
652 2227 700 2258 bis
730 2227 849 2259 mentio

166 2285 214 2309 est
240 2277 326 2320 apud
353 2277 435 2308 Plin.
457 2278 544 2308 Sem.
570 2276 669 2308 xxxii.
692 2288 720 2308 c.
746 2279 776 2314 2,
802 2277 851 2308 his

166 2329 287 2360 verbis:
321 2329 442 2359 “Mihi
474 2328 622 2360 videntur
657 2329 747 2366 mira,
777 2341 849 2372 quae

166 2379 304 2411 Ovidius
328 2379 469 2422 prodidit
494 2379 629 2422 piscium
653 2379 794 2422 ingenia,
816 2380 849 2412 in

166 2443 203 2462 eo
222 2430 394 2467 volumine,
412 2430 497 2472 quod
518 2430 718 2462 Halieutieon
739 2430 849 2462 inscri-

165 2481 288 2513 bitur.''
337 2480 496 2516 Secundo,
525 2480 635 2511 eodem
666 2481 752 2512 Libr.
777 2492 848 2524 cap.

166 2533 225 2564 ult.
252 2532 306 2563 ubi
331 2532 397 2563 sic:
433 2532 527 2563 “His
551 2532 739 2574 adjiciemus
765 2536 849 2573 apud

168 2584 314 2614 Ovidium
349 2582 452 2625 posita
488 2582 629 2618 nomina,
660 2594 732 2624 quae
763 2584 848 2626 apud

165 2633 325 2665 neminem
349 2634 446 2664 alium
468 2633 684 2676 reperiuntur3
710 2635 765 2665 sed
786 2635 846 2666 sor-

165 2684 258 2715 tassis
281 2685 311 2715 in
342 2685 441 2715 l'onto
464 2684 674 2721 nascuntur,''
691 2690 755 2716 etc.
802 2686 844 2717 11-

166 2735 311 2766 lustravit
327 2735 385 2766 hoc
402 2746 516 2778 poema
531 2735 668 2767 Sclioliis
683 2736 748 2768 suis
762 2737 846 2768 Con-

166 2785 260 2818 radus
276 2785 438 2817 Gesnerus
452 2784 485 2816 in
501 2785 618 2817 libellis
635 2786 736 2818 tribus
759 2787 847 2819 novis

918 1160 959 1192 de
995 1160 1143 1192 Piscibus
1176 1166 1210 1192 et
1242 1159 1450 1202 aquatilibus,
1478 1158 1601 1201 Tiguri,

918 1211 1035 1243 in-80.:
1061 1222 1157 1254 quem
1179 1211 1296 1242 librum
1320 1211 1388 1254 ipse
1411 1215 1505 1242 vocat
1523 1211 1602 1241 Pro·

917 1269 1142 1304 gymnasmata
1159 1260 1192 1293 in
1211 1261 1377 1293 historiam
1401 1259 1600 1304 aquaticum,

918 1323 1013 1354 quam
1032 1318 1142 1355 postea
1157 1312 1269 1355 majori
1284 1312 1367 1344 mole
1382 1312 1495 1344 edidit.
1532 1312 1601 1343 De-

916 1361 992 1394 inde
1012 1364 1115 1395 Janus
1135 1363 1267 1400 Vlstius,
1288 1362 1322 1394 in
1347 1363 1514 1394 Venatione
1541 1362 1603 1393 No-

919 1417 1068 1456 vantz'qua
1091 1414 1272 1452 recensuit3
1302 1424 1437 1456 quorum
1463 1413 1601 1445 virorum

917 1464 1046 1496 Scholia
1067 1465 1180 1497 nostris
1195 1464 1411 1508 adjunximus.
1458 1464 1601 1496 Primum

918 1527 992 1548 vero
1016 1516 1113 1548 fuisse
1139 1516 1278 1548 Paulum
1303 1515 1500 1554 Manutium‚
1522 1515 1601 1547 Aldi

919 1566 963 1598 fil.
987 1567 1041 1609 qui
1063 1567 1096 1598 in
1120 1567 1225 1598 lucem
1250 1566 1364 1603 edidit,
1382 1567 1546 1599 Gesnerus
1566 1566 1601 1597 in

920 1617 1111 1650 Praefatione
1133 1618 1251 1654 docet;
1276 1617 1421 1649 attulisse
1441 1627 1515 1649 vero
1535 1616 1600 1648 Ac-

920 1667 999 1699 tium
1020 1669 1194 1710 Syncerum
1210 1667 1439 1700 Sannazarium
1460 1678 1499 1699 ex
1521 1667 1602 1699 Gal-

920 1719 971 1750 liis
984 1729 1080 1750 manu
1094 1719 1258 1762 scriptum.
1305 1713 1426 1750 H‘Ems.
1438 1725 1470 1750 et
1480 1719 1602 1750 anM.

968 1772 995 1802 l.
1028 1772 1154 1811 Accepit
1194 1773 1328 1802 mundus
1368 1771 1475 1813 legem,
1516 1769 1597 1812 etc.]

919 1821 1084 1858 Swartius,
1114 1821 1195 1853 libro
1227 1822 1251 1852 i.
1279 1821 1431 1852 Analect.
1463 1831 1534 1863 cap.
1566 1822 1601 1853 5.

920 1872 1011 1914 legit,
1037 1884 1159 1915 regem.-
1193 1872 1312 1915 inepte,
1339 1871 1415 1903 licet
1445 1872 1600 1914 approba-

917 1929 1016 1954 torem
1060 1923 1233 1966 reppererit
1272 1923 1462 1965 magistrum
1507 1933 1600 1954 suum

917 1973 1098 2011 Barffiium,
1127 1973 1205 2005 xliv.
1234 1974 1370 2006 Advers.
1393 1973 1428 2006 ii.
1465 1973 1529 2005 Lex
1552 1979 1601 2005 est

917 2031 1069 2056 constans
1085 2025 1138 2057 ille
1160 2032 1192 2057 et
1207 2031 1379 2068 perpetuus
1404 2030 1526 2056 naturae
1550 2036 1599 2056 or-

917 2076 969 2112 do,
987 2087 1081 2118 quem
1103 2077 1208 2108 omnia
1226 2082 1334 2108 creata
1353 2076 1442 2118 sequi
1459 2076 1598 2108 debent:

917 2138 988 2169 quae
1008 2129 1101 2167 jura,
1122 2127 1249 2169 jirdera
1279 2128 1399 2163 muudi,
1430 2126 1549 2170 passim
1582 2137 1601 2158 a

917 2178 1018 2221 poetis
1061 2178 1387 2210 dicuntur.—-Dedit
1424 2189 1511 2208 arma
1547 2189 1602 2219 per

917 2241 1026 2260 omnes.
1082 2230 1178 2261 Certe
1215 2235 1381 2271 corruptus
1417 2228 1525 2268 locus;
1559 2239 1601 2260 an

918 2279 1004 2310 enim
1023 2282 1156 2311 nimidas
1174 2280 1263 2311 dedit
1279 2281 1388 2310 arma?
1412 2286 1444 2311 et
1460 2279 1601 2322 quibus?

919 2331 999 2362 forte
1022 2331 1088 2368 illa,
1109 2333 1226 2372 accepit
1248 2332 1383 2362 mundus
1404 2333 1509 2374 legem,
1526 2342 1598 2363 cum

921 2381 1188 2424 praecedentibus,
1221 2392 1292 2424 quae
1330 2381 1464 2424 periere,
1497 2381 1600 2414 inclu-

920 2431 1027 2463 denda
1048 2432 1249 2475 parentliesi5
1278 2437 1310 2463 et
1330 2438 1458 2469 micum,
1474 2432 1514 2463 de
1536 2443 1602 2475 qua

920 2488 1014 2514 antea
1046 2483 1176 2524 agebat,
1203 2481 1416 2525 intelligenda
1446 2489 1504 2520 est,
1527 2493 1600 2525 quae

919 2535 1004 2564 dedit
1018 2545 1106 2563 arma
1125 2532 1317 2564 animalibus
1336 2533 1494 2565 omnibus.
1539 2534 1602 2565 Per

918 2596 1005 2615 arma
1035 2595 1109 2615 vero
1143 2584 1293 2627 intelligit
1322 2583 1379 2616 illa
1412 2584 1599 2616 animalium

919 2636 1072 2671 membra,
1093 2635 1209 2677 quibus
1233 2646 1267 2666 se
1288 2635 1476 2667 defendunt.
1523 2635 1599 2668 Vid.

918 2685 1105 2727 lepidissim.
1128 2685 1341 2717 Anacreontis
1365 2685 1533 2723 Odarium,
1555 2685 1597 2717 ii:

920 2736 1023 2775 Φύσις
1037 2737 1159 2779 nepam
1175 2736 1322 2779 ταύροις.
1332 2749 1361 2768 κ.
1372 2749 1404 2769 τ.
1416 2737 1448 2768 λ.
1482 2738 1599 2769 BunM.

962 2788 993 2818 2.
1021 2787 1198 2828 Minatur]
1233 2787 1309 2819 Ald.
1334 2798 1373 2818 ex
1399 2787 1493 2818 MSS.
1521 2787 1599 2819 San-
