1830 3220
238 197 296 239 60
620 198 672 239 Ρ.
707 197 925 240 OVIDII
959 197 1245 240 NASONIS

239 314 321 362 Ad
347 315 605 379 penetrale
633 314 832 371 Numae,
862 314 1314 380 Capitolinumque
1340 312 1641 370 Tonantem,

312 391 475 456 Inque
499 391 639 439 Jovis
667 408 866 440 summa
890 392 1100 440 caeditur
1125 408 1240 441 arce
1265 391 1464 440 bidens.

1592 394 1659 439 70

243 470 391 535 Saepe
417 486 594 534 graves
620 470 814 534 pluvias
841 471 1118 536 adopertus
1144 471 1366 518 nubibus
1391 471 1580 519 Auster

309 549 561 606 Concitat‚
589 556 676 596 aut
700 549 865 614 posita
889 550 984 597 sub
1011 549 1124 597 nive
1149 557 1282 597 terra
1306 549 1446 597 latet.

240 627 546 674 PROXIMUS
576 625 854 691 Hesperias
879 626 1031 674 Titan
1057 627 1283 674 abiturus
1309 626 1360 674 in
1387 625 1549 674 undas

309 703 557 752 Gemmea
580 705 849 769 purpureis
874 720 1032 768 quum
1051 705 1176 768 juga
1201 704 1359 751 demit
1383 703 1556 768 equis:

241 781 334 829 Illa
358 790 506 831 nocte
531 783 731 847 aliquis,
760 784 942 831 tollens
969 783 1033 831 ad
1059 783 1226 831 sidera
1250 782 1462 838 vultum,
1593 784 1656 829 75

308 859 460 908 Dicet
482 878 491 908 :
536 860 638 908 Ubi
664 868 743 908 est
767 861 934 917 hodie,
963 877 1076 925 quae
1104 860 1237 925 Lyra
1258 860 1401 908 fulsit
1425 859 1569 907 heri?

240 937 481 1002 Dumque
501 937 684 1003 Lyram
701 939 1076 1003 quaeret‚medii
1090 956 1296 1003 quoque
1313 946 1458 1002 terga
1474 937 1656 987 Leonis

307 1015 365 1062 In
391 1016 610 1080 liquidas
637 1017 803 1065 subito
828 1034 994 1066 mersa
1019 1019 1216 1066 notabit
1242 1034 1419 1082 aquas.

238 1093 407 1149 QUEM
435 1095 585 1143 modo
609 1096 844 1143 caelatum
871 1097 1031 1144 stellis
1060 1096 1316 1161 Delphina
1340 1095 1567 1152 videbas,

309 1171 355 1219 Is
382 1171 540 1236 fugiet
563 1173 700 1221 visus
726 1181 877 1222 nocte
904 1183 1153 1239 sequente
1180 1182 1309 1222 tuos.

235 1328 278 1359 ita
298 1335 423 1371 septum
439 1336 516 1367 erat,
533 1337 568 1362 ut
585 1341 678 1363 nemo
694 1332 821 1364 introire
838 1343 908 1375 pos-

234 1384 302 1416 set3
328 1378 481 1416 Livius,i.
494 1381 533 1419 83
551 1380 729 1423 Dionysii.
749 1382 809 1420 15;
836 1382 909 1418 Dio,

234 1428 286 1458 47.
311 1429 438 1459 Aduena
452 1429 554 1460 omnis
572 1429 687 1461 fluvius
707 1431 836 1462 aliunde
855 1443 908 1463 ve-

233 1478 322 1509 niens
353 1478 415 1509 dici
438 1485 554 1521 potest.
603 1480 768 1513 Penetrale
801 1482 910 1513 Numa:

233 1527 318 1559 aedes
334 1528 453 1565 Vestae,
465 1529 496 1560 in
513 1530 605 1571 cujus
621 1531 712 1568 atrio,
727 1530 778 1561 cui
797 1531 908 1573 Regiae

233 1588 360 1614 nomen,
377 1578 485 1610 Numa
502 1579 688 1619 habitabat3
714 1580 755 1612 vi.
770 1582 834 1612 264
850 1593 905 1623 sq3

234 1626 328 1658 Trist.
344 1627 408 1658 ΠΙ.
423 1628 447 1659 i.
463 1630 528 1668 293
551 1629 690 1665 Solinus,
709 1640 779 1672 cap.
798 1631 827 1661 2.
857 1631 909 1662 Sic

239 1678 327 1708 AEdes
346 1677 413 1713 illa,
430 1684 591 1711 exstructa
609 1686 641 1710 et
660 1679 729 1722 ipsa
750 1691 769 1711 a
790 1680 909 1716 Numa.

234 1727 326 1769 hujus
343 1731 500 1767 penetrate
515 1739 577 1760 non
593 1729 674 1760 male
691 1730 753 1760 dici
774 1736 908 1772 poterat.

233 1777 309 1814 Arx,
326 1787 399 1820 pars
418 1778 519 1809 altera
535 1778 662 1815 montis,
678 1779 710 1810 in
732 1790 796 1821 quo
811 1780 909 1822 Capi-

234 1826 344 1857 tolium
361 1833 441 1858 erat.
470 1827 585 1869 Itaque
601 1840 657 1859 ars·
673 1834 705 1859 et
722 1829 909 1869 Capitolium

232 1886 316 1918 saepe
340 1876 588 1918 distinguuntur.
635 1878 755 1915 Livius,
781 1877 825 1908 iii.
859 1880 909 1910 18.

231 1938 287 1956 arx
313 1934 403 1967 copta
432 1928 675 1969 Capitoliumque
704 1937 883 1969 occupatum
898 1942 908 1967 ;

234 1987 262 2006 v.
274 1976 326 2006 47.
342 1987 398 2007 arse
411 1977 511 2007 Romae
528 1977 784 2018 Capitoliumque.
812 1979 907 2010 Nunc

231 2035 302 2056 vero
319 2026 472 2068 templum
488 2026 579 2059 Jovis
595 2027 781 2070 Capitolini.
806 2028 859 2059 Sic
876 2034 908 2060 et

232 2075 273 2105 iv.
290 2076 364 2107 635.
411 2076 492 2116 δεῖρε
510 2088 628 2118 graves,
644 2084 706 2109 etc.
722 2077 786 2109 vid.
809 2078 906 2110 Colu-

232 2125 341 2161 mella,
373 2126 417 2155 xi.
452 2125 487 2155 ll
504 2138 511 2155 :
550 2131 569 2143 “
588 2126 728 2158 Kalend.
757 2127 907 2159 Februar.

232 2181 345 2206 ventus
371 2174 520 2211 Eurinus,
547 2181 579 2206 et
604 2175 761 2207 interdum
792 2177 909 2208 Auster

232 2235 304 2256 cum
321 2224 473 2266 grandine
489 2225 572 2256 est.’'

276 2275 417 2306 73—78.
442 2275 604 2306 Proximus
647 2276 738 2307 Titan
772 2276 823 2308 die
857 2287 906 2308 se-

231 2325 335 2356 cundo
351 2325 443 2356 Febr.
489 2326 588 2367 Juga,
604 2326 726 2367 lignum
749 2334 907 2358 transver-

230 2385 299 2405 sum
323 2374 355 2405 in
377 2381 511 2411 temone,
535 2376 619 2417 quod
645 2387 797 2418 equorum
817 2377 908 2408 collis

231 2423 462 2466 imponebatur,
493 2425 524 2455 in
555 2436 648 2456 curru
678 2426 758 2458 Solis
785 2429 910 2468 gemmis

229 2473 338 2504 ordine
366 2474 476 2516 positis
499 2474 683 2506 distinctum
707 2482 800 2509 eratz
824 2476 907 2508 Met.

231 2522 263 2554 ii.
282 2524 355 2554 109.
399 2524 490 2554 Male
505 2523 601 2565 igitur
618 2535 700 2556 unus
713 2525 835 2567 Regius
851 2537 906 2567 pro

227 2572 315 2604 varia
330 2573 466 2604 lectione
488 2576 590 2616 ignea.
638 2575 820 2615 Purpureus
836 2586 902 2606 om-

228 2622 302 2653 nino
320 2622 463 2653 lucidum
485 2629 517 2654 et
538 2623 741 2665 splendidum
766 2625 904 2655 colorem

229 2671 314 2714 apud
338 2677 446 2714 poetas
468 2672 610 2711 indicat3
646 2673 756 2715 itaque
777 2680 809 2704 et
833 2685 903 2715 quae

226 2722 300 2752 solis
317 2728 401 2759 sunt,
417 2734 573 2763 purpurea
591 2730 753 2754 vocantur.
799 2724 904 2755 Etiam

229 2772 362 2804 Heroid.
392 2772 458 2804 xxi.
490 2783 557 2804 ver.
584 2774 637 2804 86.
668 2774 719 2805 Sol
743 2775 906 2815 purpureis

1591 1177 1656 1222 80

979 1335 1060 1374 equis
1078 1333 1157 1375 juga
1176 1332 1285 1364 demit.
1330 1333 1406 1365 Jam
1425 1332 1559 1363 observa
1579 1341 1655 1362 con-

979 1383 1165 1418 versionem,
1190 1394 1254 1425 qua
1282 1382 1422 1414 siderum
1446 1380 1656 1424 quorumdam

978 1444 1127 1465 occasum
1148 1432 1280 1464 indicat.
1327 1433 1419 1474 Lyrae
1436 1441 1568 1463 occasus
1585 1441 1655 1462 cos-

979 1483 1092 1520 micus‚
1124 1484 1233 1514 Leonis
1265 1482 1476 1524 acronychius
1504 1480 1655 1523 intelligi-

979 1540 1040 1565 tur.
1088 1534 1196 1570 Medii,
1212 1544 1311 1576 usque
1327 1532 1368 1564 ad
1383 1532 1535 1568 medium,
1550 1531 1657 1563 media

979 1590 1077 1626 terga.

1015 1635 1178 1665 79-—118.
1197 1635 1358 1674 Delphinis
1366 1644 1486 1665 occasus
1496 1630 1653 1663 heliacus.

980 1684 1141 1722 Quoniam
1167 1684 1199 1715 in
1227 1685 1342 1715 coelatis
1370 1682 1517 1726 operibus
1543 1682 1654 1723 figurae

978 1734 1022 1765 ita
1039 1745 1196 1777 expressae
1217 1740 1301 1770 sunt,
1317 1739 1352 1764 ut
1373 1732 1545 1769 emineant,
1561 1741 1656 1774 prop-

979 1789 1065 1815 terea
1080 1790 1113 1815 et
1127 1783 1215 1815 sidus
1234 1783 1336 1815 stellis
1358 1782 1545 1813 distinctum
1560 1783 1654 1813 coela-

980 1840 1043 1865 tum
1066 1833 1130 1865 dici
1152 1833 1266 1875 potuit.
1316 1833 1477 1873 Delphinis
1499 1831 1653 1873 originem

978 1883 1137 1925 triplicem
1159 1883 1308 1925 Hyginus
1331 1883 1424 1914 Poet.
1441 1882 1530 1913 Astr.
1543 1881 1576 1912 ii.
1599 1881 1653 1915 17.

978 1934 1086 1965 refert.
1132 1933 1218 1969 Una,
1242 1943 1338 1975 quam
1356 1931 1453 1963 Ovid.
1471 1931 1583 1974 paucis
1601 1936 1652 1963 at·

976 1983 1082 2024 tingit,
1104 1989 1151 2014 est
1168 1982 1254 2013 haec:
1282 1982 1425 2024 Delphin
1443 1980 1575 2023 quidam
1596 1991 1652 2012 no-

976 2032 1061 2063 mine
1078 2043 1096 2063 a
1112 2032 1264 2074 Neptuno
1279 2031 1319 2062 ad
1334 2029 1563 2073 Amphitriten,
1579 2041 1652 2072 quae

977 2081 1110 2123 fugerat,
1134 2080 1391 2122 investigandam
1415 2079 1564 2112 dimissus
1588 2086 1650 2118 est,

975 2141 1110 2173 eamque
1133 2141 1232 2173 quum
1255 2129 1434 2173 reperisset,
1455 2129 1596 2172 impulit,
1614 2136 1652 2162 ut

976 2182 1130 2223 Neptuno
1149 2181 1291 2212 nuberet.
1337 2179 1400 2211 Sed
1420 2179 1538 2210 Noster
1559 2180 1652 2212 Ario-

976 2234 1025 2262 nis
1063 2231 1205 2262 fabulam
1243 2230 1356 2261 merito
1388 2229 1556 2272 amplexus
1593 2236 1653 2269 est,

977 2291 1114 2322 eamque
1129 2287 1161 2312 et
1175 2280 1285 2311 ordine
1298 2285 1331 2311 et
1341 2279 1485 2322 jucunde
1501 2280 1654 2313 narravit.

976 2330 1027 2361 De
1054 2340 1094 2361 ea
1123 2330 1190 2361 vid.
1218 2329 1410 2364 Herodotus,
1436 2328 1459 2359 i.
1488 2330 1542 2360 23.
1569 2330 1652 2362 mul-

976 2378 1063 2421 tique
1079 2379 1145 2411 alii.
1170 2379 1259 2410 Male
1276 2377 1433 2420 Neapolis
1444 2378 1486 2410 ad
1499 2389 1564 2410 ver.
1578 2380 1652 2411 111.

977 2436 1099 2466 mouet,
1113 2429 1312 2460 Herodotum
1328 2428 1369 2460 ad
1383 2439 1522 2470 unguem
1534 2440 1554 2460 a
1566 2430 1651 2461 Nos-

975 2483 1021 2508 tro
1041 2488 1224 2520 expressum
1249 2488 1339 2516 esse;
1361 2489 1458 2509 immo
1481 2477 1515 2510 in
1539 2479 1651 2511 multis

976 2527 1016 2558 ab
1039 2537 1076 2558 eo
1096 2527 1265 2569 discrepat.
1312 2528 1463 2559 Dominus
1487 2529 1574 2570 lyroe,
1593 2529 1650 2572 qui

972 2587 1042 2607 eam
1059 2577 1169 2608 habet.
1194 2577 1293 2608 Arion
1306 2578 1497 2620 Methymna
1509 2579 1648 2611 Lesbius.

974 2625 1195 2657 Citharoedum
1222 2627 1533 2666 excellentissimum,
1559 2628 1650 2661 οὐδε-

974 2676 1031 2712 νὸς
1052 2674 1217 2717 δεύτερον,
1234 2676 1393 2708 coloribus
1408 2677 1446 2708 iis
1462 2684 1561 2715 notat,
1577 2678 1650 2720 qui-

973 2724 1032 2755 bus
1044 2724 1089 2755 vis
1104 2725 1280 2756 carminum
1295 2725 1326 2757 in
1337 2727 1477 2768 Orphea,
1489 2733 1522 2758 et
1536 2728 1647 2759 Alcaeo

975 2773 1050 2805 alibi
1064 2774 1240 2818 descripta3
1265 2776 1400 2808 Metam.
1415 2788 1448 2808 x.
1465 2777 1518 2808 86.
