1830 3220
274 198 332 240 82
654 197 705 238 P.
740 196 956 238 OVIDII
992 195 1278 238 NASONIS

274 316 462 362 Alveus
488 314 537 360 in
562 314 696 370 limo,
725 313 861 360 silvis
888 313 1128 376 appulsus
1154 311 1342 376 opaciS,

342 391 610 447 Paulatim,
638 391 788 438 fluvio
814 390 1097 446 deficiente,
1126 390 1286 438 sedet.

1586 392 1686 437 410

273 469 437 516 Arbor
462 474 595 516 erat:
636 478 898 516 remanent
920 467 1162 531 vestigia:
1206 483 1423 531 quaeque
1445 473 1652 515 vocatur

342 546 564 593 Rumina
584 561 718 593 nunc
744 546 886 601 fieus,
916 545 1136 592 Romula
1158 545 1283 592 ficus
1309 551 1433 592 erat.

269 623 424 671 Venit
449 623 512 670 ad
538 622 815 687 expositos,
843 623 1042 679 mirum,
1070 623 1190 687 lupa
1214 622 1333 670 foeta
1357 622 1617 685 gemellos.

340 699 466 755 Quis
492 700 667 748 credat
691 700 860 765 pueris
887 717 986 748 non
1012 700 1246 748 nocuisse
1268 699 1459 748 feram?

273 776 389 825 Non
417 777 651 826 nocuisse
685 793 862 842 parum
896 785 1003 826 est:
1045 778 1253 842 prodest
1287 794 1519 841 quoque;
1559 793 1686 840 quos

471 856 592 920 lupa
617 856 787 912 nutrit,

1584 857 1682 901 415

339 931 561 981 Perdere
583 940 810 996 cognatae
836 933 1119 981 sustinuere
1146 949 1342 980 manus.

270 1008 530 1065 Constitit,
558 1018 610 1058 et
635 1011 798 1058 cauda
821 1011 1007 1058 teneris
1033 1011 1289 1058 blanditur
1314 1009 1544 1066 alumnis,

335 1085 403 1133 Et
426 1085 574 1150 fingit
598 1088 770 1151 lingua
795 1104 1005 1151 corpora
1029 1088 1149 1135 bina
1174 1104 1281 1135 sua.

268 1161 437 1211 Marte
462 1173 597 1212 satos
624 1165 808 1223 scires3
850 1165 1001 1212 timor
1026 1165 1201 1221 abfuit,
1224 1166 1381 1213 ubera
1405 1166 1625 1222 ducunt3

337 1239 448 1289 Nec
470 1241 565 1289 sibi
591 1242 823 1306 promissi
847 1243 993 1291 lactis
1020 1243 1219 1291 aluntur
1244 1260 1356 1307 ope.

267 1385 377 1415 tabella
399 1386 552 1427 praeclara
573 1392 621 1418 est
642 1387 808 1429 oppositio,
827 1398 938 1430 quem-

267 1433 439 1466 admodum
459 1436 539 1466 vehit
554 1437 636 1468 bene
652 1437 799 1468 convenit
813 1439 862 1479 τῷ
875 1449 939 1470 sus-

266 1485 355 1515 tinet.
406 1485 446 1516 In
465 1486 533 1516 limo
547 1488 640 1517 sedet.
688 1484 756 1518 Liv.
773 1487 805 1518 ii.
823 1490 853 1519 5.
870 1492 890 1505 ¹‘
906 1488 938 1520 in

262 1532 352 1563 vadis
378 1533 525 1565 frumenti
551 1545 679 1567 acervos
701 1536 818 1568 sedisse
841 1537 938 1568 illitos

263 1580 372 1613 limo.'’

307 1633 382 1664 411.
406 1633 476 1664 Liv.
488 1633 509 1665 i.
521 1634 555 1665 4.
569 1638 589 1651 “
601 1634 633 1665 in
649 1635 792 1677 proxima
807 1636 935 1673 alluvie,

260 1681 315 1711 ubi
336 1692 420 1713 nunc
436 1682 514 1714 ficus
529 1683 709 1715 Ruminalis
733 1691 781 1716 est
797 1686 934 1726 (Romu-

260 1729 360 1760 larem
390 1737 533 1762 vocatam
570 1733 726 1774 ferunt.”)
772 1735 936 1766 Plutarch.

261 1778 332 1810 Vit.
358 1780 456 1811 Rom.
483 1782 513 1811 4.
533 1782 640 1823 plures
666 1784 800 1815 nominis
825 1795 938 1816 causas

260 1827 380 1868 adfert;
411 1830 547 1861 maxime
571 1833 682 1873 probat
708 1832 758 1864 διὰ
783 1835 844 1866 τὸν
869 1837 937 1866 τῶν

259 1877 390 1919 βρεφῶν
406 1880 591 1922 θηλασμόν·
610 1880 660 1912 ὅτι
684 1881 750 1920 τὴν
770 1894 803 1914 τε
826 1883 936 1922 Θηλὴν

261 1925 392 1969 ῥοῦμαν
410 1929 587 1971 ὠνόμαζον
602 1930 632 1961 οἱ
648 1931 801 1962 παλαιοί.
840 1932 934 1963 Conf.

260 1975 344 2007 idem
360 1977 481 2014 Quaest.
497 1979 593 2010 Rom.
610 1985 685 2010 tom.
700 1980 752 2011 vii.
771 1991 845 2023 pag.
860 1983 933 2013 125.

260 2027 393 2057 Festus:
418 2031 439 2044 “
456 2027 598 2059 Mamma
615 2036 721 2060 autern
737 2031 834 2061 rumis
854 2031 933 2062 dici-

260 2081 321 2112 tur,
338 2076 403 2107 sive
424 2078 547 2108 ruma.”
593 2079 707 2120 Itaque
726 2086 845 2122 putem,
864 2082 932 2112 Ru-

260 2127 374 2156 minam
399 2125 493 2157 fuisse
517 2138 632 2159 nomen
657 2129 832 2171 antiquum,
857 2131 932 2172 quia

259 2185 348 2204 ruma
365 2185 426 2205 non
442 2175 501 2206 nisi
516 2177 655 2218 antiquis
671 2178 834 2210 usitatum.
881 2180 931 2211 De

249 2223 321 2264 ficu
334 2223 509 2255 vid.Varro
523 2225 562 2256 de
579 2226 670 2268 Ling.
684 2227 755 2258 Lat.
772 2227 814 2258 iv.
830 2239 862 2270 p.
881 2230 930 2260 16.

258 2273 297 2303 In
313 2273 494 2304 memoriam
510 2275 577 2317 ejus
593 2275 655 2306 alia
671 2282 741 2307 sata
756 2283 804 2308 est
820 2283 851 2308 et
861 2278 928 2309 cul-

258 2328 291 2354 ta.
312 2322 344 2353 in
360 2323 497 2354 Comitio
512 2324 669 2361 Romano,
688 2337 758 2367 quae
776 2326 857 2357 aruit
871 2328 929 2358 sub

256 2372 396 2404 Nerone.
439 2373 573 2411 Plinius,
589 2386 640 2406 xv.
655 2376 708 2406 20.
724 2375 832 2417 ibique
848 2376 929 2407 Har-

258 2420 350 2452 duin.
365 2421 468 2453 Tacit.
483 2423 548 2454 An.
565 2423 633 2454 xiii.
651 2426 706 2455 58.

301 2471 376 2502 413.
403 2471 499 2508 Fam,
516 2472 620 2503 enixa.
667 2473 801 2515 Dionys.
819 2475 929 2506 νεοτό-

255 2531 333 2557 κους
343 2523 529 2562 σπαργῶσα
540 2522 618 2559 τοὺς
629 2524 777 2563 μαστοὺς
789 2523 854 2554 ὑπὸ
868 2523 929 2566 γεί-

253 2570 385 2607 λακτος.
430 2570 595 2612 Profingit
616 2571 709 2601 multi
724 2572 818 2603 MSS.
836 2574 928 2615 lingit

255 2625 284 2650 et
300 2620 414 2655 lambit,
430 2630 500 2661 quae
517 2627 549 2650 et
564 2620 626 2651 Int.
644 2622 834 2662 quibusdam
856 2624 924 2665 pla-

253 2678 358 2700 cuere.
402 2668 561 2701 Taubner.
578 2669 633 2706 ait,
649 2681 682 2701 se
697 2677 811 2712 praeter
830 2684 925 2703 κακο-

254 2717 385 2760 φωνιάυ
413 2717 534 2749 nullam
566 2729 694 2750 causam
725 2719 843 2757 videre,
870 2732 925 2753 cur

255 2769 348 2809 lingit
362 2767 565 2809 improbetur.
603 2769 704 2800 Immo
719 2775 751 2801 et
763 2771 921 2812 plebeium

1580 1245 1680 1289 420

1008 1393 1056 1419 est
1071 1389 1215 1419 verbum.
1263 1388 1396 1430 Fingere
1412 1389 1521 1430 lingua
1538 1388 1681 1421 habetet

1008 1437 1173 1479 Virgilius,
1196 1438 1272 1469 AEn.
1294 1437 1361 1468 viii.
1383 1438 1459 1469 631.
1482 1437 1521 1469 de
1545 1437 1605 1470 hac
1629 1449 1680 1471 ea-

1007 1486 1079 1518 dem
1092 1497 1136 1522 re,
1154 1490 1176 1504 “
1189 1485 1342 1518 Geminos
1358 1485 1430 1517 huic
1446 1486 1545 1518 ubera
1559 1486 1679 1519 circum

1009 1536 1131 1567 Ludere
1154 1536 1329 1578 pendentes
1348 1547 1473 1577 pueros,
1489 1542 1521 1568 et
1544 1536 1683 1570 lambere

1006 1592 1139 1617 matrem
1156 1585 1358 1628 Impavidos:
1384 1585 1472 1616 illam
1495 1585 1586 1617 tereti
1608 1597 1678 1618 cer-

1005 1635 1075 1666 vice
1086 1635 1236 1666 reflexam
1251 1635 1394 1666 Mulcere
1410 1635 1598 1672 alternos,et
1613 1647 1679 1668 cor-

1005 1695 1081 1726 pora
1098 1685 1213 1725 fingere
1230 1684 1373 1726 lingua.’'
1420 1684 1470 1715 Ibi
1485 1685 1612 1717 Servius
1625 1697 1680 1718 ex-

1004 1734 1116 1776 plicat,
1134 1741 1267 1776 tergere,
1285 1741 1316 1765 et
1330 1734 1437 1765 addit:
1465 1739 1485 1753 ‘¹
1496 1735 1558 1766 Sed
1573 1740 1679 1768 tamen

1007 1789 1038 1814 et
1055 1784 1187 1814 formare
1203 1783 1336 1825 aliquid,
1351 1789 1384 1815 et
1399 1784 1439 1815 ad
1461 1784 1614 1826 integram
1632 1785 1678 1817 fa-

1006 1832 1086 1863 ciem
1101 1839 1167 1863 arte
1181 1832 1364 1875 perducere,
1377 1833 1566 1875 significat.''
1597 1835 1676 1866 Pos-

1005 1882 1116 1913 teriore
1132 1893 1226 1913 sensu
1240 1883 1374 1914 Metam.
1386 1895 1438 1914 xv.
1452 1884 1527 1914 380.
1537 1883 1577 1914 de
1593 1895 1678 1921 ursa,

1005 1935 1025 1948 “
1042 1931 1228 1962 Lambendo
1253 1937 1354 1963 mater
1382 1933 1415 1963 in
1441 1938 1526 1964 artus
1554 1932 1678 1974 fingit.''

1003 1980 1067 2011 Sed
1097 1991 1180 2012 nunc
1210 1981 1312 2022 priore
1339 1992 1434 2012 sensu
1468 1981 1674 2024 capiendum,

1005 2035 1136 2070 tergere.
1183 2030 1270 2061 Infra
1287 2042 1316 2061 v.
1331 2031 1414 2062 409:
1442 2031 1502 2062 Ille
1517 2043 1625 2062 manus
1637 2043 1677 2063 ιε-

1000 2091 1074 2121 gras
1099 2081 1238 2111 manibus
1253 2080 1394 2122 fingebat
1418 2081 1533 2112 amicis.
1578 2080 1678 2113 Plura

1001 2129 1148 2171 exempla
1172 2129 1270 2160 habet
1296 2129 1447 2161 Heinsius
1475 2129 1516 2161 ad
1544 2130 1675 2163 Heroid.

1000 2190 1053 2209 xx.
1072 2180 1147 2210 134.
1180 2178 1304 2221 Lingua
1320 2179 1435 2211 lambit
1450 2190 1563 2222 pueros
1577 2179 1671 2211 etiam

1000 2228 1084 2270 apud
1101 2228 1237 2265 Livium,
1253 2236 1284 2260 et
1304 2229 1338 2260 in
1360 2229 1572 2261 monumentis
1592 2230 1674 2261 anti-

999 2278 1080 2319 quis.
1126 2278 1242 2310 Fabius
1264 2279 1372 2310 Pictor
1396 2285 1586 2316 narraverat,
1603 2290 1673 2311 eam

1000 2337 1139 2364 coenum,
1161 2339 1223 2370 quo
1246 2327 1336 2370 pueri
1357 2328 1481 2370 repleti,
1500 2329 1673 2360 lambendo

999 2377 1193 2408 abstersisse.
1241 2377 1398 2419 Exempla
1419 2378 1458 2409 ab
1475 2379 1606 2410 Heinsio
1626 2379 1674 2410 al-

998 2425 1065 2456 lata
1080 2426 1152 2458 vide
1170 2426 1210 2457 ad
1226 2425 1287 2457 loc.
1299 2426 1357 2458 cit.
1374 2432 1450 2459 tom.
1466 2428 1490 2458 i.
1506 2438 1538 2469 p.
1554 2428 1618 2459 372
1639 2434 1672 2460 et

998 2475 1075 2506 373.

1041 2525 1115 2554 419.
1141 2524 1240 2554 Marti
1256 2523 1323 2566 lupi
1338 2525 1432 2556 sacri.
1461 2525 1541 2557 Inde
1557 2526 1671 2558 Martii

995 2578 1027 2603 et
1050 2574 1213 2604 Martiales
1235 2573 1332 2613 dicti3
1367 2574 1499 2606 AEneiil.
1518 2575 1564 2606 ix.
1587 2577 1670 2615 5663

994 2623 1106 2654 Horat.
1124 2624 1152 2654 I.
1168 2623 1234 2654 Od.
1253 2624 1328 2655 xvii.
1343 2625 1375 2655 9.
1420 2625 1505 2656 Hinc
1527 2626 1619 2657 fluxit
1637 2633 1670 2658 et

994 2671 1066 2709 hoc,
1083 2673 1187 2703 Marte
1210 2679 1287 2704 satos
1308 2675 1408 2710 scires,
1425 2674 1510 2716 quod
1533 2675 1666 2712 dictum,

993 2728 1027 2754 ut
1042 2724 1179 2754 Metam.
1200 2725 1273 2755 162.
1290 2727 1380 2755 scires
1402 2736 1418 2755 e
1440 2727 1589 2767 sanguiue
1609 2738 1666 2757 ua-

992 2779 1044 2803 tus.
1092 2774 1213 2805 Ducere
1226 2776 1320 2805 ubera
1337 2775 1418 2806 bona
1431 2774 1562 2812 locutio,
1579 2776 1664 2818 quod
