1809 3220
181 165 269 206 500

580 161 630 202 Ρ.
666 158 885 202 OVIDII
922 155 1206 199 NASONIS

188 281 260 328 Ut
284 294 553 345 pronepOS,
584 277 820 331 Saturne,
846 282 981 330 tuus,
1010 289 1167 337 quem
1191 271 1402 319 reddere
1422 268 1577 317 vitam

256 357 397 405 Urbe
424 355 705 403 Coronides
731 353 855 400 vidit
880 353 944 400 ab
972 351 1081 416 ipse
1108 366 1228 408 sua;

189 435 261 483 Ut
288 435 441 491 Sinis,
470 440 521 481 et
549 432 748 488 Sciron,
778 438 829 479 et
855 447 972 478 cum
999 429 1352 494 Polypemone
1378 431 1547 481 natUS,

255 512 460 576 Quique
479 512 631 559 homo
651 516 795 574 parte
815 509 909 566 sui,
924 515 1067 573 parte
1078 508 1330 571 juvencus
1347 510 1483 561 erat3
1505 504 1607 549 410

188 591 392 654 Quique
412 590 581 638 trabes
608 603 810 653 pressas
833 587 896 635 ab
923 587 1078 633 humo
1104 583 1342 632 mittebat
1366 582 1417 629 in
1442 595 1612 637 auras,

255 666 492 731 AEquoris
519 665 808 731 adspiciens
834 665 985 728 hujus
1012 670 1064 711 et
1089 663 1240 726 hujus
1267 676 1456 724 aquas3

189 746 421 809 Quaeque
450 744 609 793 Ceres
634 743 762 790 vidit
786 742 903 790 laeto
929 740 1198 805 pereuntia
1222 738 1363 786 vultu

258 824 487 888 Corpora
510 822 713 870 Thesea
741 821 1044 885 Cercyonea
1069 834 1240 866 manu,

188 1022 305 1054 violare
312 1021 420 1057 vellet,
430 1030 563 1051 uxorem
574 1018 737 1055 Herculis,
749 1018 866 1060 sagitta

187 1074 227 1104 ab
245 1072 383 1103 Hercule
399 1070 608 1112 interemptus
623 1074 685 1100 est.

232 1123 307 1153 406.
320 1122 545 1161 Dexamenique
552 1119 676 1162 gener]
696 1119 758 1149 Per
770 1128 865 1160 quem

187 1171 395 1214 Eurytionem
409 1176 595 1202 centaurum
611 1167 773 1209 intelligo:
800 1166 865 1197 Ixi-

189 1222 258 1254 onis
282 1232 321 1253 ex
347 1221 432 1253 nube
462 1219 576 1256 filium,
602 1217 696 1250 Nessi
727 1218 866 1253 fratrem,

190 1272 244 1314 qui
282 1277 314 1302 et
349 1271 416 1313 ipse
448 1268 572 1301 occisus
609 1267 707 1299 fertur
739 1266 867 1298 vindice

192 1320 345 1352 Hercule.

235 1371 311 1402 407.
346 1370 389 1400 Ut
411 1379 566 1409 pronepos,
590 1367 736 1403 Saturne,
760 1365 864 1406 tuus]

192 1420 243 1451 De
260 1418 433 1460 Peripheta
448 1416 604 1458 intellige,
617 1426 713 1457 quem
730 1425 747 1446 a
764 1416 868 1451 clava,

193 1480 288 1512 quam
306 1474 429 1510 gestare
444 1467 578 1503 solebat,
598 1467 783 1507 Corynetam
798 1464 868 1495 dix-

191 1530 253 1550 ere.
292 1517 355 1549 Hic
380 1528 399 1548 a
416 1517 540 1547 Theseo
564 1515 650 1546 circa
671 1513 868 1557 Epidaurum

191 1567 317 1599 occisus
329 1573 389 1603 est,
404 1577 467 1608 quo
483 1566 552 1596 loco
564 1564 770 1606 AEsculapius
785 1563 867 1594 cole—

191 1619 304 1649 batur:
330 1616 415 1648 unde
430 1617 471 1647 ab
484 1617 559 1646 urbe
574 1626 629 1646 sua
645 1614 766 1645 caedem
783 1613 870 1644 illius

192 1666 388 1710 prospexisse
415 1665 520 1707 ipsum
548 1664 628 1695 dicit
654 1668 762 1705 poeta.
814 1662 871 1693 Est

194 1716 278 1747 enim
308 1717 435 1746 reddere
464 1717 570 1750 vitam,
598 1713 697 1752 mori3
733 1723 805 1748 non,
836 1718 872 1743 ut

195 1766 325 1808 quidam
356 1765 516 1806 accepisse
550 1763 708 1798 videntur,
740 1762 870 1793 revivis-

194 1826 279 1846 cere.
327 1814 399 1845 Fuit
415 1818 522 1845 autem
539 1814 700 1854 Coryneta
716 1822 871 1854 pronepos

194 1863 335 1899 Saturni,
352 1864 410 1894 hoc
427 1868 538 1905 pacto:
566 1861 692 1893 Saturni
708 1861 774 1891 filia
785 1862 872 1892 Juno

195 1914 275 1951 fuit3
300 1912 436 1945 ¹lunonis
453 1911 642 1948 Vulcanus;
667 1910 761 1952 hujus
785 1909 870 1941 Peri-

196 1963 294 2005 pheta
305 1974 314 2000 ,-
340 1961 427 2004 quod
447 1968 478 1992 et
494 1961 671 1992 Pausanias
686 1965 822 1992 testatur
841 1960 874 1990 in

197 2012 351 2054 principio
368 2011 616 2043 Corinthiorum.

242 2063 318 2093 408.
344 2061 538 2100 Coronides.]
568 2059 787 2100 AEsculapius,
809 2058 872 2089 Co-

203 2111 321 2142 ronidis
337 2122 376 2142 ex
391 2110 543 2152 Apolline
558 2109 653 2140 filius.
676 2109 760 2138 ΖΛΗ.

243 2162 319 2192 409.
345 2160 387 2191 Ut
418 2159 548 2200 Sciens]
588 2160 670 2190 Sinis
704 2164 770 2189 tam
808 2157 873 2193 hic,

200 2221 298 2253 quam
322 2211 407 2241 Met.
424 2210 479 2241 vii.
497 2221 563 2242 ver.
586 2209 662 2240 440.
680 2214 712 2240 et
732 2208 877 2250 Epistola

204 2259 371 2302 Phylydis,
402 2271 467 2292 ver.
498 2261 560 2299 703
597 2258 689 2296 Σίνις
717 2263 765 2289 est
792 2257 876 2300 apud

201 2311 344 2342 Graecos.
364 2310 407 2340 H.
453 2310 548 2341 Sinis.
589 2308 654 2346 Qui
685 2309 739 2350 (ut
769 2307 878 2338 scribit

202 2358 380 2398 Diodorus)
410 2358 552 2400 adligata
581 2368 712 2400 corpora
739 2356 877 2388 curvatis

204 2408 367 2440 arboribus
396 2408 427 2439 in
455 2409 553 2439 altum
585 2408 763 2443 emittebat,
792 2406 877 2437 unde

204 2458 432 2488 curvabantur.
449 2458 492 2487 D.
534 2458 572 2488 Et
585 2468 653 2487 cnm
668 2457 877 2497 Polypemone.

203 2507 387 2538 Procrustes
416 2505 642 2549 Polypemonis
672 2505 755 2536 filius
781 2505 812 2535 in
841 2515 878 2535 eo

203 2556 272 2587 loco
288 2562 377 2587 terrae
394 2555 525 2592 Atticae,
540 2566 611 2598 quae
627 2555 743 2586 dicitur
758 2555 880 2585 Cin-da—

203 2605 265 2641 lus,
287 2604 423 2637 viatores
452 2605 602 2637 inusitato
629 2604 784 2647 supplicio
812 2615 879 2635 sus-

206 2655 350 2688 tollebat.
378 2657 415 2687 In
432 2656 547 2688 lectica
562 2666 699 2697 namque
715 2665 768 2686 eos
784 2665 879 2697 pone-

206 2705 278 2735 bat:
314 2706 399 2747 quod
424 2705 449 2737 si
479 2705 634 2746 longiores
661 2711 761 2741 erant,
791 2709 879 2746 parte

934 1017 1189 1059 supereminente
1206 1014 1472 1056 amputabantur:
1499 1011 1524 1043 si
1540 1022 1614 1043 vero

935 1066 1105 1102 breviores,
1152 1064 1289 1107 pedibus
1338 1062 1614 1094 distendebantur.

935 1115 1017 1146 ΖΕΒ.

981 1165 1056 1197 410.
1083 1166 1203 1206 Quique
1221 1163 1331 1204 homa]
1357 1163 1409 1194 De
1431 1162 1614 1193 Minotauro

936 1214 1098 1256 intelligit,
1114 1225 1211 1257 quem
1225 1213 1370 1244 Theseus
1386 1212 1559 1244 interfecit.

981 1267 1058 1297 411.
1078 1266 1199 1306 Quique
1212 1266 1311 1295 trabes
1325 1274 1449 1304 pressas.
1461 1261 1543 1303 etc.]
1560 1261 1617 1293 Pi-

938 1321 1143 1358 tyocampten
1159 1314 1311 1356 intelligit
1328 1319 1435 1356 poeta,
1451 1311 1506 1355 qui
1521 1312 1562 1343 ab
1578 1322 1616 1343 eo

939 1376 1053 1396 nomen
1069 1365 1192 1401 habuit,
1209 1363 1294 1405 quod
1310 1362 1450 1404 hospites
1466 1372 1485 1393 a
1501 1371 1534 1393 se
1548 1371 1616 1392 cer-

939 1416 1058 1446 tamine
1078 1414 1189 1450 victos,
1206 1412 1340 1444 diversis
1357 1411 1485 1454 pinibus
1506 1410 1539 1442 in
1556 1416 1617 1442 ter-

938 1475 1006 1495 ram
1022 1463 1161 1495 curvatis
1174 1459 1350 1505 adligabat,
1366 1466 1461 1503 atque
1474 1460 1520 1492 ita
1534 1460 1617 1503 liga-

939 1520 997 1550 tos,
1022 1513 1137 1545 iisdem
1161 1513 1327 1544 arboribus
1354 1521 1477 1542 sursum
1502 1503 1623 1542 iterum'

941 1574 978 1594 ac
1009 1563 1126 1605 pariter
1156 1561 1291 1599 emissis,
1318 1560 1495 1591 lacerabat.
1553 1559 1616 1590 Hic

940 1612 1054 1643 Isthmi
1069 1612 1233 1654 angustias
1253 1610 1433 1647 obsidebat,
1449 1619 1548 1651 quare
1564 1609 1617 1640 hic

941 1673 960 1693 a
973 1668 1066 1705 poeta
1081 1662 1210 1698 dicitur,
1223 1661 1319 1703 hujus
1333 1666 1367 1691 et
1380 1659 1467 1692 illius
1482 1659 1620 1701 aequoris

941 1723 1052 1755 aquas,
1082 1712 1141 1743 hoc
1172 1717 1231 1748 est,
1260 1710 1386 1742 Ionium
1416 1715 1449 1741 et
1477 1710 1619 1751 AEgeum

939 1772 1026 1793 mare
1051 1761 1247 1804 adspexisse.
1293 1760 1458 1792 Caeterum
1481 1759 1617 1791 eundem

940 1812 1024 1844 hunc
1045 1812 1099 1844 alii
1114 1812 1238 1843 faciunt
1259 1821 1331 1842 cum
1348 1820 1386 1841 eo
1402 1820 1498 1852 quem
1517 1809 1619 1841 Sinim

940 1873 1035 1904 supra
1051 1861 1155 1893 vocari
1170 1861 1321 1892 diximus.
1350 1859 1487 1892 Ovidius
1499 1865 1620 1898 autem,

941 1911 1092 1948 diversos,
1117 1911 1207 1942 Sinin
1229 1916 1262 1941 et
1285 1910 1382 1946 hunc,
1409 1909 1449 1941 de
1476 1919 1540 1951 quo
1567 1909 1620 1941 hic

943 1960 1070 1998 dicitur,
1086 1962 1334 2003 Pityocampteu
1350 1959 1455 1990 facere
1471 1958 1618 1990 videtur:

944 2021 1044 2052 quum
1059 2021 1154 2052 supra
1169 2010 1271 2046 Sinin,
1287 2019 1344 2040 suo
1366 2019 1403 2040 ac
1422 2007 1548 2051 proprio
1563 2018 1620 2039 no-

944 2059 1041 2097 mine,
1057 2058 1108 2090 hic
1129 2064 1251 2094 autem,
1270 2068 1343 2089 eum
1364 2057 1419 2099 qui
1441 2057 1569 2088 arbores
1588 2056 1622 2088 in

945 2114 1059 2140 terram
1098 2112 1259 2144 curvatas,
1296 2117 1419 2138 rursum
1457 2106 1490 2137 in
1528 2116 1623 2138 auras

944 2157 1060 2195 emisit,
1076 2158 1244 2199 subpresso
1259 2156 1385 2187 nomine
1401 2155 1555 2198 posuerit.

990 2208 1068 2238 413.
1092 2207 1223 2248 Quaeque
1241 2206 1330 2236 Ceres
1349 2205 1456 2246 vidia]
1484 2205 1620 2248 Cercyo-

947 2268 1019 2288 nem
1050 2257 1210 2288 Arcadem
1241 2255 1274 2286 in
1303 2255 1450 2298 palaestra
1480 2255 1624 2287 Theseus

942 2308 1036 2349 juxta
1059 2305 1255 2338 Eleusiniam
1281 2305 1429 2336 Cererem
1453 2304 1626 2346 superavit,

947 2363 982 2387 ut
998 2356 1191 2388 Plutarchus
1211 2355 1331 2391 scribit,
1349 2360 1381 2386 et
1399 2355 1439 2386 ab
1455 2354 1574 2386 Ovidio
1589 2355 1623 2386 in

948 2406 1032 2437 Met.
1058 2406 1114 2437 lib.
1140 2405 1195 2437 vi-i.
1221 2405 1294 2436 439.
1318 2404 1478 2446 tangitur:
1505 2408 1526 2422 “
1546 2404 1624 2436 Cer-

947 2455 1057 2497 cyonis
1073 2456 1195 2488 lethum
1212 2454 1292 2486 vidit
1307 2454 1451 2486 Cerealis
1466 2454 1624 2486 Eleusis.’'

950 2506 1083 2547 Qquue
1122 2506 1211 2536 Ceres
1248 2506 1325 2535 vidit
1361 2505 1427 2535 Iaeto
1460 2505 1625 2545 pereuntia

948 2557 1050 2586 vultu.
1110 2556 1242 2596 Propter
1287 2554 1415 2585 sublata
1457 2553 1625 2585 latrocinia

948 2605 1083 2643 scilicet,
1094 2605 1210 2647 quibus
1225 2603 1278 2635 ille
1291 2604 1375 2634 viam
1387 2610 1484 2646 atque
1501 2603 1625 2635 aditum

949 2655 987 2686 ad
1023 2655 1218 2690 Eleusinem,
1246 2653 1301 2684 ubi
1332 2653 1428 2686 Ceres
1464 2653 1624 2696 praecipne

949 2705 1123 2742 colebatur,
1140 2705 1318 2735 infestaret.
