<?xml version="1.0" encoding="UTF-8"?>
<!DOCTYPE html PUBLIC "-//W3C//DTD XHTML 1.0 Transitional//EN"
    "http://www.w3.org/TR/xhtml1/DTD/xhtml1-transitional.dtd">
<html xmlns="http://www.w3.org/1999/xhtml" xml:lang="en" lang="en">
 <head>
  <title>
</title>
<meta http-equiv="Content-Type" content="text/html;charset=utf-8" />
  <meta name='ocr-system' content='tesseract 3.04.00' />
  <meta name='ocr-capabilities' content='ocr_page ocr_carea ocr_par ocr_line ocrx_word'/>
</head>
<body>
  <div class='ocr_page' id='page_1' title='image "./povidiinasonisop05oviduoft_0099.png"; bbox 0 0 1830 3220; ppageno 0'>
   <div class='ocr_carea' id='block_1_1' title="bbox 549 175 1555 219">
    <p class='ocr_par' dir='ltr' id='par_1_1' title="bbox 549 175 1555 219">
     <span class='ocr_line' id='line_1_1' title="bbox 549 175 1555 219; baseline 0.001 -1"><span class='ocrx_word' id='word_1_1' title='bbox 549 176 897 219; x_wconf 89' lang='lat' dir='ltr'>FASTORUM</span> <span class='ocrx_word' id='word_1_2' title='bbox 931 175 1052 217; x_wconf 86' lang='lat' dir='ltr'><strong>LIB.</strong></span> <span class='ocrx_word' id='word_1_3' title='bbox 1085 175 1151 217; x_wconf 90' lang='grc' dir='ltr'>ΙΙ.</span> <span class='ocrx_word' id='word_1_4' title='bbox 1499 179 1555 219; x_wconf 77' lang='grc'>71</span> 
     </span>
    </p>
   </div>
   <div class='ocr_carea' id='block_1_2' title="bbox 142 291 1483 512">
    <p class='ocr_par' dir='ltr' id='par_1_2' title="bbox 142 291 1483 512">
     <span class='ocr_line' id='line_1_2' title="bbox 144 291 1483 357; baseline 0.001 -18"><span class='ocrx_word' id='word_1_5' title='bbox 144 291 215 340; x_wconf 93' lang='lat' dir='ltr'>Ut</span> <span class='ocrx_word' id='word_1_6' title='bbox 240 299 411 341; x_wconf 87' lang='lat' dir='ltr'>tamen</span> <span class='ocrx_word' id='word_1_7' title='bbox 439 291 706 341; x_wconf 80' lang='lat' dir='ltr'>Herculeae</span> <span class='ocrx_word' id='word_1_8' title='bbox 732 300 1058 357; x_wconf 80' lang='lat' dir='ltr'>superessent</span> <span class='ocrx_word' id='word_1_9' title='bbox 1083 292 1277 340; x_wconf 88' lang='lat' dir='ltr'>semina</span> <span class='ocrx_word' id='word_1_10' title='bbox 1301 292 1483 355; x_wconf 83' lang='lat' dir='ltr'>gentis,</span> 
     </span>
     <span class='ocr_line' id='line_1_3' title="bbox 210 369 1256 434; baseline 0.002 -18"><span class='ocrx_word' id='word_1_11' title='bbox 210 369 468 418; x_wconf 79' lang='lat' dir='ltr'>Credibile</span> <span class='ocrx_word' id='word_1_12' title='bbox 495 379 571 418; x_wconf 91' lang='lat' dir='ltr'>est</span> <span class='ocrx_word' id='word_1_13' title='bbox 597 371 734 434; x_wconf 90' lang='lat' dir='ltr'>ipsos</span> <span class='ocrx_word' id='word_1_14' title='bbox 760 370 1075 418; x_wconf 89' lang='lat' dir='ltr'>consuluisse</span> <span class='ocrx_word' id='word_1_15' title='bbox 1103 370 1256 418; x_wconf 83' lang='lat' dir='ltr'>Deos.</span> 
     </span>
     <span class='ocr_line' id='line_1_4' title="bbox 142 447 1449 512; baseline 0.002 -18"><span class='ocrx_word' id='word_1_16' title='bbox 142 447 274 496; x_wconf 87' lang='lat' dir='ltr'>Nam</span> <span class='ocrx_word' id='word_1_17' title='bbox 302 464 427 512; x_wconf 87' lang='lat' dir='ltr'>puer</span> <span class='ocrx_word' id='word_1_18' title='bbox 452 448 702 511; x_wconf 81' lang='lat' dir='ltr'>impubeS,</span> <span class='ocrx_word' id='word_1_19' title='bbox 731 455 782 495; x_wconf 88' lang='lat' dir='ltr'>et</span> <span class='ocrx_word' id='word_1_20' title='bbox 807 448 973 494; x_wconf 89' lang='lat' dir='ltr'>adhuc</span> <span class='ocrx_word' id='word_1_21' title='bbox 994 464 1093 494; x_wconf 91' lang='lat' dir='ltr'>non</span> <span class='ocrx_word' id='word_1_22' title='bbox 1119 448 1255 495; x_wconf 89' lang='lat' dir='ltr'>utilis</span> <span class='ocrx_word' id='word_1_23' title='bbox 1282 448 1449 504; x_wconf 88' lang='lat' dir='ltr'>armis,</span> 
     </span>
    </p>
   </div>
   <div class='ocr_carea' id='block_1_3' title="bbox 209 526 1197 590">
    <p class='ocr_par' dir='ltr' id='par_1_3' title="bbox 209 526 1197 590">
     <span class='ocr_line' id='line_1_5' title="bbox 209 526 1197 590; baseline 0.001 -17"><span class='ocrx_word' id='word_1_24' title='bbox 209 527 356 575; x_wconf 88' lang='lat' dir='ltr'>Unus</span> <span class='ocrx_word' id='word_1_25' title='bbox 381 528 444 576; x_wconf 91' lang='lat' dir='ltr'>de</span> <span class='ocrx_word' id='word_1_26' title='bbox 473 526 629 574; x_wconf 89' lang='lat' dir='ltr'>Fabia</span> <span class='ocrx_word' id='word_1_27' title='bbox 653 535 804 590; x_wconf 77' lang='lat' dir='ltr'>gente</span> <span class='ocrx_word' id='word_1_28' title='bbox 830 527 1035 574; x_wconf 85' lang='lat' dir='ltr'>relictus</span> <span class='ocrx_word' id='word_1_29' title='bbox 1062 533 1197 574; x_wconf 82' lang='lat' dir='ltr'>erat:</span> 
     </span>
    </p>
   </div>
   <div class='ocr_carea' id='block_1_4' title="bbox 1455 529 1554 573">
    <p class='ocr_par' dir='ltr' id='par_1_4' title="bbox 1455 529 1554 573">
     <span class='ocr_line' id='line_1_6' title="bbox 1455 529 1554 573; baseline 0 0"><span class='ocrx_word' id='word_1_30' title='bbox 1455 529 1554 573; x_wconf 80' lang='lat'>240</span> 
     </span>
    </p>
   </div>
   <div class='ocr_carea' id='block_1_5' title="bbox 142 604 1534 904">
    <p class='ocr_par' dir='ltr' id='par_1_5' title="bbox 142 604 1534 904">
     <span class='ocr_line' id='line_1_7' title="bbox 142 604 1338 670; baseline 0 -18"><span class='ocrx_word' id='word_1_31' title='bbox 142 605 349 653; x_wconf 85' lang='lat' dir='ltr'>Scilicet</span> <span class='ocrx_word' id='word_1_32' title='bbox 375 614 428 654; x_wconf 91' lang='lat' dir='ltr'>ut</span> <span class='ocrx_word' id='word_1_33' title='bbox 453 623 630 670; x_wconf 86' lang='lat' dir='ltr'>posses</span> <span class='ocrx_word' id='word_1_34' title='bbox 657 606 775 653; x_wconf 91' lang='lat' dir='ltr'>olim</span> <span class='ocrx_word' id='word_1_35' title='bbox 800 613 871 661; x_wconf 89' lang='lat' dir='ltr'>tu,</span> <span class='ocrx_word' id='word_1_36' title='bbox 902 604 1147 660; x_wconf 85' lang='lat' dir='ltr'>Maxime,</span> <span class='ocrx_word' id='word_1_37' title='bbox 1169 605 1338 663; x_wconf 83' lang='lat' dir='ltr'>nasci3</span> 
     </span>
     <span class='ocr_line' id='line_1_8' title="bbox 210 683 1225 733; baseline 0.001 -3"><span class='ocrx_word' id='word_1_38' title='bbox 210 683 306 731; x_wconf 89' lang='lat' dir='ltr'>Cui</span> <span class='ocrx_word' id='word_1_39' title='bbox 330 701 408 732; x_wconf 87' lang='lat' dir='ltr'>res</span> <span class='ocrx_word' id='word_1_40' title='bbox 433 685 720 733; x_wconf 88' lang='lat' dir='ltr'>cunctando</span> <span class='ocrx_word' id='word_1_41' title='bbox 746 684 1060 731; x_wconf 83' lang='lat' dir='ltr'>restituenda</span> <span class='ocrx_word' id='word_1_42' title='bbox 1084 683 1225 731; x_wconf 89' lang='lat' dir='ltr'>foret.</span> 
     </span>
     <span class='ocr_line' id='line_1_9' title="bbox 142 760 1534 823; baseline -0.001 -15"><span class='ocrx_word' id='word_1_43' title='bbox 142 761 448 809; x_wconf 81' lang='lat' dir='ltr'>CONTINUA</span> <span class='ocrx_word' id='word_1_44' title='bbox 460 780 527 810; x_wconf 82' lang='lat' dir='ltr'>TA</span> <span class='ocrx_word' id='word_1_45' title='bbox 556 764 668 811; x_wconf 91' lang='lat' dir='ltr'>loco</span> <span class='ocrx_word' id='word_1_46' title='bbox 694 762 789 810; x_wconf 87' lang='lat' dir='ltr'>tria</span> <span class='ocrx_word' id='word_1_47' title='bbox 814 762 996 818; x_wconf 87' lang='lat' dir='ltr'>sidera,</span> <span class='ocrx_word' id='word_1_48' title='bbox 1027 761 1220 809; x_wconf 84' lang='lat' dir='ltr'>Corvus</span> <span class='ocrx_word' id='word_1_49' title='bbox 1247 768 1298 808; x_wconf 92' lang='lat' dir='ltr'>et</span> <span class='ocrx_word' id='word_1_50' title='bbox 1322 760 1534 823; x_wconf 82' lang='lat' dir='ltr'>Anguis,</span> 
     </span>
     <span class='ocr_line' id='line_1_10' title="bbox 207 838 1330 904; baseline 0 -18"><span class='ocrx_word' id='word_1_51' title='bbox 207 838 274 887; x_wconf 90' lang='lat' dir='ltr'>Et</span> <span class='ocrx_word' id='word_1_52' title='bbox 299 841 496 888; x_wconf 88' lang='lat' dir='ltr'>medius</span> <span class='ocrx_word' id='word_1_53' title='bbox 525 841 704 889; x_wconf 80' lang='lat' dir='ltr'>Crater</span> <span class='ocrx_word' id='word_1_54' title='bbox 728 841 858 888; x_wconf 86' lang='lat' dir='ltr'>inter</span> <span class='ocrx_word' id='word_1_55' title='bbox 883 847 1154 904; x_wconf 86' lang='lat' dir='ltr'>utrumque</span> <span class='ocrx_word' id='word_1_56' title='bbox 1173 840 1330 903; x_wconf 85' lang='lat' dir='ltr'>jacet.</span> 
     </span>
    </p>
   </div>
   <div class='ocr_carea' id='block_1_6' title="bbox 140 916 1354 982">
    <p class='ocr_par' dir='ltr' id='par_1_6' title="bbox 140 916 1354 982">
     <span class='ocr_line' id='line_1_11' title="bbox 140 916 1354 982; baseline 0 -18"><span class='ocrx_word' id='word_1_57' title='bbox 140 916 316 965; x_wconf 87' lang='lat' dir='ltr'>Idibus</span> <span class='ocrx_word' id='word_1_58' title='bbox 342 919 428 966; x_wconf 88' lang='lat' dir='ltr'>illa</span> <span class='ocrx_word' id='word_1_59' title='bbox 451 919 635 968; x_wconf 87' lang='lat' dir='ltr'>latent:</span> <span class='ocrx_word' id='word_1_60' title='bbox 667 920 892 967; x_wconf 85' lang='lat' dir='ltr'>oriuntur</span> <span class='ocrx_word' id='word_1_61' title='bbox 918 926 1065 966; x_wconf 91' lang='lat' dir='ltr'>nocte</span> <span class='ocrx_word' id='word_1_62' title='bbox 1092 917 1354 982; x_wconf 87' lang='lat' dir='ltr'>sequenti:</span> 
     </span>
    </p>
   </div>
   <div class='ocr_carea' id='block_1_7' title="bbox 1453 920 1551 964">
    <p class='ocr_par' dir='ltr' id='par_1_7' title="bbox 1453 920 1551 964">
     <span class='ocr_line' id='line_1_12' title="bbox 1453 920 1551 964; baseline 0 0"><span class='ocrx_word' id='word_1_63' title='bbox 1453 920 1551 964; x_wconf 81' lang='lat'>245</span> 
     </span>
    </p>
   </div>
   <div class='ocr_carea' id='block_1_8' title="bbox 140 996 1450 1293">
    <p class='ocr_par' dir='ltr' id='par_1_8' title="bbox 140 996 1450 1293">
     <span class='ocr_line' id='line_1_13' title="bbox 209 996 1376 1052; baseline -0.002 -8"><span class='ocrx_word' id='word_1_64' title='bbox 209 996 334 1051; x_wconf 81' lang='lat' dir='ltr'>Quae</span> <span class='ocrx_word' id='word_1_65' title='bbox 362 997 457 1044; x_wconf 88' lang='lat' dir='ltr'>sibi</span> <span class='ocrx_word' id='word_1_66' title='bbox 483 1014 572 1044; x_wconf 86' lang='lat' dir='ltr'>cur</span> <span class='ocrx_word' id='word_1_67' title='bbox 598 998 693 1044; x_wconf 85' lang='lat' dir='ltr'>tria</span> <span class='ocrx_word' id='word_1_68' title='bbox 718 997 818 1044; x_wconf 90' lang='lat' dir='ltr'>sint</span> <span class='ocrx_word' id='word_1_69' title='bbox 844 996 1152 1052; x_wconf 88' lang='lat' dir='ltr'>consociata,</span> <span class='ocrx_word' id='word_1_70' title='bbox 1180 1012 1376 1043; x_wconf 89' lang='lat' dir='ltr'>canam.</span> 
     </span>
     <span class='ocr_line' id='line_1_14' title="bbox 141 1073 1414 1137; baseline 0 -17"><span class='ocrx_word' id='word_1_71' title='bbox 141 1074 292 1123; x_wconf 87' lang='lat' dir='ltr'>Forte</span> <span class='ocrx_word' id='word_1_72' title='bbox 317 1074 431 1122; x_wconf 88' lang='lat' dir='ltr'>Jovi</span> <span class='ocrx_word' id='word_1_73' title='bbox 457 1075 641 1122; x_wconf 87' lang='lat' dir='ltr'>festum</span> <span class='ocrx_word' id='word_1_74' title='bbox 669 1074 896 1122; x_wconf 88' lang='lat' dir='ltr'>Phoebus</span> <span class='ocrx_word' id='word_1_75' title='bbox 923 1074 1148 1121; x_wconf 88' lang='lat' dir='ltr'>solemne</span> <span class='ocrx_word' id='word_1_76' title='bbox 1173 1073 1414 1137; x_wconf 87' lang='lat' dir='ltr'>parabat:</span> 
     </span>
     <span class='ocr_line' id='line_1_15' title="bbox 208 1151 1297 1216; baseline 0 -18"><span class='ocrx_word' id='word_1_77' title='bbox 208 1151 325 1199; x_wconf 91' lang='lat' dir='ltr'>Non</span> <span class='ocrx_word' id='word_1_78' title='bbox 351 1152 502 1201; x_wconf 87' lang='lat' dir='ltr'>faciet</span> <span class='ocrx_word' id='word_1_79' title='bbox 526 1154 702 1216; x_wconf 77' lang='lat' dir='ltr'>longas</span> <span class='ocrx_word' id='word_1_80' title='bbox 727 1152 898 1199; x_wconf 87' lang='lat' dir='ltr'>fabula</span> <span class='ocrx_word' id='word_1_81' title='bbox 922 1158 1092 1199; x_wconf 89' lang='lat' dir='ltr'>nostra</span> <span class='ocrx_word' id='word_1_82' title='bbox 1117 1167 1297 1206; x_wconf 88' lang='lat' dir='ltr'>moras,</span> 
     </span>
     <span class='ocr_line' id='line_1_16' title="bbox 140 1228 1450 1293; baseline -0.001 -17"><span class='ocrx_word' id='word_1_83' title='bbox 140 1228 181 1286; x_wconf 87' lang='lat' dir='ltr'>I,</span> <span class='ocrx_word' id='word_1_84' title='bbox 209 1246 338 1287; x_wconf 89' lang='lat' dir='ltr'>mea,</span> <span class='ocrx_word' id='word_1_85' title='bbox 366 1230 511 1287; x_wconf 83' lang='lat' dir='ltr'>dixit,</span> <span class='ocrx_word' id='word_1_86' title='bbox 540 1230 662 1285; x_wconf 89' lang='lat' dir='ltr'>avis,</span> <span class='ocrx_word' id='word_1_87' title='bbox 689 1247 752 1278; x_wconf 90' lang='lat' dir='ltr'>ne</span> <span class='ocrx_word' id='word_1_88' title='bbox 779 1230 902 1293; x_wconf 87' lang='lat' dir='ltr'>quid</span> <span class='ocrx_word' id='word_1_89' title='bbox 928 1230 1011 1293; x_wconf 89' lang='lat' dir='ltr'>pia</span> <span class='ocrx_word' id='word_1_90' title='bbox 1037 1245 1179 1276; x_wconf 88' lang='lat' dir='ltr'>sacra</span> <span class='ocrx_word' id='word_1_91' title='bbox 1203 1235 1450 1285; x_wconf 86' lang='lat' dir='ltr'>moretur;</span> 
     </span>
    </p>
   </div>
   <div class='ocr_carea' id='block_1_9' title="bbox 209 1306 1270 1370">
    <p class='ocr_par' dir='ltr' id='par_1_9' title="bbox 209 1306 1270 1370">
     <span class='ocr_line' id='line_1_17' title="bbox 209 1306 1270 1370; baseline -0.002 -14"><span class='ocrx_word' id='word_1_92' title='bbox 209 1307 276 1356; x_wconf 86' lang='lat' dir='ltr'>Et</span> <span class='ocrx_word' id='word_1_93' title='bbox 299 1316 504 1356; x_wconf 89' lang='lat' dir='ltr'>tenuem</span> <span class='ocrx_word' id='word_1_94' title='bbox 524 1308 647 1355; x_wconf 88' lang='lat' dir='ltr'>vivis</span> <span class='ocrx_word' id='word_1_95' title='bbox 673 1307 896 1355; x_wconf 88' lang='lat' dir='ltr'>fontibus</span> <span class='ocrx_word' id='word_1_96' title='bbox 923 1306 1044 1354; x_wconf 86' lang='lat' dir='ltr'>affer</span> <span class='ocrx_word' id='word_1_97' title='bbox 1069 1323 1270 1370; x_wconf 90' lang='lat' dir='ltr'>aquam.</span> 
     </span>
    </p>
   </div>
   <div class='ocr_carea' id='block_1_10' title="bbox 1454 1308 1553 1353">
    <p class='ocr_par' dir='ltr' id='par_1_10' title="bbox 1454 1308 1553 1353">
     <span class='ocr_line' id='line_1_18' title="bbox 1454 1308 1553 1353; baseline -0.02 0"><span class='ocrx_word' id='word_1_98' title='bbox 1454 1308 1553 1353; x_wconf 83' lang='lat'>250</span> 
     </span>
    </p>
   </div>
   <div class='ocr_carea' id='block_1_11' title="bbox 143 1385 1375 1685">
    <p class='ocr_par' dir='ltr' id='par_1_11' title="bbox 143 1385 1356 1529">
     <span class='ocr_line' id='line_1_19' title="bbox 143 1385 1356 1450; baseline 0 -18"><span class='ocrx_word' id='word_1_99' title='bbox 143 1385 340 1434; x_wconf 83' lang='lat' dir='ltr'>Corvus</span> <span class='ocrx_word' id='word_1_100' title='bbox 367 1387 649 1434; x_wconf 88' lang='lat' dir='ltr'>inauratum</span> <span class='ocrx_word' id='word_1_101' title='bbox 676 1386 892 1450; x_wconf 90' lang='lat' dir='ltr'>pedibus</span> <span class='ocrx_word' id='word_1_102' title='bbox 919 1394 1115 1433; x_wconf 86' lang='lat' dir='ltr'>cratera</span> <span class='ocrx_word' id='word_1_103' title='bbox 1139 1385 1356 1433; x_wconf 82' lang='lat' dir='ltr'>recurvis</span> 
     </span>
     <span class='ocr_line' id='line_1_20' title="bbox 208 1463 1213 1529; baseline -0.002 -17"><span class='ocrx_word' id='word_1_104' title='bbox 208 1464 378 1522; x_wconf 87' lang='lat' dir='ltr'>Tollit,</span> <span class='ocrx_word' id='word_1_105' title='bbox 405 1475 456 1514; x_wconf 92' lang='lat' dir='ltr'>et</span> <span class='ocrx_word' id='word_1_106' title='bbox 471 1465 671 1514; x_wconf 66' lang='lat' dir='ltr'>›aerium</span> <span class='ocrx_word' id='word_1_107' title='bbox 698 1464 924 1529; x_wconf 88' lang='lat' dir='ltr'>pervolat</span> <span class='ocrx_word' id='word_1_108' title='bbox 947 1465 1078 1511; x_wconf 91' lang='lat' dir='ltr'>altus</span> <span class='ocrx_word' id='word_1_109' title='bbox 1104 1463 1213 1511; x_wconf 88' lang='lat' dir='ltr'>iter.</span> 
     </span>
    </p>

    <p class='ocr_par' dir='ltr' id='par_1_12' title="bbox 144 1541 1375 1685">
     <span class='ocr_line' id='line_1_21' title="bbox 144 1541 1375 1606; baseline -0.003 -15"><span class='ocrx_word' id='word_1_110' title='bbox 144 1543 326 1592; x_wconf 81' lang='lat' dir='ltr'>Stabat</span> <span class='ocrx_word' id='word_1_111' title='bbox 349 1544 514 1592; x_wconf 86' lang='lat' dir='ltr'>adhuc</span> <span class='ocrx_word' id='word_1_112' title='bbox 539 1545 676 1591; x_wconf 89' lang='lat' dir='ltr'>duris</span> <span class='ocrx_word' id='word_1_113' title='bbox 702 1544 827 1591; x_wconf 91' lang='lat' dir='ltr'>ficus</span> <span class='ocrx_word' id='word_1_114' title='bbox 855 1542 1158 1590; x_wconf 88' lang='lat' dir='ltr'>densissima</span> <span class='ocrx_word' id='word_1_115' title='bbox 1183 1541 1375 1606; x_wconf 83' lang='lat' dir='ltr'>pomis3</span> 
     </span>
     <span class='ocr_line' id='line_1_22' title="bbox 209 1620 1305 1685; baseline -0.003 -16"><span class='ocrx_word' id='word_1_116' title='bbox 209 1621 395 1670; x_wconf 87' lang='lat' dir='ltr'>Tentat</span> <span class='ocrx_word' id='word_1_117' title='bbox 420 1639 532 1671; x_wconf 87' lang='lat' dir='ltr'>eam</span> <span class='ocrx_word' id='word_1_118' title='bbox 556 1629 744 1671; x_wconf 89' lang='lat' dir='ltr'>rostro:</span> <span class='ocrx_word' id='word_1_119' title='bbox 785 1639 885 1670; x_wconf 91' lang='lat' dir='ltr'>non</span> <span class='ocrx_word' id='word_1_120' title='bbox 911 1627 1018 1669; x_wconf 89' lang='lat' dir='ltr'>erat</span> <span class='ocrx_word' id='word_1_121' title='bbox 1044 1627 1163 1685; x_wconf 88' lang='lat' dir='ltr'>apta</span> <span class='ocrx_word' id='word_1_122' title='bbox 1188 1620 1305 1682; x_wconf 86' lang='lat' dir='ltr'>legi.</span> 
     </span>
    </p>
   </div>
   <div class='ocr_carea' id='block_1_12' title="bbox 143 1818 822 2798">
    <p class='ocr_par' dir='ltr' id='par_1_13' title="bbox 143 1818 819 2350">
     <span class='ocr_line' id='line_1_23' title="bbox 144 1818 815 1861; baseline 0 -12"><span class='ocrx_word' id='word_1_123' title='bbox 144 1818 215 1850; x_wconf 81' lang='lat' dir='ltr'>hist.</span> <span class='ocrx_word' id='word_1_124' title='bbox 240 1829 311 1861; x_wconf 86' lang='lat' dir='ltr'>cap.</span> <span class='ocrx_word' id='word_1_125' title='bbox 335 1821 366 1850; x_wconf 87' lang='grc'>5.</span> <span class='ocrx_word' id='word_1_126' title='bbox 405 1819 494 1850; x_wconf 82' lang='lat' dir='ltr'>Fabii</span> <span class='ocrx_word' id='word_1_127' title='bbox 517 1825 623 1850; x_wconf 83' lang='lat' dir='ltr'>autem</span> <span class='ocrx_word' id='word_1_128' title='bbox 645 1819 712 1861; x_wconf 79' lang='lat' dir='ltr'>jam</span> <span class='ocrx_word' id='word_1_129' title='bbox 740 1824 815 1850; x_wconf 85' lang='lat' dir='ltr'>ante</span> 
     </span>
     <span class='ocr_line' id='line_1_24' title="bbox 143 1868 816 1900; baseline 0 -1"><span class='ocrx_word' id='word_1_130' title='bbox 143 1869 254 1900; x_wconf 86' lang='lat' dir='ltr'>urbem</span> <span class='ocrx_word' id='word_1_131' title='bbox 271 1869 429 1900; x_wconf 76' lang='lat' dir='ltr'>conditam</span> <span class='ocrx_word' id='word_1_132' title='bbox 443 1870 524 1900; x_wconf 87' lang='lat' dir='ltr'>inter</span> <span class='ocrx_word' id='word_1_133' title='bbox 536 1869 665 1900; x_wconf 84' lang='lat' dir='ltr'>Romuli</span> <span class='ocrx_word' id='word_1_134' title='bbox 678 1875 709 1900; x_wconf 88' lang='lat' dir='ltr'>et</span> <span class='ocrx_word' id='word_1_135' title='bbox 721 1868 816 1900; x_wconf 87' lang='lat' dir='ltr'>Remi</span> 
     </span>
     <span class='ocr_line' id='line_1_25' title="bbox 144 1918 815 1960; baseline -0.001 -10"><span class='ocrx_word' id='word_1_136' title='bbox 144 1919 275 1950; x_wconf 84' lang='lat' dir='ltr'>comites</span> <span class='ocrx_word' id='word_1_137' title='bbox 298 1918 405 1955; x_wconf 85' lang='lat' dir='ltr'>fuisse,</span> <span class='ocrx_word' id='word_1_138' title='bbox 430 1924 526 1960; x_wconf 82' lang='lat' dir='ltr'>atque</span> <span class='ocrx_word' id='word_1_139' title='bbox 552 1920 591 1950; x_wconf 92' lang='lat' dir='ltr'>ab</span> <span class='ocrx_word' id='word_1_140' title='bbox 616 1919 753 1949; x_wconf 80' lang='lat' dir='ltr'>Hercule</span> <span class='ocrx_word' id='word_1_141' title='bbox 777 1929 815 1950; x_wconf 83' lang='lat' dir='ltr'>ex</span> 
     </span>
     <span class='ocr_line' id='line_1_26' title="bbox 144 1968 814 2011; baseline 0 -12"><span class='ocrx_word' id='word_1_142' title='bbox 144 1968 286 2000; x_wconf 85' lang='lat' dir='ltr'>Evandri</span> <span class='ocrx_word' id='word_1_143' title='bbox 303 1969 370 1999; x_wconf 84' lang='lat' dir='ltr'>filia</span> <span class='ocrx_word' id='word_1_144' title='bbox 392 1969 537 2011; x_wconf 81' lang='lat' dir='ltr'>prognati</span> <span class='ocrx_word' id='word_1_145' title='bbox 558 1980 626 2000; x_wconf 85' lang='lat' dir='ltr'>esse</span> <span class='ocrx_word' id='word_1_146' title='bbox 644 1969 814 2000; x_wconf 87' lang='lat' dir='ltr'>tradeban-</span> 
     </span>
     <span class='ocr_line' id='line_1_27' title="bbox 145 2018 816 2060; baseline 0.001 -12"><span class='ocrx_word' id='word_1_147' title='bbox 145 2023 205 2050; x_wconf 81' lang='lat' dir='ltr'>tur.</span> <span class='ocrx_word' id='word_1_148' title='bbox 229 2018 306 2050; x_wconf 85' lang='lat' dir='ltr'>Vid.</span> <span class='ocrx_word' id='word_1_149' title='bbox 323 2018 455 2060; x_wconf 82' lang='lat' dir='ltr'>Pighius</span> <span class='ocrx_word' id='word_1_150' title='bbox 470 2019 556 2050; x_wconf 88' lang='lat' dir='ltr'>Ann.</span> <span class='ocrx_word' id='word_1_151' title='bbox 570 2019 609 2049; x_wconf 86' lang='lat' dir='ltr'>ad</span> <span class='ocrx_word' id='word_1_152' title='bbox 627 2029 655 2049; x_wconf 88' lang='lat' dir='ltr'>a.</span> <span class='ocrx_word' id='word_1_153' title='bbox 673 2019 749 2049; x_wconf 85' lang='lat'>473.</span> <span class='ocrx_word' id='word_1_154' title='bbox 787 2019 816 2049; x_wconf 94' lang='lat' dir='ltr'><strong>A</strong></span> 
     </span>
     <span class='ocr_line' id='line_1_28' title="bbox 143 2067 816 2108; baseline 0.001 -10"><span class='ocrx_word' id='word_1_155' title='bbox 143 2067 231 2104; x_wconf 83' lang='lat' dir='ltr'>Silio,</span> <span class='ocrx_word' id='word_1_156' title='bbox 252 2069 383 2099; x_wconf 72' lang='lat' dir='ltr'>Penates</span> <span class='ocrx_word' id='word_1_157' title='bbox 399 2068 547 2099; x_wconf 79' lang='lat' dir='ltr'>Herculei</span> <span class='ocrx_word' id='word_1_158' title='bbox 567 2069 731 2108; x_wconf 72' lang='lat' dir='ltr'>implevisse</span> <span class='ocrx_word' id='word_1_159' title='bbox 752 2070 816 2108; x_wconf 80' lang='lat' dir='ltr'>pri-</span> 
     </span>
     <span class='ocr_line' id='line_1_29' title="bbox 144 2118 818 2150; baseline -0.001 -1"><span class='ocrx_word' id='word_1_160' title='bbox 144 2125 216 2149; x_wconf 82' lang='lat' dir='ltr'>vata</span> <span class='ocrx_word' id='word_1_161' title='bbox 240 2125 339 2150; x_wconf 78' lang='lat' dir='ltr'>castra</span> <span class='ocrx_word' id='word_1_162' title='bbox 360 2118 522 2149; x_wconf 88' lang='lat' dir='ltr'>dicuntur.</span> <span class='ocrx_word' id='word_1_163' title='bbox 565 2118 636 2148; x_wconf 85' lang='lat' dir='ltr'>Non</span> <span class='ocrx_word' id='word_1_164' title='bbox 658 2119 747 2148; x_wconf 84' lang='lat' dir='ltr'>utilis</span> <span class='ocrx_word' id='word_1_165' title='bbox 766 2130 818 2149; x_wconf 78' lang='lat' dir='ltr'>ar-</span> 
     </span>
     <span class='ocr_line' id='line_1_30' title="bbox 145 2168 819 2206; baseline 0 -7"><span class='ocrx_word' id='word_1_166' title='bbox 145 2171 224 2206; x_wconf 84' lang='lat' dir='ltr'>mis,·</span> <span class='ocrx_word' id='word_1_167' title='bbox 249 2168 411 2204; x_wconf 79' lang='lat' dir='ltr'>Horatius,</span> <span class='ocrx_word' id='word_1_168' title='bbox 434 2168 462 2199; x_wconf 89' lang='grc' dir='ltr'>Ι.</span> <span class='ocrx_word' id='word_1_169' title='bbox 478 2168 541 2200; x_wconf 92' lang='lat' dir='ltr'>Od.</span> <span class='ocrx_word' id='word_1_170' title='bbox 558 2168 612 2200; x_wconf 82' lang='lat' dir='ltr'>xii.</span> <span class='ocrx_word' id='word_1_171' title='bbox 629 2169 682 2200; x_wconf 80' lang='lat'>42.</span> <span class='ocrx_word' id='word_1_172' title='bbox 704 2168 819 2199; x_wconf 85' lang='lat' dir='ltr'>Curius</span> 
     </span>
     <span class='ocr_line' id='line_1_31' title="bbox 145 2218 817 2258; baseline -0.001 -8"><span class='ocrx_word' id='word_1_173' title='bbox 145 2220 234 2250; x_wconf 71' lang='lat' dir='ltr'>utilis</span> <span class='ocrx_word' id='word_1_174' title='bbox 249 2220 336 2250; x_wconf 88' lang='lat' dir='ltr'>bello.</span> <span class='ocrx_word' id='word_1_175' title='bbox 373 2218 486 2249; x_wconf 86' lang='lat' dir='ltr'>Idonei</span> <span class='ocrx_word' id='word_1_176' title='bbox 502 2218 596 2249; x_wconf 87' lang='lat' dir='ltr'>armis</span> <span class='ocrx_word' id='word_1_177' title='bbox 610 2218 747 2249; x_wconf 86' lang='lat' dir='ltr'>ferendis</span> <span class='ocrx_word' id='word_1_178' title='bbox 760 2230 817 2258; x_wconf 82' lang='lat' dir='ltr'>pu-</span> 
     </span>
     <span class='ocr_line' id='line_1_32' title="bbox 145 2267 818 2308; baseline -0.001 -9"><span class='ocrx_word' id='word_1_179' title='bbox 145 2270 191 2300; x_wconf 82' lang='lat' dir='ltr'>bes</span> <span class='ocrx_word' id='word_1_180' title='bbox 219 2268 378 2299; x_wconf 86' lang='lat' dir='ltr'>dicuntur.</span> <span class='ocrx_word' id='word_1_181' title='bbox 425 2268 545 2305; x_wconf 84' lang='lat' dir='ltr'>Livius,</span> <span class='ocrx_word' id='word_1_182' title='bbox 567 2267 633 2300; x_wconf 91' lang='lat' dir='ltr'>viii.</span> <span class='ocrx_word' id='word_1_183' title='bbox 657 2269 688 2299; x_wconf 84' lang='lat'>8.</span> <span class='ocrx_word' id='word_1_184' title='bbox 713 2269 818 2308; x_wconf 81' lang='lat' dir='ltr'>pubes-</span> 
     </span>
     <span class='ocr_line' id='line_1_33' title="bbox 145 2320 469 2350; baseline 0 -1"><span class='ocrx_word' id='word_1_185' title='bbox 145 2325 244 2350; x_wconf 77' lang='lat' dir='ltr'>centes</span> <span class='ocrx_word' id='word_1_186' title='bbox 259 2320 298 2349; x_wconf 66' lang='grc' dir='ltr'>αι]</span> <span class='ocrx_word' id='word_1_187' title='bbox 314 2320 469 2349; x_wconf 65' lang='lat' dir='ltr'>militiam.</span> 
     </span>
    </p>

    <p class='ocr_par' dir='ltr' id='par_1_14' title="bbox 144 2368 822 2798">
     <span class='ocr_line' id='line_1_34' title="bbox 189 2368 820 2399; baseline -0.002 0"><span class='ocrx_word' id='word_1_188' title='bbox 189 2369 375 2399; x_wconf 74' lang='lat'><strong>243-266.</strong></span> <span class='ocrx_word' id='word_1_189' title='bbox 386 2368 480 2398; x_wconf 78' lang='lat' dir='ltr'>Ortus</span> <span class='ocrx_word' id='word_1_190' title='bbox 490 2369 721 2398; x_wconf 79' lang='lat' dir='ltr'>trimnsiderum</span> <span class='ocrx_word' id='word_1_191' title='bbox 731 2378 820 2398; x_wconf 87' lang='lat' dir='ltr'>acro-</span> 
     </span>
     <span class='ocr_line' id='line_1_35' title="bbox 147 2416 819 2460; baseline -0.001 -12"><span class='ocrx_word' id='word_1_192' title='bbox 147 2416 300 2460; x_wconf 85' lang='lat' dir='ltr'>nychius:</span> <span class='ocrx_word' id='word_1_193' title='bbox 319 2428 452 2459; x_wconf 87' lang='lat' dir='ltr'>quorum</span> <span class='ocrx_word' id='word_1_194' title='bbox 467 2417 552 2459; x_wconf 84' lang='lat' dir='ltr'>origo</span> <span class='ocrx_word' id='word_1_195' title='bbox 570 2422 724 2449; x_wconf 84' lang='lat' dir='ltr'>narratur.</span> <span class='ocrx_word' id='word_1_196' title='bbox 755 2418 819 2448; x_wconf 79' lang='grc' dir='ltr'>Δη-</span> 
     </span>
     <span class='ocr_line' id='line_1_36' title="bbox 144 2466 821 2510; baseline 0 -13"><span class='ocrx_word' id='word_1_197' title='bbox 144 2469 227 2510; x_wconf 81' lang='lat' dir='ltr'>guis,</span> <span class='ocrx_word' id='word_1_198' title='bbox 253 2466 376 2497; x_wconf 88' lang='lat' dir='ltr'>scilicet</span> <span class='ocrx_word' id='word_1_199' title='bbox 406 2466 517 2508; x_wconf 89' lang='lat' dir='ltr'>hydra,</span> <span class='ocrx_word' id='word_1_200' title='bbox 543 2466 646 2497; x_wconf 82' lang='lat' dir='ltr'>cauda</span> <span class='ocrx_word' id='word_1_201' title='bbox 671 2466 821 2498; x_wconf 82' lang='lat' dir='ltr'>Centauri</span> 
     </span>
     <span class='ocr_line' id='line_1_37' title="bbox 147 2516 821 2560; baseline -0.001 -11"><span class='ocrx_word' id='word_1_202' title='bbox 147 2522 245 2560; x_wconf 86' lang='lat' dir='ltr'>caput</span> <span class='ocrx_word' id='word_1_203' title='bbox 268 2527 359 2559; x_wconf 81' lang='lat' dir='ltr'>paene</span> <span class='ocrx_word' id='word_1_204' title='bbox 379 2522 501 2558; x_wconf 85' lang='lat' dir='ltr'>tegens,</span> <span class='ocrx_word' id='word_1_205' title='bbox 519 2516 654 2548; x_wconf 83' lang='lat' dir='ltr'>sustinet</span> <span class='ocrx_word' id='word_1_206' title='bbox 678 2517 710 2547; x_wconf 88' lang='lat' dir='ltr'>in</span> <span class='ocrx_word' id='word_1_207' title='bbox 730 2517 821 2548; x_wconf 84' lang='lat' dir='ltr'>dorso</span> 
     </span>
     <span class='ocr_line' id='line_1_38' title="bbox 147 2565 821 2608; baseline -0.003 -10"><span class='ocrx_word' id='word_1_208' title='bbox 147 2578 280 2602; x_wconf 82' lang='lat' dir='ltr'>corvum,</span> <span class='ocrx_word' id='word_1_209' title='bbox 296 2572 392 2597; x_wconf 88' lang='lat' dir='ltr'>rostro</span> <span class='ocrx_word' id='word_1_210' title='bbox 412 2577 525 2608; x_wconf 85' lang='lat' dir='ltr'>corpus</span> <span class='ocrx_word' id='word_1_211' title='bbox 545 2566 613 2608; x_wconf 85' lang='lat' dir='ltr'>ejus</span> <span class='ocrx_word' id='word_1_212' title='bbox 634 2565 821 2597; x_wconf 88' lang='lat' dir='ltr'>tundentem</span> 
     </span>
     <span class='ocr_line' id='line_1_39' title="bbox 147 2616 821 2652; baseline -0.001 -5"><span class='ocrx_word' id='word_1_213' title='bbox 147 2622 180 2647; x_wconf 90' lang='lat' dir='ltr'>et</span> <span class='ocrx_word' id='word_1_214' title='bbox 209 2623 342 2648; x_wconf 80' lang='lat' dir='ltr'>cratera.</span> <span class='ocrx_word' id='word_1_215' title='bbox 379 2616 430 2647; x_wconf 82' lang='lat' dir='ltr'>Sic</span> <span class='ocrx_word' id='word_1_216' title='bbox 455 2616 512 2647; x_wconf 77' lang='lat' dir='ltr'>illa</span> <span class='ocrx_word' id='word_1_217' title='bbox 538 2618 720 2646; x_wconf 76' lang='lat' dir='ltr'>continuata</span> <span class='ocrx_word' id='word_1_218' title='bbox 749 2617 821 2652; x_wconf 78' lang='lat' dir='ltr'>loco,</span> 
     </span>
     <span class='ocr_line' id='line_1_40' title="bbox 148 2665 820 2707; baseline -0.003 -9"><span class='ocrx_word' id='word_1_219' title='bbox 148 2666 341 2698; x_wconf 67' lang='lat' dir='ltr'>cohaerentia</span> <span class='ocrx_word' id='word_1_220' title='bbox 356 2666 442 2697; x_wconf 90' lang='lat' dir='ltr'>nullo</span> <span class='ocrx_word' id='word_1_221' title='bbox 457 2666 634 2697; x_wconf 85' lang='lat' dir='ltr'>intervallo.</span> <span class='ocrx_word' id='word_1_222' title='bbox 660 2665 738 2697; x_wconf 87' lang='lat' dir='ltr'>Vid.</span> <span class='ocrx_word' id='word_1_223' title='bbox 749 2666 820 2707; x_wconf 89' lang='lat' dir='ltr'>Hy-</span> 
     </span>
     <span class='ocr_line' id='line_1_41' title="bbox 148 2715 820 2758; baseline -0.001 -11"><span class='ocrx_word' id='word_1_224' title='bbox 148 2716 216 2758; x_wconf 87' lang='lat' dir='ltr'>gin.</span> <span class='ocrx_word' id='word_1_225' title='bbox 243 2717 282 2747; x_wconf 88' lang='lat' dir='ltr'>P.</span> <span class='ocrx_word' id='word_1_226' title='bbox 306 2716 347 2748; x_wconf 91' lang='lat' dir='ltr'>A.</span> <span class='ocrx_word' id='word_1_227' title='bbox 378 2715 423 2747; x_wconf 87' lang='lat' dir='ltr'>iii.</span> <span class='ocrx_word' id='word_1_228' title='bbox 445 2717 509 2754; x_wconf 79' lang='lat'>393</span> <span class='ocrx_word' id='word_1_229' title='bbox 542 2716 684 2747; x_wconf 84' lang='lat' dir='ltr'>fabulam</span> <span class='ocrx_word' id='word_1_230' title='bbox 714 2721 820 2747; x_wconf 83' lang='lat' dir='ltr'>autem</span> 
     </span>
     <span class='ocr_line' id='line_1_42' title="bbox 150 2765 822 2798; baseline -0.001 -2"><span class='ocrx_word' id='word_1_231' title='bbox 150 2765 246 2797; x_wconf 84' lang='lat' dir='ltr'>idem.</span> <span class='ocrx_word' id='word_1_232' title='bbox 276 2766 309 2797; x_wconf 91' lang='lat' dir='ltr'>ii.</span> <span class='ocrx_word' id='word_1_233' title='bbox 340 2767 393 2797; x_wconf 84' lang='lat'>40.</span> <span class='ocrx_word' id='word_1_234' title='bbox 418 2772 534 2798; x_wconf 83' lang='lat' dir='ltr'>narrat.</span> <span class='ocrx_word' id='word_1_235' title='bbox 591 2766 712 2797; x_wconf 79' lang='lat' dir='ltr'>Medius</span> <span class='ocrx_word' id='word_1_236' title='bbox 741 2768 822 2796; x_wconf 73' lang='lat' dir='ltr'>inter</span> 
     </span>
    </p>
   </div>
   <div class='ocr_carea' id='block_1_13' title="bbox 885 1814 1562 2802">
    <p class='ocr_par' dir='ltr' id='par_1_15' title="bbox 885 1814 1559 2300">
     <span class='ocr_line' id='line_1_43' title="bbox 885 1814 1556 1859; baseline -0.007 -10"><span class='ocrx_word' id='word_1_237' title='bbox 885 1826 1058 1859; x_wconf 74' lang='lat' dir='ltr'>utrumque,</span> <span class='ocrx_word' id='word_1_238' title='bbox 1083 1817 1164 1847; x_wconf 84' lang='lat' dir='ltr'>inter</span> <span class='ocrx_word' id='word_1_239' title='bbox 1187 1826 1314 1846; x_wconf 88' lang='lat' dir='ltr'>corvum</span> <span class='ocrx_word' id='word_1_240' title='bbox 1338 1814 1473 1845; x_wconf 83' lang='lat' dir='ltr'>caudam</span> <span class='ocrx_word' id='word_1_241' title='bbox 1501 1815 1556 1856; x_wconf 80' lang='lat' dir='ltr'>hy-</span> 
     </span>
     <span class='ocr_line' id='line_1_44' title="bbox 885 1864 1556 1907; baseline -0.004 -8"><span class='ocrx_word' id='word_1_242' title='bbox 885 1868 949 1899; x_wconf 84' lang='lat' dir='ltr'>drae</span> <span class='ocrx_word' id='word_1_243' title='bbox 972 1867 1160 1898; x_wconf 86' lang='lat' dir='ltr'>tundentem</span> <span class='ocrx_word' id='word_1_244' title='bbox 1184 1871 1215 1896; x_wconf 89' lang='lat' dir='ltr'>et</span> <span class='ocrx_word' id='word_1_245' title='bbox 1239 1871 1335 1907; x_wconf 87' lang='lat' dir='ltr'>caput</span> <span class='ocrx_word' id='word_1_246' title='bbox 1359 1864 1466 1906; x_wconf 79' lang='lat' dir='ltr'>hydrae</span> <span class='ocrx_word' id='word_1_247' title='bbox 1491 1864 1556 1896; x_wconf 86' lang='lat' dir='ltr'>ela-</span> 
     </span>
     <span class='ocr_line' id='line_1_45' title="bbox 886 1913 1555 1956; baseline -0.007 -8"><span class='ocrx_word' id='word_1_248' title='bbox 886 1923 967 1949; x_wconf 87' lang='lat' dir='ltr'>tum.</span> <span class='ocrx_word' id='word_1_249' title='bbox 1014 1917 1075 1948; x_wconf 91' lang='lat' dir='ltr'>Pro</span> <span class='ocrx_word' id='word_1_250' title='bbox 1091 1919 1179 1956; x_wconf 81' lang='lat' dir='ltr'>jacet</span> <span class='ocrx_word' id='word_1_251' title='bbox 1208 1925 1290 1945; x_wconf 85' lang='lat' dir='ltr'>unus</span> <span class='ocrx_word' id='word_1_252' title='bbox 1318 1913 1425 1945; x_wconf 82' lang='lat' dir='ltr'>Vatic.</span> <span class='ocrx_word' id='word_1_253' title='bbox 1452 1916 1555 1950; x_wconf 79' lang='lat' dir='ltr'>micat,</span> 
     </span>
     <span class='ocr_line' id='line_1_46' title="bbox 886 1964 1558 2009; baseline -0.006 -10"><span class='ocrx_word' id='word_1_254' title='bbox 886 1967 972 2009; x_wconf 89' lang='lat' dir='ltr'>quod</span> <span class='ocrx_word' id='word_1_255' title='bbox 1000 1977 1075 1998; x_wconf 87' lang='lat' dir='ltr'>sane</span> <span class='ocrx_word' id='word_1_256' title='bbox 1106 1972 1190 1997; x_wconf 85' lang='lat' dir='ltr'>recte</span> <span class='ocrx_word' id='word_1_257' title='bbox 1221 1965 1261 1995; x_wconf 89' lang='lat' dir='ltr'>de</span> <span class='ocrx_word' id='word_1_258' title='bbox 1295 1964 1395 1995; x_wconf 83' lang='lat' dir='ltr'>sidere</span> <span class='ocrx_word' id='word_1_259' title='bbox 1430 1964 1558 1996; x_wconf 86' lang='lat' dir='ltr'>dicitur.</span> 
     </span>
     <span class='ocr_line' id='line_1_47' title="bbox 886 2013 1557 2057; baseline -0.007 -9"><span class='ocrx_word' id='word_1_260' title='bbox 886 2017 950 2048; x_wconf 91' lang='lat' dir='ltr'>Sed</span> <span class='ocrx_word' id='word_1_261' title='bbox 970 2016 1120 2048; x_wconf 87' lang='lat' dir='ltr'>credibile</span> <span class='ocrx_word' id='word_1_262' title='bbox 1140 2022 1198 2051; x_wconf 81' lang='lat' dir='ltr'>est,</span> <span class='ocrx_word' id='word_1_263' title='bbox 1220 2019 1359 2057; x_wconf 87' lang='lat' dir='ltr'>poetam,</span> <span class='ocrx_word' id='word_1_264' title='bbox 1376 2024 1474 2055; x_wconf 88' lang='lat' dir='ltr'>quum</span> <span class='ocrx_word' id='word_1_265' title='bbox 1499 2013 1557 2043; x_wconf 87' lang='lat' dir='ltr'>hoc</span> 
     </span>
     <span class='ocr_line' id='line_1_48' title="bbox 887 2063 1559 2106; baseline -0.007 -8"><span class='ocrx_word' id='word_1_266' title='bbox 887 2068 1018 2099; x_wconf 88' lang='lat' dir='ltr'>verbum</span> <span class='ocrx_word' id='word_1_267' title='bbox 1034 2077 1098 2097; x_wconf 90' lang='lat' dir='ltr'>ver.</span> <span class='ocrx_word' id='word_1_268' title='bbox 1114 2066 1188 2096; x_wconf 79' lang='lat'>266.</span> <span class='ocrx_word' id='word_1_269' title='bbox 1204 2065 1340 2106; x_wconf 82' lang='lat' dir='ltr'>legatur,</span> <span class='ocrx_word' id='word_1_270' title='bbox 1356 2063 1476 2094; x_wconf 83' lang='lat' dir='ltr'>variare</span> <span class='ocrx_word' id='word_1_271' title='bbox 1490 2074 1559 2094; x_wconf 85' lang='lat' dir='ltr'>ora-</span> 
     </span>
     <span class='ocr_line' id='line_1_49' title="bbox 886 2113 1558 2155; baseline -0.006 -7"><span class='ocrx_word' id='word_1_272' title='bbox 886 2117 1004 2148; x_wconf 88' lang='lat' dir='ltr'>tionem</span> <span class='ocrx_word' id='word_1_273' title='bbox 1029 2115 1175 2147; x_wconf 86' lang='lat' dir='ltr'>voluisse.</span> <span class='ocrx_word' id='word_1_274' title='bbox 1228 2113 1375 2150; x_wconf 79' lang='lat' dir='ltr'>Accedit,</span> <span class='ocrx_word' id='word_1_275' title='bbox 1401 2113 1486 2155; x_wconf 90' lang='lat' dir='ltr'>quod</span> <span class='ocrx_word' id='word_1_276' title='bbox 1510 2124 1558 2149; x_wconf 83' lang='lat' dir='ltr'>ea,</span> 
     </span>
     <span class='ocr_line' id='line_1_50' title="bbox 887 2162 1558 2208; baseline -0.006 -11"><span class='ocrx_word' id='word_1_277' title='bbox 887 2177 957 2208; x_wconf 82' lang='lat' dir='ltr'>quae</span> <span class='ocrx_word' id='word_1_278' title='bbox 974 2166 1056 2196; x_wconf 89' lang='lat' dir='ltr'>inter</span> <span class='ocrx_word' id='word_1_279' title='bbox 1071 2170 1177 2207; x_wconf 86' lang='lat' dir='ltr'>partes</span> <span class='ocrx_word' id='word_1_280' title='bbox 1193 2163 1369 2194; x_wconf 83' lang='lat' dir='ltr'>eminentes</span> <span class='ocrx_word' id='word_1_281' title='bbox 1380 2163 1484 2194; x_wconf 89' lang='lat' dir='ltr'>locum</span> <span class='ocrx_word' id='word_1_282' title='bbox 1501 2162 1558 2194; x_wconf 84' lang='lat' dir='ltr'>ha-</span> 
     </span>
     <span class='ocr_line' id='line_1_51' title="bbox 887 2213 1559 2257; baseline -0.006 -10"><span class='ocrx_word' id='word_1_283' title='bbox 887 2217 974 2253; x_wconf 87' lang='lat' dir='ltr'>bent,</span> <span class='ocrx_word' id='word_1_284' title='bbox 1002 2216 1164 2257; x_wconf 78' lang='lat' dir='ltr'>eleganter</span> <span class='ocrx_word' id='word_1_285' title='bbox 1190 2217 1299 2255; x_wconf 80' lang='lat' dir='ltr'>jacere</span> <span class='ocrx_word' id='word_1_286' title='bbox 1328 2213 1497 2244; x_wconf 84' lang='lat' dir='ltr'>dicuntur:</span> <span class='ocrx_word' id='word_1_287' title='bbox 1530 2225 1559 2244; x_wconf 91' lang='lat' dir='ltr'>v.</span> 
     </span>
     <span class='ocr_line' id='line_1_52' title="bbox 888 2263 1443 2300; baseline -0.007 -3"><span class='ocrx_word' id='word_1_288' title='bbox 888 2266 1086 2297; x_wconf 88' lang='lat' dir='ltr'>Drakenbor.</span> <span class='ocrx_word' id='word_1_289' title='bbox 1104 2264 1144 2295; x_wconf 90' lang='lat' dir='ltr'>ad</span> <span class='ocrx_word' id='word_1_290' title='bbox 1158 2264 1281 2300; x_wconf 84' lang='lat' dir='ltr'>Silium,</span> <span class='ocrx_word' id='word_1_291' title='bbox 1297 2263 1351 2294; x_wconf 85' lang='lat' dir='ltr'>xii.</span> <span class='ocrx_word' id='word_1_292' title='bbox 1372 2264 1443 2294; x_wconf 84' lang='lat'>132.</span> 
     </span>
    </p>

    <p class='ocr_par' dir='ltr' id='par_1_16' title="bbox 889 2312 1562 2650">
     <span class='ocr_line' id='line_1_53' title="bbox 931 2312 1560 2355; baseline -0.01 -7"><span class='ocrx_word' id='word_1_293' title='bbox 931 2317 1007 2348; x_wconf 82' lang='lat'>247.</span> <span class='ocrx_word' id='word_1_294' title='bbox 1031 2314 1198 2346; x_wconf 82' lang='lat' dir='ltr'>Inferiores</span> <span class='ocrx_word' id='word_1_295' title='bbox 1212 2313 1269 2344; x_wconf 84' lang='lat' dir='ltr'>Dii</span> <span class='ocrx_word' id='word_1_296' title='bbox 1284 2312 1495 2355; x_wconf 83' lang='lat' dir='ltr'>superioribus</span> <span class='ocrx_word' id='word_1_297' title='bbox 1510 2323 1560 2343; x_wconf 86' lang='lat' dir='ltr'>sa-</span> 
     </span>
     <span class='ocr_line' id='line_1_54' title="bbox 890 2363 1559 2403; baseline -0.007 -6"><span class='ocrx_word' id='word_1_298' title='bbox 890 2376 944 2397; x_wconf 88' lang='lat' dir='ltr'>cra</span> <span class='ocrx_word' id='word_1_299' title='bbox 958 2365 1139 2403; x_wconf 81' lang='lat' dir='ltr'>faciebant3</span> <span class='ocrx_word' id='word_1_300' title='bbox 1164 2364 1204 2395; x_wconf 90' lang='lat' dir='ltr'>iv.</span> <span class='ocrx_word' id='word_1_301' title='bbox 1221 2364 1296 2395; x_wconf 81' lang='lat'><strong>423.</strong></span> <span class='ocrx_word' id='word_1_302' title='bbox 1346 2363 1476 2394; x_wconf 84' lang='lat' dir='ltr'>Tenuem</span> <span class='ocrx_word' id='word_1_303' title='bbox 1489 2368 1559 2394; x_wconf 86' lang='lat' dir='ltr'>tan-</span> 
     </span>
     <span class='ocr_line' id='line_1_55' title="bbox 890 2411 1561 2456; baseline -0.006 -10"><span class='ocrx_word' id='word_1_304' title='bbox 890 2422 957 2446; x_wconf 89' lang='lat' dir='ltr'>tum</span> <span class='ocrx_word' id='word_1_305' title='bbox 984 2421 1086 2451; x_wconf 87' lang='lat' dir='ltr'>ornat,</span> <span class='ocrx_word' id='word_1_306' title='bbox 1109 2415 1184 2456; x_wconf 85' lang='lat' dir='ltr'>quia</span> <span class='ocrx_word' id='word_1_307' title='bbox 1210 2424 1295 2455; x_wconf 86' lang='lat' dir='ltr'>aqua</span> <span class='ocrx_word' id='word_1_308' title='bbox 1324 2411 1447 2444; x_wconf 84' lang='lat' dir='ltr'>tenuior</span> <span class='ocrx_word' id='word_1_309' title='bbox 1468 2417 1561 2443; x_wconf 80' lang='lat' dir='ltr'>terra.</span> 
     </span>
     <span class='ocr_line' id='line_1_56' title="bbox 890 2460 1562 2495; baseline -0.006 0"><span class='ocrx_word' id='word_1_310' title='bbox 890 2465 919 2495; x_wconf 94' lang='lat' dir='ltr'><strong>A</strong></span> <span class='ocrx_word' id='word_1_311' title='bbox 944 2475 1034 2495; x_wconf 84' lang='lat' dir='ltr'>sacra</span> <span class='ocrx_word' id='word_1_312' title='bbox 1054 2463 1184 2495; x_wconf 85' lang='lat' dir='ltr'>facturis</span> <span class='ocrx_word' id='word_1_313' title='bbox 1204 2462 1337 2493; x_wconf 83' lang='lat' dir='ltr'>ministri</span> <span class='ocrx_word' id='word_1_314' title='bbox 1356 2460 1562 2492; x_wconf 75' lang='lat' dir='ltr'>mittebantur</span> 
     </span>
     <span class='ocr_line' id='line_1_57' title="bbox 891 2511 1560 2556; baseline -0.007 -11"><span class='ocrx_word' id='word_1_315' title='bbox 891 2525 1019 2556; x_wconf 87' lang='lat' dir='ltr'>aquam,</span> <span class='ocrx_word' id='word_1_316' title='bbox 1033 2514 1066 2544; x_wconf 89' lang='lat' dir='ltr'>in</span> <span class='ocrx_word' id='word_1_317' title='bbox 1082 2512 1191 2555; x_wconf 86' lang='lat' dir='ltr'>primis</span> <span class='ocrx_word' id='word_1_318' title='bbox 1206 2515 1316 2547; x_wconf 83' lang='lat' dir='ltr'>vivam,</span> <span class='ocrx_word' id='word_1_319' title='bbox 1331 2511 1465 2554; x_wconf 88' lang='lat' dir='ltr'>petitum</span> <span class='ocrx_word' id='word_1_320' title='bbox 1481 2511 1560 2541; x_wconf 87' lang='lat' dir='ltr'>liba-</span> 
     </span>
     <span class='ocr_line' id='line_1_58' title="bbox 889 2561 1561 2602; baseline -0.007 -7"><span class='ocrx_word' id='word_1_321' title='bbox 889 2563 984 2595; x_wconf 82' lang='lat' dir='ltr'>tionis</span> <span class='ocrx_word' id='word_1_322' title='bbox 1000 2573 1118 2602; x_wconf 79' lang='lat' dir='ltr'>causa3</span> <span class='ocrx_word' id='word_1_323' title='bbox 1141 2564 1224 2594; x_wconf 87' lang='lat' dir='ltr'>Met.</span> <span class='ocrx_word' id='word_1_324' title='bbox 1239 2561 1284 2592; x_wconf 83' lang='lat' dir='ltr'>iii.</span> <span class='ocrx_word' id='word_1_325' title='bbox 1298 2562 1340 2592; x_wconf 84' lang='lat'>26</span> <span class='ocrx_word' id='word_1_326' title='bbox 1356 2571 1406 2602; x_wconf 88' lang='lat' dir='ltr'>sq.</span> <span class='ocrx_word' id='word_1_327' title='bbox 1434 2562 1561 2592; x_wconf 67' lang='lat' dir='ltr'>Aeriam</span> 
     </span>
     <span class='ocr_line' id='line_1_59' title="bbox 890 2616 1044 2650; baseline -0.006 -5"><span class='ocrx_word' id='word_1_328' title='bbox 890 2616 961 2650; x_wconf 80' lang='lat' dir='ltr'>iter,</span> <span class='ocrx_word' id='word_1_329' title='bbox 979 2624 1044 2645; x_wconf 85' lang='lat' dir='ltr'>aer.</span> 
     </span>
    </p>

    <p class='ocr_par' dir='ltr' id='par_1_17' title="bbox 891 2657 1562 2802">
     <span class='ocr_line' id='line_1_60' title="bbox 934 2657 1561 2702; baseline -0.011 -7"><span class='ocrx_word' id='word_1_330' title='bbox 934 2665 1012 2695; x_wconf 85' lang='lat'><strong>253.</strong></span> <span class='ocrx_word' id='word_1_331' title='bbox 1045 2663 1230 2694; x_wconf 83' lang='lat' dir='ltr'>Densissz&#39;ma</span> <span class='ocrx_word' id='word_1_332' title='bbox 1260 2663 1365 2702; x_wconf 82' lang='lat' dir='ltr'>pomis,</span> <span class='ocrx_word' id='word_1_333' title='bbox 1394 2657 1561 2690; x_wconf 87' lang='lat' dir='ltr'>abundans</span> 
     </span>
     <span class='ocr_line' id='line_1_61' title="bbox 891 2710 1560 2753; baseline -0.012 -8"><span class='ocrx_word' id='word_1_334' title='bbox 891 2714 1025 2745; x_wconf 85' lang='lat' dir='ltr'>ficubus.</span> <span class='ocrx_word' id='word_1_335' title='bbox 1071 2713 1180 2744; x_wconf 83' lang='lat' dir='ltr'>Adhuc</span> <span class='ocrx_word' id='word_1_336' title='bbox 1197 2711 1355 2753; x_wconf 84' lang='lat' dir='ltr'>conjunge</span> <span class='ocrx_word' id='word_1_337' title='bbox 1376 2719 1447 2740; x_wconf 86' lang='lat' dir='ltr'>cum</span> <span class='ocrx_word' id='word_1_338' title='bbox 1463 2710 1560 2738; x_wconf 78' lang='lat' dir='ltr'>duris.</span> 
     </span>
     <span class='ocr_line' id='line_1_62' title="bbox 892 2757 1562 2802; baseline -0.013 -6"><span class='ocrx_word' id='word_1_339' title='bbox 892 2764 945 2795; x_wconf 86' lang='lat' dir='ltr'>Ad</span> <span class='ocrx_word' id='word_1_340' title='bbox 961 2764 1100 2795; x_wconf 82' lang='lat' dir='ltr'>arborem</span> <span class='ocrx_word' id='word_1_341' title='bbox 1117 2761 1234 2797; x_wconf 86' lang='lat' dir='ltr'>retulit,</span> <span class='ocrx_word' id='word_1_342' title='bbox 1245 2760 1329 2802; x_wconf 88' lang='lat' dir='ltr'>quod</span> <span class='ocrx_word' id='word_1_343' title='bbox 1345 2764 1413 2789; x_wconf 83' lang='lat' dir='ltr'>erat</span> <span class='ocrx_word' id='word_1_344' title='bbox 1428 2757 1468 2788; x_wconf 86' lang='lat' dir='ltr'>ad</span> <span class='ocrx_word' id='word_1_345' title='bbox 1484 2757 1562 2788; x_wconf 84' lang='lat' dir='ltr'>ficus</span> 
     </span>
    </p>
   </div>
  </div>
 </body>
</html>
