1809 3220
178 155 265 198 128
563 155 614 197 Ρ.
646 153 867 198 OVIDII
902 154 1189 198 NASONIS

179 272 440 321 Extremis
466 272 650 320 dantur
675 271 934 320 connubia
959 273 1227 336 gentibus:
1259 280 1326 330 at,
1350 289 1466 338 quae
1511 276 1603 322 195

247 350 482 399 Romano
508 350 663 399 vellet
687 351 898 407 nubere,
927 351 1067 399 nulla
1091 350 1204 399 fuit.

177 428 410 487 Indolui;
441 429 762 494 patriamque
787 430 905 478 dedi
934 430 1044 486 tibi,
1076 429 1314 487 Romule,
1344 436 1601 479 mentem:

244 507 389 556 Tolle
411 524 607 572 preces,
636 508 774 557 dixi:
811 509 948 573 quod
977 508 1127 573 petis,
1157 523 1296 556 arma
1321 507 1535 556 dabunt.

177 585 331 634 Festa
355 601 479 650 para
505 586 708 634 Conso:
753 586 955 635 Consus
982 586 1074 634 tibi
1101 594 1287 634 caetera
1312 586 1466 643 dicet,

246 663 341 712 Illo
367 663 501 712 facta
525 664 607 712 die
631 680 789 728 quum
817 681 909 712 sua
933 681 1078 712 sacra
1104 672 1272 713 canet.
1505 667 1606 712 200

175 741 472 791 Intumuere
502 742 684 799 Cures,
706 750 758 791 et
779 759 909 807 quos
937 744 1079 791 dolor
1101 743 1270 807 attigit
1294 743 1430 792 idem
1453 760 1463 791 ε

243 820 375 869 Tum
401 822 620 887 primum
647 823 847 886 generis
874 823 1044 871 intulit
1069 839 1208 871 arma
1233 839 1393 871 socer.
1429 822 1600 886 [bant;

173 898 394 964 Jamque
428 900 532 949 fere
570 909 726 965 raptae
757 909 976 949 matrum
1004 917 1212 965 quoque
1236 917 1423 950 nomen
1447 900 1603 950 habe-

241 976 531 1043 'I'ractaque
557 987 702 1027 erant
728 980 881 1043 longa
906 980 1042 1029 bella
1066 981 1357 1045 propinqua
1381 995 1540 1028 mora.

175 1055 501 1105 Conveniunt
525 1065 696 1122 nuptae
723 1058 914 1107 dictam
934 1057 1152 1105 Junonis
1179 1058 1229 1106 in
1255 1058 1448 1116 aedem;
1499 1059 1602 1106 205

241 1132 382 1189 Quas
407 1134 536 1183 inter
561 1151 675 1184 mea
700 1136 773 1185 sic
801 1144 880 1185 est
906 1153 1062 1184 nurus
1085 1153 1199 1185 orsa
1219 1136 1360 1202 loqui
1381 1154 1392 1185 :

221 1244 292 1275 197.
320 1244 457 1275 Patr-iam
481 1253 622 1282 mentem,
641 1257 712 1288 qum
731 1246 793 1277 vim
818 1253 850 1277 et

172 1303 260 1325 arma
281 1301 419 1336 spectat.
469 1295 551 1326 Tolle
575 1307 688 1336 precox,
705 1303 739 1327 ut
764 1297 848 1328 Met.

172 1343 239 1374 xiii.
264 1345 339 1375 556.
366 1345 480 1376 “tolle
508 1356 611 1376 moras
626 1346 655 1384 ;''
685 1346 798 1377 Horat.
823 1346 849 1376 Ι.

171 1392 276 1435 Epist.
294 1393 349 1425 xii.
365 1394 398 1424 3.
413 1399 432 1411 “
451 1394 527 1426 tolle
545 1396 729 1437 querelas.''
770 1397 848 1427 Con-

170 1453 232 1479 sus,
248 1453 362 1474 nomen
375 1444 517 1486 Neptuni
535 1445 692 1487 equestris
706 1457 713 1483 3
732 1445 850 1483 Livius,

171 1491 192 1522 i.
211 1493 243 1523 9.
280 1493 463 1524 Secundum
493 1493 632 1535 Dionys.
655 1495 678 1525 i.
704 1496 759 1526 33.
783 1496 850 1537 jam

173 1541 317 1573 Arcades
351 1542 384 1573 in
421 1543 516 1574 Italia
548 1544 699 1587 Neptuno
732 1545 851 1588 Hippio

170 1592 327 1633 templum
364 1600 600 1630 consecrarunt,
631 1594 779 1637 diemque
822 1596 850 1626 ci

170 1650 295 1672 sacrum
335 1641 547 1684 Hippocratis.
584 1643 743 1680 dixerunt,
785 1644 849 1676 Ro-

170 1690 256 1722 mani
273 1696 378 1722 autem
395 1692 575 1731 consualia;
597 1692 680 1724 unde
697 1700 766 1736 post
783 1694 849 1726 ludi

170 1739 340 1771 circenses.
380 1741 431 1772 Cf.
446 1741 530 1772 idem
548 1742 580 1773 ii.
598 1743 633 1773 31
653 1755 660 1780 ·,
680 1743 846 1775 Plutarch.

170 1789 265 1820 Rom.
281 1788 345 1820 xiv.
370 1790 577 1822 Illo—canet.
600 1791 653 1823 Sic
671 1792 738 1823 haec
752 1794 848 1825 verba

169 1838 256 1870 edidi
280 1850 297 1870 e
324 1840 461 1883 conject.
484 1842 625 1873 Gronov.
649 1842 728 1874 Obs.
745 1843 776 1875 ii.
793 1845 847 1876 2Ι.

168 1889 406 1931 probat-“tetiam
419 1891 564 1922 Heinsio.
600 1892 670 1923 Hoc
686 1893 769 1924 enim
787 1894 846 1926 sibi

168 1938 238 1970 vult
253 1940 360 1971 Mars:
386 1940 465 1982 quid
482 1941 537 1972 illo
553 1941 604 1973 die
622 1942 702 1974 sesto
725 1944 846 1976 sactum

167 1989 219 2025 sit,
231 1989 300 2031 jam
315 1989 387 2026 tibi,
403 1991 503 2027 Naso,
521 2003 582 2023 non
599 1993 732 2024 narrabo
746 2006 754 2032 ;
779 1994 846 2037 ipse

168 2038 294 2070 Consus
326 2039 423 2076 dicet,
454 2040 508 2071 ubi
547 2041 628 2074 libro
663 2043 765 2085 operis
801 2045 845 2076 tui

167 2094 292 2126 octavo,
308 2099 416 2121 mense
437 2091 554 2128 sextili,
573 2101 592 2122 a
615 2097 646 2123 te
668 2092 845 2132 invocatus,

167 2148 258 2170 sacra
288 2149 346 2170 sua
376 2139 433 2171 tibi
464 2140 590 2172 referet.
650 2142 702 2174 Sic
739 2144 846 2176 omnia

166 2188 276 2231 plana.
305 2189 413 2231 Vulgo
427 2203 433 2220 :
462 2190 624 2233 Ipsofesta
639 2194 688 2224 die
703 2195 776 2225 dum
789 2206 845 2226 sua

167 2249 254 2269 sacra
270 2250 370 2271 canes.
408 2240 564 2282 Sedfesta
582 2253 669 2273 sacra
687 2254 748 2275 non
763 2244 845 2277 bene

166 2287 328 2326 dicuntur,
345 2300 450 2332 neque
471 2292 532 2331 ipso
547 2291 657 2328 habet,
673 2304 737 2335 quo
758 2304 843 2326 com-

166 2338 259 2370 mode
281 2339 447 2371 referatur.
492 2341 591 2372 Multi
619 2344 672 2373 illo
692 2350 747 2374 aut
772 2346 842 2376 illa.

209 2388 289 2419 201.
312 2388 417 2425 Cures,
438 2389 560 2426 Sabini,
584 2402 719 2433 quorum
742 2394 845 2425 omnis

165 2437 338 2469 multitudo
363 2449 436 2470 cum
461 2440 569 2472 liberis
595 2451 633 2473 ac
657 2443 845 2485 conjugibus

166 2487 272 2528 venit;
296 2487 368 2520 Liv.
418 2490 500 2525 Quos
521 2492 619 2528 dolor,
636 2499 698 2524 etc.
737 2494 842 2526 Caeni-

165 2549 289 2575 nenses,
300 2539 508 2577 Crustumini,
520 2542 744 2574 Antemnates.
762 2544 843 2576 Ver-

164 2589 213 2620 bis
229 2594 294 2620 tum
308 2591 454 2629 primum,
473 2597 536 2622 etc.
577 2591 699 2623 Douzae
718 2593 844 2626 videtur

165 2644 260 2681 poeta
271 2638 507 2672 dissimulanter
518 2641 687 2683 sugillasse
702 2643 782 2674 belli
798 2644 844 2675 ci-

165 2688 238 2720 vilis
252 2694 409 2726 auctores,
427 2689 614 2733 Pompeium
631 2697 663 2723 et
679 2692 843 2725 Caesarem

164 2739 286 2771 affines.
331 2739 485 2782 Impietas
500 2740 587 2773 illius
602 2742 677 2775 belli
693 2742 737 2775 sic
755 2750 843 2776 nota-

920 1251 970 1276 tur
995 1245 1090 1277 etiam
1114 1257 1132 1277 a
1157 1246 1225 1278 Liv.
1251 1245 1271 1276 i.
1296 1246 1348 1277 13.
1373 1245 1426 1277 ubi
1455 1244 1604 1277 mulieres

919 1303 1024 1331 orant,
1049 1302 1068 1313 ¹·
1089 1307 1127 1327 ne
1149 1307 1183 1327 se
1208 1295 1365 1338 sanguine
1391 1294 1532 1327 nefando
1555 1305 1604 1326 so—

920 1344 982 1376 ceri
1000 1345 1174 1387 generique
1193 1343 1417 1387 respergant.'¹

964 1396 1040 1426 203.
1059 1395 1197 1426 Mutrum
1214 1395 1349 1436 nomem]
1366 1395 1492 1438 Nempe
1505 1393 1602 1426 trien-

922 1444 1008 1476 nium
1028 1453 1177 1477 exactum
1202 1452 1269 1477 erat
1287 1446 1327 1477 ab
1347 1445 1438 1477 initio
1455 1444 1532 1477 belli
1549 1456 1600 1477 us·

921 1506 983 1537 que
1015 1495 1053 1526 ad
1085 1495 1221 1527 reditum
1252 1495 1284 1527 in
1314 1494 1462 1537 gratiam.
1511 1495 1603 1527 Mora

920 1545 1023 1576 scilic.
1057 1545 1246 1577 Sabinorum
1261 1557 1267 1575 ε
1287 1550 1309 1563 ··
1324 1546 1419 1577 Mora
1435 1543 1517 1576 trahi
1531 1544 1602 1577 bel-

919 1595 1009 1626 lum''
1027 1595 1144 1626 dicitur
1158 1595 1254 1626 etiam
1268 1595 1358 1626 Livio
1374 1595 1418 1626 ix.
1434 1595 1490 1626 27.
1524 1595 1601 1627 Dic-

921 1653 993 1682 tum,
1008 1645 1227 1676 constitutam.
1266 1645 1374 1676 Nurus
1391 1644 1505 1676 Martis
1519 1645 1602 1677 Her-

918 1697 1000 1732 silia,
1019 1707 1115 1738 quam
1136 1701 1168 1726 et
1190 1695 1303 1738 ipsam,
1321 1702 1485 1738 tamquam
1502 1695 1599 1739 virgi-

919 1757 1003 1783 nem,
1020 1757 1117 1789 quum
1145 1753 1244 1789 nupta
1267 1753 1362 1782 esset,
1383 1752 1507 1788 raptam
1531 1756 1600 1778 esse

916 1797 1060 1828 nonnulli
1082 1796 1292 1828 tradiderant.
1328 1795 1464 1838 Dionys.
1488 1795 1522 1827 ii.
1545 1797 1599 1828 45.

916 1847 970 1889 qui
996 1846 1135 1890 proxime
1161 1846 1201 1877 ad
1224 1856 1333 1878 verum
1357 1845 1484 1878 videtur
1506 1856 1600 1878 acce·

915 1897 1003 1934 dere,
1020 1896 1193 1928 Hersiliam
1206 1907 1280 1928 cum
1297 1896 1363 1928 filia
1378 1901 1471 1940 rapta
1485 1902 1598 1939 sponte

914 1947 947 1977 in
974 1947 1051 1978 urbe
1079 1946 1242 1978 mansisse.
1289 1946 1322 1978 Is
1351 1956 1480 1989 quoque
1512 1946 1596 1979 hauc

914 1997 1083 2029 mulierum
1099 1996 1285 2028 concionem
1308 2002 1340 2028 et
1357 1996 1504 2028 Hersiliae
1520 2007 1598 2029 con-

915 2046 1022 2078 silium
1053 2046 1171 2084 refert3
1207 2046 1286 2088 quin
1315 2045 1418 2083 addit,
1448 2046 1598 2079 eamdem

915 2095 1044 2128 duxisse
1069 2096 1238 2128 mulierum
1268 2097 1394 2128 turbam
1419 2097 1452 2128 in
1476 2103 1596 2135 castra,

915 2152 947 2177 et
970 2145 1014 2177 ibi
1039 2157 1168 2188 quoque
1185 2146 1282 2178 verba
1306 2146 1430 2179 fecisse.
1468 2146 1508 2178 In
1527 2147 1597 2179 An·

915 2196 1105 2227 temnatium
1130 2206 1229 2228 causa
1253 2196 1323 2228 Liv.
1339 2196 1360 2228 i.
1380 2197 1430 2228 11.
1444 2197 1473 2229 ei
1489 2203 1598 2239 partes

914 2245 1072 2287 quasdam
1087 2245 1153 2277 dat.
1206 2247 1370 2279 Commune
1384 2247 1454 2278 scil.
1470 2257 1597 2280 nomen.

916 2294 1014 2326 Lente
1027 2297 1095 2335 piae,
1111 2306 1192 2338 quas
1206 2296 1311 2338 pietas
1326 2306 1421 2339 aequa
1439 2296 1473 2327 in
1488 2302 1598 2340 patres

913 2350 946 2376 et
961 2344 994 2375 in
1010 2345 1138 2377 maritos
1155 2345 1269 2388 frigide
1284 2345 1396 2379 sedere
1413 2346 1520 2389 jubet,
1536 2357 1596 2380 nec

914 2394 1092 2438 quidquam
1123 2396 1226 2428 moliri
1263 2397 1395 2441 patitur.
1447 2397 1595 2433 Queren-

913 2447 1000 2482 dum,
1021 2451 1084 2478 etc.
1130 2446 1183 2478 Sic
1203 2453 1236 2479 et
1260 2448 1346 2490 apud
1370 2447 1498 2480 Livium
1524 2459 1597 2481 mu-

914 2495 1028 2527 lieres:
1070 2500 1092 2513 “
1118 2496 1241 2530 Melius
1278 2498 1466 2541 peribimus,
1495 2509 1595 2541 quam

913 2545 981 2576 sine
1005 2545 1113 2577 alteris
1128 2553 1269 2578 vestrum
1284 2547 1402 2585 viduae,
1430 2554 1486 2580 aut
1508 2548 1594 2580 orbae

914 2593 1095 2626 vivemus.'’
1135 2596 1306 2628 Consilium
1321 2597 1427 2640 ipsum
1447 2607 1511 2629 non
1527 2607 1595 2630 me-

913 2641 1064 2682 moratur,
1079 2644 1137 2676 sed
1152 2645 1250 2688 quale
1272 2646 1378 2684 suerit,
1388 2647 1458 2690 jam
1479 2657 1497 2679 e
1522 2657 1593 2691 sqq.

915 2700 1058 2736 apparet.
1104 2695 1257 2729 Similiter
1271 2697 1442 2740 Virgilius,
1460 2697 1597 2730 AEneid.

914 2743 938 2774 i.
955 2743 998 2774 50
1014 2754 1086 2787 sqq.
