1830 3220
260 193 316 232 16
640 190 690 230 P.
727 188 943 231 OVIDII
982 188 1264 230 NASONIS

257 307 391 362 Quid
417 307 524 354 vult
548 306 717 370 palma
741 305 837 352 sibi
863 321 1150 369 rugosaque
1176 305 1357 360 carica,
1385 304 1510 361 dixi,
1573 307 1666 352 180

1640 305 1664 330 l.

324 385 390 432 Et
415 384 534 432 data
559 384 652 431 sub
678 382 823 430 niveo
849 383 1068 430 eandida
1092 383 1245 430 mella
1269 382 1432 430 cado?

256 464 439 519 Omen,
468 463 554 520 ait,
583 478 738 509 causa
762 469 856 517 est,
884 469 942 509 ut
966 478 1046 509 res
1074 477 1223 525 sapor
1248 460 1331 508 ille
1358 466 1619 523 sequatur,

321 540 387 588 Et
411 547 621 605 peragat
647 547 873 605 coeptum
899 540 1062 587 duleis
1088 546 1146 587 ut
1170 554 1332 586 annus
1360 537 1470 585 iter.

252 618 439 667 Dulcia
464 635 552 666 cur
577 618 777 674 dentur,
804 618 979 666 video:
1027 616 1172 682 stipis
1199 617 1363 679 adjice
1389 630 1613 672 causam,

318 695 445 743 Pars
472 695 593 742 mihi
620 695 684 743 de
710 694 842 743 festo
872 712 935 743 ne
960 694 1098 743 labet
1124 695 1225 742 ulla
1249 700 1355 741 tuo.

250 820 472 852 Frankenstein
495 820 527 851 in
550 820 645 862 Disp.
663 820 703 850 de
727 830 807 850 novo
831 830 925 856 anno,

249 880 323 913 cap.
343 872 373 902 4.
420 871 537 902 Eamm
556 870 710 911 originem
733 869 774 900 ad
796 870 924 900 Tatium

248 929 355 960 regem
370 919 465 950 refert
480 919 662 961 Symmacb.
686 919 812 956 Paucis,
824 929 927 961 pauca

250 967 386 1005 locutus,
421 968 562 1010 praetulit
596 967 748 999 Heinsius
787 979 825 999 ex
863 979 926 1000 uno

249 1019 409 1050 Mazarin.
437 1029 510 1049 nam
534 1018 648 1060 reliqui
673 1018 791 1049 habent
814 1018 928 1050 Janus.

248 1068 290 1100 In
311 1068 424 1099 strenis
446 1073 536 1099 erant
553 1074 703 1109 caryotae,
718 1069 826 1108 palmo*
843 1069 925 1099 fruc-

249 1123 311 1154 tus,
325 1128 400 1148 auro
412 1117 539 1156 oblitae3
555 1117 728 1153 Martialis,
739 1117 805 1149 xiii.
817 1118 926 1160 Epigr.

253 1168 314 1206 27;
330 1167 397 1198 viii.
414 1169 466 1198 33.
484 1171 505 1184 “
522 1167 593 1198 Hoc
609 1167 718 1198 linitur
734 1167 833 1209 Sputo
848 1167 924 1199 Jani

247 1222 382 1258 caryota
417 1216 586 1253 Kalendis,
612 1217 717 1253 Quam
754 1217 815 1248 fert
852 1228 925 1248 cum

249 1277 350 1309 parvo
374 1266 517 1297 sordidus
541 1277 609 1298 asse
628 1266 762 1298 cliens.''
811 1267 925 1305 Cadus,

249 1327 317 1353 vas,
334 1315 428 1346 variis
450 1316 544 1346 rebus
566 1315 754 1358 recipiendis
774 1317 924 1354 serviens,

249 1364 345 1397 etiam
362 1365 459 1396 melli.
499 1366 670 1402 Martialis,
688 1365 709 1397 i.
726 1367 756 1396 4.
776 1372 795 1383 ‘¹
811 1366 924 1398 Flava—

249 1425 313 1456 que
337 1415 377 1446 de
401 1416 494 1446 rubro
517 1426 657 1457 promere
682 1416 778 1447 mella
805 1417 924 1447 cado.''

249 1464 312 1494 Sed
336 1464 369 1495 in
392 1464 505 1495 strenis
528 1466 631 1495 niveus
655 1465 767 1502 cadus,
791 1467 925 1497 candida

248 1513 356 1549 mella,
379 1525 450 1555 quae
479 1513 612 1556 optima.
663 1514 705 1545 Ut
726 1526 782 1552 res,
805 1522 868 1546 ete.
889 1521 925 1547 ut

248 1573 306 1599 res,
324 1574 394 1604 quae
416 1574 471 1604 per
493 1574 611 1594 annum
635 1564 796 1601 eveniunt,
814 1565 924 1597 dulces

246 1613 321 1650 sint,
340 1613 609 1655 quemadmodum
634 1614 731 1645 mella
755 1621 829 1646 sunt
851 1615 923 1647 dul-

247 1672 313 1693 ma.

296 1713 368 1743 189.
404 1712 455 1743 De
482 1714 557 1752 stipe
588 1715 669 1743 inter
699 1720 816 1745 strenas
849 1716 924 1746 data

247 1761 402 1792 nonnulla
418 1761 516 1792 habet
532 1762 670 1803 Neapol.
694 1763 761 1804 Ipsi
779 1764 923 1795 Caesares

246 1811 345 1842 talem
368 1811 482 1853 stipem
502 1812 719 1853 accipiebant3
744 1819 776 1843 et
796 1820 924 1845 exstant

247 1861 354 1903 plures
377 1860 608 1902 inscriptiones,
625 1860 743 1903 quibus
757 1862 923 1904 Augustus

247 1916 487 1941 monumentum
505 1921 544 1941 ex
561 1911 653 1951 stipe,
671 1920 768 1953 quam
788 1912 867 1954 Pop.
880 1913 923 1944 R.

247 1959 277 1991 ei
303 1960 380 1990 Kal.
397 1960 471 1990 Jan.
489 1960 669 1997 contulerit,
687 1961 827 2002 posuisse
852 1973 922 1993 nar-

248 2014 345 2040 ratur.
392 2008 470 2040 vid.
488 2009 617 2040 sueton.
633 2010 720 2051 Aug.
736 2012 776 2042 91
792 2023 800 2050 ;
817 2012 922 2054 Calig.

249 2059 303 2088 42.
319 2064 350 2088 et
374 2068 444 2099 quae
470 2058 579 2089 Ursin.
597 2058 635 2090 ad
661 2059 794 2101 priorem
818 2061 922 2092 locum

247 2106 348 2138 dedit.
382 2107 514 2143 Labant,
531 2118 602 2149 quae
620 2107 742 2139 incerta
757 2109 923 2141 fluctuant.

252 2156 319 2187 Tua
344 2157 464 2191 saecula,
489 2167 589 2188 mores
612 2157 733 2200 publici
760 2159 922 2191 hominum

249 2205 296 2236 tui
327 2206 400 2237 aevi.
445 2206 586 2243 Tacitus,
613 2208 699 2238 Mor.
732 2210 843 2240 Germ.
874 2211 923 2241 19.

247 2260 268 2272 “
285 2256 370 2291 Nec,
383 2266 581 2298 corrumpere
598 2262 629 2287 et
641 2258 810 2300 corrumpi,
823 2269 922 2290 saecu-

248 2305 316 2336 lum
334 2305 496 2336 vocatur.”
542 2306 591 2336 Ex
616 2306 754 2338 moribus
774 2307 842 2350 jam
866 2308 922 2340 ha-

247 2354 346 2385 bendi
359 2353 541 2396 cupidinem
557 2355 752 2398 perstringit.
779 2357 923 2394 Fallunt,

247 2403 359 2434 latent.
409 2403 464 2433 Via·
488 2414 552 2445 ego,
569 2409 632 2435 etc.
678 2404 783 2436 Aliter
806 2407 924 2438 Noster

248 2453 315 2483 ΙΙΙ.
333 2453 445 2483 Amor.
463 2453 529 2484 viii.
545 2455 599 2485 35.
618 2458 637 2471 ‘¹
652 2454 697 2485 At
713 2466 812 2497 quum
827 2467 924 2498 regna

248 2512 345 2533 senex
371 2501 446 2534 coeli
472 2503 626 2534 Saturnus
648 2503 792 2541 haberet,
820 2506 924 2538 Omne

248 2551 372 2583 lucrum
401 2552 539 2583 tenebris
572 2553 639 2583 alta
673 2555 835 2595 premebat
862 2555 920 2587 hu-

249 2601 352 2632 mus.''
368 2601 430 2633 Sed
443 2602 501 2634 hoc
513 2602 583 2634 loco
592 2603 612 2634 J
615 2613 695 2634 anus
708 2615 803 2646 prope
813 2605 921 2646 jocose

247 2662 314 2682 rem
343 2662 454 2693 urgere
484 2652 564 2684 vult.
613 2653 664 2684 De
692 2665 762 2685 casa
791 2654 920 2686 Romuli

248 2700 340 2742 plura
359 2701 444 2743 apud
460 2702 614 2740 Veteres;
637 2703 759 2735 Seneca
777 2703 817 2735 de
836 2704 919 2735 Con-

246 2751 303 2781 sol.
315 2751 346 2781 9.
362 2761 393 2793 p.
410 2761 453 2782 m.
467 2752 520 2782 84.
533 2755 554 2769 ‘⁴
574 2753 634 2784 Nae
649 2758 683 2784 tu
699 2753 806 2796 pusilli
823 2754 919 2785 animi

1576 694 1671 740 190

996 830 1040 856 es,
1054 819 1078 850 si
1094 818 1125 850 id
1143 818 1214 849 ideo
1230 818 1352 849 fortiter
1367 817 1494 860 pateris,
1511 816 1589 859 quia
1603 816 1671 848 Ro-

995 870 1074 900 muli
1099 879 1207 900 casam
1233 868 1351 899 nosti.’'
1392 866 1541 910 Dionysii
1564 866 1670 898 adhuc

995 925 1092 951 aetate
1105 919 1215 950 casula
1229 918 1478 953 sustentabatur,
1494 927 1589 960 quam
1603 916 1670 948 Ro.-

995 968 1100 999 mulus
1113 975 1144 999 et
1155 968 1276 999 Remus
1291 973 1484 998 struxerant.
1510 965 1671 998 Archaeol.

998 1019 1025 1049 I.
1052 1018 1153 1049 lxxvi.
1181 1030 1215 1060 p.
1241 1019 1318 1049 205.
1344 1017 1422 1048 edit.
1451 1017 1563 1049 Reisk.
1608 1015 1671 1048 Sed

999 1078 1082 1099 nunc
1099 1067 1306 1109 intelligenda
1321 1077 1370 1103 ea,
1386 1076 1483 1108 quam
1500 1065 1672 1103 Romulus,

995 1117 1123 1148 condita
1135 1118 1202 1159 jam
1222 1117 1313 1153 urbe,
1330 1116 1532 1148 inhabitabat
1550 1127 1622 1158 quae
1639 1121 1672 1147 et

994 1167 1038 1198 iii.
1069 1169 1140 1199 183.
1169 1172 1484 1209 seq.·memoratur;
1519 1166 1670 1198 Valerius

993 1218 1087 1248 Max.
1104 1217 1146 1248 iv.
1159 1218 1189 1248 4.
1206 1222 1226 1234 “
1243 1217 1302 1248 Per
1320 1216 1451 1248 Romuli
1467 1226 1588 1252 casam,
1598 1227 1668 1258 per·

995 1278 1056 1310 que
1080 1267 1194 1298 veteris
1219 1266 1370 1309 Capitolii
1392 1265 1526 1298 humilia
1545 1265 1669 1298 tecta.''

993 1318 1096 1359 Leges
1124 1323 1192 1348 tum
1226 1328 1289 1349 non
1324 1316 1473 1348 sinebant
1506 1315 1669 1347 fortuitum

993 1379 1140 1410 spernere
1153 1367 1324 1410 cespitem3
1343 1366 1495 1398 Horatius
1507 1366 1541 1397 d.
1557 1366 1581 1397 l.
1608 1366 1669 1397 Ca·

989 1419 1100 1458 piebat,
1125 1417 1203 1449 satis
1225 1417 1332 1460 ampla
1355 1422 1424 1448 erat
1447 1416 1488 1448 ad
1511 1416 1667 1459 recipien-

993 1468 1069 1499 dum
1094 1468 1281 1499 Romulum.
1328 1467 1522 1510 Martigena,
1538 1471 1574 1498 ut
1595 1468 1670 1498 dra-

993 1519 1151 1560 conigena,
1180 1519 1332 1560 aurigena
1365 1522 1398 1548 et
1430 1516 1547 1548 similia
1582 1516 1668 1559 apud

993 1568 1159 1598 Nostrum.
1205 1567 1254 1597 Ex
1277 1568 1358 1598 ulvis·
1369 1567 1543 1608 fluminum
1565 1565 1668 1598 facere

992 1622 1076 1648 toros
1090 1616 1166 1647 olim
1181 1627 1338 1659 pauperes
1356 1616 1513 1653 solebant,
1528 1617 1666 1648 Metam.

992 1667 1058 1698 viii.
1085 1667 1162 1698 655.
1194 1673 1227 1698 ut
1257 1666 1502 1698 Lacedaemones
1530 1665 1565 1697 ἐκ
1598 1678 1668 1699 στι-

991 1715 1120 1756 βάδων.
1167 1715 1274 1747 Serius
1307 1715 1340 1747 in
1372 1715 1499 1747 culcitis
1531 1715 1669 1758 plumeis

992 1765 1155 1796 malebant
1166 1765 1292 1796 mollius
1307 1765 1514 1807 requiescere.
1538 1765 1667 1802 Confer,

992 1814 1037 1846 iii.
1057 1816 1117 1846 184
1133 1826 1182 1857 sq.
1205 1815 1332 1855 Jupiter
1346 1822 1493 1857 angusta,
1509 1821 1572 1847 etc.
1602 1816 1666 1848 Pu-

992 1870 1061 1896 tant
1082 1865 1218 1907 intelligi
1233 1865 1324 1897 Jovis
1346 1865 1477 1896 Feretrii
1499 1865 1667 1908 templum,

991 1915 1083 1957 cujus
1098 1914 1263 1956 longitudo
1279 1914 1330 1945 vix
1348 1913 1533 1956 quindecim
1549 1914 1668 1956 pedum

990 1969 1069 2000 erat,
1102 1963 1279 1995 secundum
1317 1963 1522 2005 Dionysium,
1549 1963 1585 1994 ii.
1609 1965 1666 1995 34.

991 2013 1101 2045 Potius
1129 2013 1257 2045 omnino
1287 2013 1346 2044 hoc
1371 2013 1461 2044 vult:
1492 2012 1666 2044 admodum

991 2063 1127 2095 humilia
1141 2069 1174 2095 et
1185 2069 1319 2105 angusta
1337 2063 1413 2094 olim
1428 2068 1520 2095 erant
1536 2064 1668 2106 templa.

995 2114 1051 2145 Via:
1074 2115 1184 2150 stabat,
1199 2113 1225 2145 si
1249 2124 1313 2145 non
1336 2113 1450 2144 sedens
1473 2113 1506 2144 in
1528 2113 1668 2156 templis,

991 2163 1047 2194 sed
1069 2169 1157 2194 stans
1173 2163 1296 2194 effictus
1320 2169 1412 2199 esset,
1429 2162 1482 2194 vix
1505 2167 1589 2194 stare
1612 2173 1667 2205 po-

992 2213 1118 2244 tuisset.
1166 2212 1250 2244 Vide
1274 2213 1384 2243 Burm.
1408 2211 1441 2243 in
1463 2212 1544 2244 Jove
1574 2213 1667 2255 Fulg.

992 2273 1063 2306 cap.
1080 2264 1131 2294 14.
1162 2262 1419 2304 Fictilefulmen.
1448 2262 1536 2301 Quin
1550 2267 1666 2295 statuae

992 2316 1060 2342 tum
1088 2317 1162 2342 totae
1191 2311 1278 2342 fuere
1306 2311 1440 2351 fictiles;
1473 2311 1558 2343 Plin.
1582 2312 1668 2344 Hist.

992 2361 1072 2392 Nat.
1090 2362 1155 2397 35;
1179 2361 1338 2397 Tibullus,
1363 2362 1392 2393 I.
1415 2373 1446 2393 x.
1465 2363 1517 2394 10.
1542 2362 1667 2394 “Tunc

993 2410 1106 2441 melius
1129 2415 1258 2442 tenuere
1280 2410 1388 2447 fidem,
1404 2421 1504 2453 quum
1527 2422 1667 2454 paupere

993 2460 1082 2490 cultu
1107 2460 1220 2491 Stabat
1242 2459 1275 2490 in
1299 2459 1416 2502 exigua
1444 2460 1570 2503 ligneus
1596 2460 1666 2492 aede

993 2509 1121 2540 Deus.‘’
1168 2509 1264 2541 Adde
1288 2510 1502 2553 Propertium,
1520 2511 1582 2542 IV.
1597 2510 1619 2542 i.
1634 2512 1666 2542 5.

992 2558 1134 2590 Gemmis.
1180 2559 1345 2601 Augustus
1365 2570 1429 2591 una
1444 2559 1617 2591 donatione
1632 2560 1665 2591 in

990 2608 1104 2639 cellam
1117 2609 1137 2640 J
1141 2608 1207 2639 ovis
1219 2609 1393 2651 Capitolini
1409 2608 1549 2640 sedecim
1564 2609 1666 2641 millia

989 2657 1095 2699 pondo
1109 2658 1189 2694 auri,
1204 2669 1410 2701 gemmasque
1423 2669 1461 2690 ac
1477 2659 1666 2701 margaritas

990 2707 1193 2748 quingenties
1218 2709 1283 2739 HS.
1301 2709 1459 2748 contulit;
1481 2708 1663 2746 Suetonius,

989 2757 1077 2797 Aug.
1092 2757 1147 2787 30.
