1830 3220
580 196 1174 240 PRAEFATIUNCULA.
1507 199 1594 241 415

163 315 416 356 monstravit
433 313 710 365 Torrentius,
729 315 785 356 ad
804 314 961 356 Horat.
986 314 1144 365 locum,
1163 314 1240 356 sed
1262 314 1368 356 nihil
1389 315 1590 365 adduxit,

160 383 278 426 unde
319 390 488 426 constet
526 384 749 438 scripsisse
791 398 889 425 eum
929 384 1270 425 Consolationem
1305 385 1366 425 acl
1391 383 1561 425 Liviam
1576 401 1591 424 .-

163 453 416 508 conspirant
438 466 540 493 vero
561 451 712 502 multa,
736 467 836 507 quae
859 453 1022 494 Ovidio
1042 452 1279 508 legitimam
1302 453 1545 495 restituant.

223 521 271 562 Si
300 528 499 576 tempora
531 528 794 576 spectemus,
827 521 985 563 occidit
1018 521 1207 570 Drusus,
1238 521 1281 562 in
1318 522 1483 577 eam-pis
1513 537 1593 564 αρε-

161 591 275 640 tivis,
306 605 358 632 eo
391 591 487 645 ipso
521 604 650 639 anno,
682 604 768 645 quo
801 590 845 630 in
881 589 1058 631 exilium
1091 590 1243 645 pulsus
1276 590 1415 640 Naso,
1448 590 1592 633 Roma

163 659 406 715 emigravit,
433 674 579 700 mense
610 658 868 708 Novembri,
894 672 933 699 Α.
961 673 1003 699 Ι).
1030 660 1088 699 ix.
1153 658 1267 700 Tam
1299 666 1592 715 opportunam

162 729 297 784 igitur
334 736 508 770 nactum
545 727 815 769 occasionem
852 727 1058 769 flectendi
1093 727 1295 777 Caesaris,
1328 736 1372 769 ct
1406 728 1590 779 Liviam,

163 797 483 853 Tiberiumque
514 798 595 838 sibi
626 796 901 847 conciliandi,
930 799 1026 853 quis
1056 798 1208 839 credat
1237 812 1325 838 non
1356 798 1592 853 arripuisse

162 866 563 922 promptissimum?
628 866 718 907 Sed
763 867 926 908 cavisse
976 865 1100 907 simul
1145 865 1372 922 probabile
1415 873 1496 917 est,
1539 882 1592 909 ne

163 951 267 977 suus
298 936 382 990 ipsi
413 942 568 977 auctor
598 935 814 991 Epistolae
846 944 1048 986 noceret3
1082 936 1270 991 ideoque
1303 937 1474 978 nomine
1506 951 1593 978 non

165 1019 244 1046 suo
275 1004 462 1060 primum
499 1004 714 1054 emisisse;
759 1005 1025 1060 tacitumque
1060 1013 1331 1061 expectasse,
1366 1006 1463 1060 quis
1498 1021 1594 1047 eam

165 1088 391 1115 successus
422 1073 542 1128 apud
564 1072 819 1129 Augustum
843 1075 1092 1129 exciperet3
1127 1089 1206 1116 nec
1232 1075 1312 1116 sibi
1336 1089 1528 1130 unquam
1549 1075 1593 1115 in

165 1149 388 1197 posterum
410 1157 520 1198 opus
543 1142 800 1193 vindicasse,
824 1144 943 1198 quod
966 1143 1194 1184 infeliciter
1216 1144 1327 1184 adeo
1349 1145 1560 1186 cessisset.

224 1211 272 1252 Si
309 1226 412 1253 vero
449 1211 505 1252 ad
541 1226 652 1267 opus
688 1212 831 1267 ipsum
867 1213 1129 1267 respexeris,
1164 1211 1272 1253 nihil
1309 1213 1399 1254 fere
1436 1214 1594 1270 depre-

163 1280 349 1330 hendaS,
384 1281 502 1336 quod
543 1295 630 1322 non
668 1280 890 1331 Ovidium,
929 1289 972 1322 et
1012 1296 1188 1322 auream
1223 1281 1394 1323 Latinae
1430 1282 1594 1339 linguae

163 1356 336 1392 aetatem
356 1348 534 1399 referat,
554 1364 689 1390 unum
711 1350 745 1391 si
767 1349 892 1391 tollas
915 1349 1151 1391 alterumve
1172 1349 1331 1399 locum,
1350 1357 1594 1406 temporum

163 1419 323 1474 injuria
356 1417 584 1460 manifeste
612 1418 912 1473 depravatum.
977 1418 1076 1460 Nec
1110 1418 1236 1461 aliter
1267 1420 1469 1461 videntur
1500 1436 1596 1462 sen-

165 1487 272 1529 sisse
314 1487 443 1543 primi
486 1502 668 1543 operum
712 1489 806 1543 ejus
851 1488 1056 1538 editores,
1095 1489 1169 1544 qui
1208 1504 1342 1545 quum
1387 1505 1410 1531 e
1453 1490 1591 1532 MSS.

163 1556 363 1612 proxime
400 1556 713 1607 exscriberent,
753 1556 914 1598 Ovidio
955 1565 1206 1599 constanter
1244 1557 1445 1614 Elegiam
1480 1559 1593 1601 hanc

166 1625 454 1667 donaverunt.
520 1625 750 1669 Donemus
775 1627 908 1682 igitur
933 1635 977 1668 et
1001 1642 1079 1668 nos
1100 1642 1292 1682 quoque,
1317 1628 1457 1670 donec
1482 1630 1596 1684 ejus-

164 1695 282 1736 modi
300 1702 568 1750 consurgant
589 1703 861 1751 argumenta,
880 1710 978 1752 quae
1000 1695 1162 1737 nodum
1184 1695 1426 1746 exsolvant,
1447 1698 1594 1753 sicque

163 1779 325 1806 novum
351 1772 542 1819 poetam,
565 1771 608 1806 et
629 1765 856 1821 egregium
877 1766 1068 1821 quidem,
1092 1765 1285 1821 Augusti
1311 1765 1470 1808 saeculo
1494 1782 1596 1808 con-

164 1832 458 1889 gratulentur.

225 1902 423 1957 Dignum
444 1910 539 1944 erat
559 1904 759 1958 profecto
780 1903 866 1945 tale
888 1919 1076 1954 carmen,
1095 1905 1215 1960 quod
1231 1912 1332 1960 post
1350 1904 1593 1960 Micyllum‚

164 1970 451 2028 Scaligerum,
475 1979 519 2013 et
541 1971 662 2022 alios,
686 1971 859 2014 Heinsii
881 1980 924 2014 et
946 1972 1186 2014 Burmanni
1209 1974 1446 2015 studiosam
1473 1989 1597 2030 saga-

163 2040 342 2083 citatem
383 2048 636 2091 exerceret3
681 2041 760 2083 sed
803 2057 891 2083 non
936 2057 1002 2092 ea,
1045 2057 1131 2098 qua
1176 2041 1330 2094 solent,
1373 2042 1592 2085 felicitate.

165 2109 466 2152 Burmannum
491 2112 736 2167 praesertim
764 2111 835 2154 hic
866 2127 949 2167 ego
978 2112 1049 2153 vix
1078 2127 1283 2167 agnosco,
1307 2112 1382 2167 qui
1406 2120 1522 2154 totus
1552 2113 1596 2154 in

165 2178 495 2230 effundendam,
527 2195 615 2236 qua
645 2187 797 2232 tumet,
830 2180 976 2231 bilem,
1006 2182 1365 2223 nauseabundam
1397 2182 1596 2224 carminis

165 2248 297 2304 hujus
334 2250 742 2292 commentationem
777 2249 893 2291 ultra
933 2251 1108 2292 modum
1150 2266 1320 2292 omnem
1361 2266 1412 2292 ea
1451 2257 1595 2293 mente

166 2318 392 2374 produxit,
439 2325 488 2360 ut
536 2318 726 2361 dicteriis
776 2318 994 2361 Clericum
1044 2320 1282 2363 incesseret
1297 2317 1329 2370 d,
1375 2319 1595 2362 Editionis

207 2499 223 2520 d
246 2500 328 2531 Jean
349 2500 393 2532 Le
417 2499 517 2538 clerc,
534 2500 650 2532 Latine
672 2500 830 2537 Clericus,
849 2507 944 2533 natus
964 2507 1032 2533 erat
1049 2502 1203 2539 Genevae,
1220 2514 1253 2534 A.
1266 2514 1298 2534 D.
1317 2502 1412 2534 1657.
1457 2501 1516 2534 Vir
1537 2501 1597 2534 fuit

165 2554 318 2586 doctrinae
346 2565 365 2586 a
389 2556 506 2586 teneris
531 2562 596 2587 tam
620 2555 792 2586 immodice
818 2555 966 2599 cupiduS,
987 2564 1022 2588 ut
1045 2556 1142 2588 sacris
1164 2556 1259 2588 simul
1284 2563 1316 2588 et
1338 2555 1479 2600 profanis
1496 2555 1597 2587 literis

164 2618 293 2651 operam
321 2608 544 2651 impenderet3
573 2614 604 2641 et
630 2620 693 2651 quo
718 2614 860 2651 tempore
886 2610 1057 2653 scriptores
1081 2621 1187 2643 sacros
1212 2611 1399 2648 illustraret,
1423 2615 1478 2642 aut
1503 2610 1597 2642 rebus

166 2661 356 2704 theologicis
375 2668 515 2700 vacaret,
540 2663 674 2695 Graecos
698 2669 731 2695 et
756 2664 885 2696 Latinos
910 2670 1057 2697 auctores
1082 2664 1257 2708 susciperet
1280 2665 1543 2708 interpretandos,
1566 2669 1599 2695 et

166 2716 360 2759 quaestiones
376 2715 587 2759 philologicas
603 2717 685 2749 viros
699 2717 782 2749 inter
798 2717 909 2750 doctos
928 2725 1081 2751 moveret.
1128 2720 1222 2752 Unde
1238 2719 1387 2752 effectum
1404 2724 1463 2755 est,
1478 2725 1514 2750 ut
1529 2729 1597 2750 raro

167 2770 378 2803 festinationis
402 2771 514 2803 vitium
538 2771 571 2803 in
596 2771 764 2804 scribendo
794 2771 962 2815 effugerit3
996 2780 1028 2806 et
1054 2775 1212 2806 secundas
1238 2780 1362 2806 tanturn
1392 2779 1513 2811 teneat,
1540 2772 1595 2815 qui
