1830 3220
520 157 872 200 FASTORUM
906 157 1028 200 LIB.
1063 157 1156 201 III.

1463 160 1553 203 139

131 274 269 321 Dum
293 274 532 338 loquitur,
559 281 720 322 totum
741 276 848 339 jam
873 276 947 323 sol
972 281 1248 324 emerserat
1271 275 1477 324 orbem:

200 351 268 399 Et
292 352 456 415 gravis
481 352 688 400 aetherio
713 353 850 400 venit
876 354 939 401 ab
967 369 1063 401 axe
1088 353 1270 416 fragor.

128 429 228 478 Ter
252 430 416 477 tonuit
441 430 549 477 sine
575 431 710 478 nube
739 430 898 486 Deus,
926 431 1021 478 tria
1045 430 1246 494 fulgura
1270 430 1423 478 misit.

199 507 408 556 Credite
433 507 650 556 dicenti:
694 507 836 564 mira,
865 508 957 556 sed
983 516 1111 564 acta,
1140 508 1337 572 loquor.

1453 512 1552 556 370

127 585 173 633 A
200 586 368 634 media
391 586 575 633 coelum
601 586 807 649 regione
831 586 1097 634 dehiscere
1123 586 1302 650 coepit:

198 664 493 712 Submisere
519 665 694 711 oculos
721 680 838 712 cum
864 665 994 713 duce
1020 665 1168 712 turba
1193 681 1328 712 suos.

131 740 267 789 Ecce
293 740 390 789 levi
417 748 618 789 scutum
642 734 899 790 versatum
924 742 1106 791 leniter
1131 758 1253 790 aura

199 819 434 867 Decidit:
475 835 506 866 a
530 820 720 884 populo
745 820 934 868 clamor
960 821 1023 868 ad
1049 827 1185 868 astra
1209 819 1362 868 venit.

129 896 286 946 Tollit
309 898 463 945 humo
489 914 691 954 munus,
719 914 854 946 caesa
877 898 1016 963 prius
1042 898 1126 946 ille
1146 899 1383 962 juvenca,

200 974 328 1030 Quae
353 975 566 1023 dederat
591 975 714 1023 nulli
739 976 871 1024 colla
895 976 1175 1041 premenda
1192 977 1346 1040 jugo3

1455 899 1554 944 375

1423 975 1552 1037 [est;

130 1053 297 1118 quue
331 1054 495 1102 ancile
522 1061 685 1110 vocat,
713 1056 851 1119 quod
884 1056 948 1102 ab
984 1055 1119 1103 omni
1155 1062 1298 1119 parte
1337 1053 1555 1102 recisum

199 1132 418 1196 Quaque
444 1140 589 1180 notes
615 1133 792 1190 oculiS,
821 1134 1036 1196 angulus
1063 1133 1226 1181 omnis
1253 1132 1414 1179 abest.

131 1210 279 1268 Tum,
309 1227 501 1259 memor
526 1210 723 1274 imperii
751 1219 938 1259 sortem
964 1211 1240 1259 consistere
1267 1210 1318 1257 in
1345 1209 1448 1266 illo,

199 1289 484 1337 Consilium
509 1289 681 1336 multae
707 1289 997 1337 calliditatis
1023 1288 1132 1336 init.

173 1451 250 1483 367.
275 1451 461 1487 Emerserat,
479 1462 497 1481 e
520 1450 599 1482 mari
623 1451 809 1493 protulerat.

131 1501 295 1543 Emergere
325 1500 429 1532 active
462 1500 538 1536 dici,
568 1506 664 1541 atque
700 1511 808 1531 casum

128 1556 275 1593 quartum
312 1550 429 1581 habere
465 1549 666 1592 adjunctum,
699 1549 808 1580 multis

129 1600 284 1643 exemplis
299 1599 407 1631 docuit
423 1599 589 1631 Heinsius.
631 1600 704 1630 Sine
719 1601 808 1636 nube,

130 1661 192 1692 quo
209 1649 379 1681 notabilius
392 1649 453 1680 hoc
471 1648 587 1680 tonitru
605 1654 698 1685 esset,
710 1659 807 1690 quum

129 1699 330 1731 naturalibus
352 1710 391 1730 ex
413 1699 519 1730 causis
543 1698 719 1740 profectum
745 1708 807 1728 non

129 1749 299 1780 videretur.
349 1749 407 1779 Ter
436 1750 549 1779 tonuit.
593 1748 729 1778 Metam.
752 1746 807 1777 vii.

129 1799 204 1829 619.
223 1798 355 1829 Tonitru
369 1799 536 1828 secundum
552 1801 693 1827 vocatur.

173 1849 249 1879 371.
284 1849 310 1878 A
341 1849 440 1878 media
470 1849 601 1889 regione,
634 1855 652 1876 a
683 1855 806 1876 summo

129 1898 225 1934 coelo,
241 1897 296 1928 ubi
320 1908 375 1929 arx
398 1896 499 1929 Jovis.
516 1897 639 1926 Mazar.
659 1900 691 1926 et
715 1895 806 1926 Voss.

129 1948 157 1978 A
174 1949 272 1978 media
293 1948 390 1978 subito
409 1947 516 1978 coelum
535 1946 688 1976 discedere
711 1946 806 1975 visum

131 2004 185 2034 est,
214 2008 311 2039 quam
340 1996 418 2027 lect.
444 1995 624 2036 elegantem
654 1993 807 2025 Heinsius

125 2046 264 2089 judicat,
275 2057 374 2089 quum
388 2046 538 2077 discedere
552 2045 657 2076 coelum
672 2044 808 2075 formula

129 2097 171 2128 sit
191 2097 223 2137 in
245 2097 305 2128 hac
326 2107 358 2128 re
379 2095 541 2127 solemnis.
586 2094 724 2125 Perinde
749 2100 806 2131 est,

130 2152 236 2178 utrum
268 2147 396 2178 verbum
429 2145 540 2186 eligas.
587 2144 721 2180 Plinius,
747 2145 807 2176 VI.

129 2196 234 2239 Epist.
256 2208 308 2227 xx.
325 2196 358 2226 9.
381 2195 518 2226 “nubes
545 2198 614 2225 atra
639 2194 672 2224 in
697 2194 808 2235 longas

128 2247 326 2277 flammarum
348 2245 467 2287 figuras
493 2243 713 2275 dehiscebat.''
761 2244 807 2275 U-

129 2300 276 2337 trumque
324 2293 491 2337 conjunxit
539 2295 675 2330 Seneca,
729 2293 808 2324 Nat.

131 2347 253 2383 Quaest.
278 2345 298 2375 i.
326 2345 384 2376 19:
414 2348 436 2361 “
453 2343 594 2374 Chasma
623 2349 682 2379 est,
709 2353 808 2384 quum

130 2394 261 2436 aliquod
273 2395 347 2425 coeli
361 2394 498 2436 spatium
512 2392 658 2429 discedit,
669 2398 701 2423 et
715 2392 805 2423 flam-

130 2455 215 2475 mam
237 2443 406 2475 dehiscens
421 2443 507 2474 velut
523 2442 556 2473 in
579 2442 689 2473 abdito
704 2447 807 2473 osten-

130 2494 212 2525 tat.''
257 2493 311 2524 Ad
332 2493 459 2534 fulgura
477 2503 553 2523 sane
574 2492 719 2523 homines
738 2494 807 2523 sub-

129 2546 249 2576 mittere
271 2545 371 2574 uculas
390 2542 514 2582 solent;
536 2542 593 2573 sed
615 2542 660 2572 ita
674 2541 721 2572 illi
736 2553 804 2572 scu-

129 2601 195 2625 tum
219 2595 277 2625 levi
305 2599 454 2624 versatum
477 2603 555 2622 aura
578 2597 721 2633 spectare
746 2602 809 2622 non

130 2644 320 2686 potuissent.
368 2644 488 2674 Verum
513 2641 609 2673 etiam
636 2642 811 2672 submittere

131 2705 255 2726 sursum
272 2694 381 2725 tollere
399 2697 506 2729 notat3
530 2690 639 2726 Silius,
658 2690 809 2722 xii.640:

135 2747 157 2761 “
174 2743 367 2775 Summissas
383 2742 520 2774 tendunt
535 2741 602 2772 alta
622 2740 663 2772 ad
681 2740 811 2783 Capito—

1456 1290 1555 1334 380

879 1450 921 1481 lia
936 1448 1096 1486 dextras,”
1113 1448 1166 1480 ubi
1185 1448 1255 1479 vide
1272 1447 1439 1478 Drakenb.
1456 1446 1555 1484 Quid,

879 1499 965 1541 quod
986 1504 1018 1530 et
1039 1497 1123 1529 notio
1148 1499 1207 1530 τοῦ
1220 1498 1342 1538 furtim
1365 1497 1396 1527 li.
1412 1508 1443 1527 v.
1462 1496 1556 1532 inest,

878 1549 1007 1591 (Livius
1026 1548 1115 1580 xxvi.
1133 1549 1187 1579 44.
1203 1552 1222 1565 “
1237 1546 1380 1578 subsidia
1400 1546 1557 1577 submissa

878 1611 895 1631 e
921 1598 1084 1639 castris’')
1109 1609 1181 1640 quae
1204 1597 1263 1628 hoc
1282 1597 1352 1627 loco
1374 1597 1457 1627 bene
1480 1606 1555 1626 cou-

878 1649 975 1681 veuit.

922 1698 999 1728 377.
1023 1697 1207 1729 Secundum
1221 1696 1353 1731 Jubam,
1366 1704 1460 1736 quem
1477 1694 1554 1725 Plu—

877 1747 977 1778 tarch.
988 1747 1075 1778 dicto
1087 1747 1156 1778 loco
1169 1745 1338 1787 excerpsit,
1350 1743 1554 1776 scribendum

877 1797 956 1828 foret
971 1798 1090 1838 ant-yle,
1107 1796 1205 1837 idque
1225 1805 1244 1826 a
1259 1795 1374 1825 Graeco
1392 1792 1555 1836 ἀγκύλον,

876 1857 1020 1882 curvum,
1036 1844 1257 1877 derivandum.
1282 1843 1345 1874 Sed
1361 1843 1555 1874 Plutarchus

875 1896 943 1938 ipse
966 1896 1006 1927 de
1030 1896 1090 1926 hac
1113 1893 1308 1936 etymologia
1330 1893 1467 1929 dubitat,
1483 1892 1556 1934 plu-

876 1955 990 1987 resque
1016 1945 1095 1976 alias
1122 1943 1225 1975 affert.
1273 1944 1311 1973 In
1335 1942 1425 1974 libris
1447 1941 1555 1973 latinis

875 1994 994 2036 ubique
1012 1995 1111 2025 ancile
1126 1992 1293 2031 scribitur3
1308 1997 1340 2023 et
1354 1993 1398 2022 sic
1415 1990 1555 2022 scriben-

876 2043 953 2074 dum
976 2050 1024 2075 est
1048 2054 1086 2074 ex
1112 2042 1222 2074 Ovidii
1247 2040 1455 2077 derivatione,
1474 2050 1554 2082 qua-

877 2103 949 2124 cum
973 2093 1186 2129 consentiunt,
1209 2101 1281 2133 quae
1306 2091 1418 2122 Festus
1439 2090 1554 2121 habet:

878 2143 1032 2174 “Ancile
1059 2148 1222 2178 vocatum,
1252 2140 1328 2183 quia
1356 2151 1395 2170 ex
1423 2145 1555 2181 utroque

877 2192 975 2223 latere
996 2198 1064 2223 erat
1080 2191 1229 2227 recisum,
1246 2196 1282 2221 ut
1302 2200 1460 2221 summum
1486 2189 1556 2220 infi-

877 2252 1029 2283 mumque
1066 2242 1151 2273 latus
1186 2239 1346 2283 pateret.''
1404 2238 1557 2270 Similiter

878 2292 943 2323 sere
960 2292 1060 2323 Varro
1075 2292 1132 2323 lib.
1143 2292 1186 2322 iv.
1207 2289 1390 2321 Secundum
1407 2289 1556 2321 eumdem

878 2341 934 2372 lib.
951 2341 993 2372 vi.
1010 2353 1041 2384 p.
1058 2342 1111 2372 78.
1133 2340 1167 2371 in
1192 2338 1332 2371 carmine
1358 2339 1473 2370 Saliari
1497 2351 1554 2370 an-

877 2394 952 2423 cisia
964 2391 1116 2434 scriptum
1132 2397 1211 2422 erat.
1244 2390 1358 2421 Forma
1373 2389 1457 2432 apud
1477 2389 1555 2421 Plu-

879 2442 1025 2473 tarchum
1053 2441 1200 2483 pluribus
1228 2439 1440 2471 describitur:
1472 2439 1557 2470 orbis

878 2502 940 2522 non
959 2497 1017 2528 est,
1034 2501 1105 2525 nec,
1122 2490 1250 2532 qualem
1271 2489 1369 2532 pelta,
1386 2488 1553 2520 circuitum

876 2540 974 2572 habet
984 2552 993 2579 ;
1011 2540 1068 2571 sed
1078 2539 1166 2571 sinus
1179 2540 1274 2570 refert
1287 2539 1381 2569 lineae
1394 2543 1554 2573 tortuosae,

876 2591 968 2633 cujus
983 2590 1091 2632 apices
1105 2590 1288 2625 flectuntur,
1305 2594 1337 2620 et
1352 2587 1509 2620 densitate
1523 2587 1554 2617 in

878 2651 912 2671 se
927 2645 1131 2671 concurrunt.
1176 2637 1364 2680 Dionysius,
1380 2637 1413 2668 ii.
1430 2638 1483 2668 71.
1499 2646 1552 2667 ne-

880 2695 935 2731 gat
954 2699 1090 2731 usquam
1113 2695 1188 2720 ante
1205 2688 1303 2720 visam
1324 2697 1392 2719 esse
1408 2686 1440 2718 in
1456 2685 1555 2717 ltalia

881 2739 977 2770 talem
995 2739 1140 2780 figuram.
