1809 3220
185 165 272 208 506

583 161 635 202 Ρ.
671 157 888 201 OVIDII
924 153 1211 197 NASONIS

191 283 265 331 Ut
290 281 379 347 qui
403 279 617 327 Theseae
643 273 846 324 fallacia
867 274 981 322 vela
1004 272 1187 320 carinae

256 359 428 415 Vidit;
469 363 528 404 ut
551 355 711 403 Iliaca
736 353 922 401 missus
948 352 1012 399 ab
1038 366 1154 398 arce
1179 364 1334 413 puer;

194 440 267 487 Ut
290 437 450 486 teneri
476 435 665 491 nutrix,
693 433 872 482 eadem
898 436 1188 485 matertera,
1218 424 1439 481 Bacchi;

264 517 337 564 Ut
362 516 444 564 cui
471 530 626 562 causa
650 512 790 560 necis
817 526 955 558 serra
979 515 1181 572 reperta
1203 505 1326 562 fuit;

1516 503 1615 549 500

198 596 361 661 Lydia
385 611 439 642 se
465 591 687 657 scopulis
714 597 770 638 ut
792 589 931 651 virgo
956 585 1095 634 misit
1119 586 1183 633 ab
1210 583 1342 639 altis,

267 674 484 722 Dixerat
507 671 664 718 invito
692 686 805 734 quae
831 668 966 715 mala
989 666 1144 713 verba
1170 663 1299 711 Deo.

199 754 346 802 Foeta
370 751 461 799 tibi
488 756 721 798 occurrat
745 746 909 812 patrio
934 742 1193 810 popularis
1219 742 1269 788 in
1296 757 1430 798 arvo,

273 831 456 894 Sitque
482 827 761 893 Phayllaeae
787 840 943 873 causa
966 824 1129 871 leaena
1153 820 1311 868 necis.

203 910 410 973 Quique
438 904 765 972 Lycurgiden
789 902 980 959 letavit,
1008 908 1059 948 et
1083 900 1261 948 arbore
1288 904 1480 954 natum,
1526 898 1624 944 505

273 989 594 1050 Idmonaque
619 984 884 1039 audacem,
912 988 962 1029 te
989 995 1197 1045 quoque
1223 983 1427 1042 rumpat
1452 992 1588 1042 aper.

250 1162 326 1193 497.
355 1160 397 1192 Ut
410 1162 461 1202 qui
477 1158 621 1199 Theseos]
646 1156 885 1199 AEgaeus‚The—

205 1212 251 1244 sei
276 1217 377 1254 pater,
401 1220 501 1252 quum
526 1208 712 1240 revertentis
736 1206 792 1237 filii
816 1206 887 1238 vela

207 1263 298 1304 nigra
320 1272 359 1292 ex
383 1271 455 1292 arce
480 1259 704 1302 prospexisset,
728 1263 886 1288 mortuum

208 1311 347 1355 putavit,
377 1310 548 1351 doloreque
579 1319 647 1340 sese
675 1307 888 1351 praecipitavit

209 1373 248 1394 ex
272 1361 356 1393 alto:
384 1361 424 1392 ab
446 1360 507 1391 hoc
530 1369 616 1390 mare
638 1359 787 1400 AEgaeum
810 1367 888 1387 non-

210 1412 292 1444 nulli
306 1411 428 1443 dictum
442 1414 570 1452 putant.

258 1463 332 1494 498.
367 1460 465 1491 Iliaca
490 1462 595 1490 missus
622 1459 660 1489 ab
684 1469 755 1488 arce
781 1456 887 1497 paen]

214 1511 346 1544 “Heu!
381 1509 529 1541 columen
554 1508 634 1540 illud
663 1507 759 1549 regiae
785 1512 889 1538 extre—

213 1573 301 1593 mum
335 1560 444 1596 decim,
472 1560 612 1590 Tantum
650 1556 811 1588 timendus
850 1555 891 1587 ad

213 1622 326 1643 necem
356 1609 532 1642 extrahitur
560 1619 638 1651 puer
652 1607 683 1647 ;”
715 1618 755 1638 ex
781 1605 892 1649 Eurip.

215 1661 345 1692 Hecub.

258 1712 335 1743 499.
361 1709 509 1751 Nutrix]
537 1709 609 1745 Ino,
631 1707 772 1739 Semeles
795 1717 890 1742 soror,

217 1772 317 1804 quum
347 1759 556 1792 Athamantis
586 1757 643 1789 viri
673 1758 809 1789 furorem
844 1757 893 1788 fu-

216 1817 316 1854 geret,
343 1822 359 1842 e
383 1809 515 1852 scopulo
541 1819 575 1840 se
602 1819 676 1840 cum
702 1807 766 1838 filio
790 1807 894 1838 Palae-

216 1872 310 1892 mone
331 1860 453 1892 dimisit
473 1859 506 1890 in
534 1869 643 1889 mare:
670 1857 739 1889 haec
764 1856 896 1888 nutrivit

218 1910 396 1943 Bacchum.

262 1963 341 1993 500.
363 1961 406 1991 Ut
423 1961 474 1990 cni
490 1959 610 2000 causa]
626 1957 756 1995 Perdix,
767 1956 898 1989 Daedali

219 2022 318 2054 nepos
335 2022 373 2042 ex
391 2021 507 2046 sorore,
525 2020 624 2052 quum
645 2019 763 2040 serram
787 2014 819 2038 et
838 2007 897 2039 cir-

220 2062 328 2093 cinum
349 2060 477 2102 ingenio
501 2071 557 2091 suo
579 2058 804 2095 adinvenisset,
821 2059 898 2089 Dae-

222 2112 287 2143 dali
302 2112 423 2143 invidia
439 2111 583 2153 dejectus
599 2120 637 2141 ex
655 2109 741 2146 turri,
759 2108 791 2140 in
806 2119 898 2140 avem

221 2162 270 2193 sui
286 2161 421 2193 nominis
434 2165 482 2192 est
498 2170 678 2192 conversus.

266 2213 341 2244 501.
358 2210 488 2253 Lydia]
506 2211 596 2242 Mars
612 2209 712 2241 Ilicen
728 2208 820 2252 Ibyci
836 2209 898 2251 Ly—

223 2263 267 2294 dii
292 2263 390 2294 filiam
423 2261 554 2298 amavit,
579 2272 651 2304 quae
682 2265 752 2292 tuta
782 2260 898 2291 Dianae

224 2313 354 2349 auxilio,
387 2323 509 2344 amores
538 2312 653 2343 Martis
683 2316 900 2347 contemnens,

224 2364 300 2395 diris
324 2363 606 2406 imprecationibus
625 2362 656 2392 in
677 2361 812 2392 furorem
828 2366 902 2391 acta

224 2424 257 2445 se
275 2413 403 2445 demisit
419 2424 434 2444 e
452 2413 593 2456 scopulo.
618 2412 716 2444 Dom.

270 2465 346 2494 503.
365 2463 475 2494 Patrio
488 2463 646 2502 popularis
669 2464 703 2492 in
719 2461 820 2501 arva]
840 2460 902 2491 Hie

226 2513 323 2544 Ovid.
340 2513 442 2545 Ibidis
457 2512 594 2555 patriam
609 2511 809 2543 subindicat:
828 2521 902 2542 nam

224 2563 316 2595 initio
341 2564 436 2606 hujus
461 2562 573 2599 libelli,
597 2572 670 2593 eum
694 2561 785 2603 quasi
808 2561 904 2603 Liby-

227 2623 301 2644 cum
325 2625 392 2645 esse
416 2613 622 2645 ostendimus.
661 2612 787 2643 Etenim
806 2611 903 2643 leoni-

225 2664 298 2700 bus,
315 2675 394 2707 quos
410 2664 506 2696 Ibidis
518 2664 679 2704 populares
696 2662 783 2693 Naso
801 2667 903 2698 vocat,

225 2713 331 2756 Libya
358 2721 471 2746 scatet.
497 2715 599 2745 SALv.
646 2713 745 2744 Foeta.
770 2711 902 2754 Papha-

225 2773 297 2803 gus,
325 2764 503 2795 Ambraciae
528 2774 594 2799 rex,
615 2772 713 2803 quum
742 2761 905 2792 incidisset

953 1154 986 1185 in
1006 1153 1142 1185 leaenam
1162 1151 1279 1184 catulis
1300 1151 1462 1193 stipatam,
1479 1150 1511 1182 in
1532 1150 1631 1182 hortis

954 1205 1019 1235 suis
1036 1204 1076 1235 ab
1093 1214 1132 1234 ea
1145 1208 1193 1234 est
1206 1201 1390 1233 dilaniatus.

1000 1255 1075 1285 504.
1105 1254 1210 1294 Sitque
1240 1252 1434 1293 leyllaeae]
1476 1251 1633 1294 Phayllus

955 1315 1050 1336 cursu
1066 1304 1259 1336 celerrimus.
1276 1315 1306 1334 v.
1322 1301 1444 1334 AElian.

1000 1355 1075 1386 505.
1108 1354 1228 1395 Quique
1256 1353 1460 1394 Lycurgiden
1487 1353 1635 1384 laceravit

958 1407 995 1436 ab
1011 1406 1117 1436 arbore
1132 1403 1272 1445 natum]
1293 1403 1402 1434 Scribe
1420 1404 1524 1434 letavit
1542 1409 1570 1435 et
1582 1414 1634 1434 ar-

959 1457 1027 1486 bore
1048 1461 1156 1486 natum
1175 1464 1248 1485 cum
1264 1454 1283 1486 J
1288 1453 1369 1484 ureti
1392 1452 1485 1489 libro,
1501 1452 1635 1495 aliisque

960 1505 1141 1544 nonnullis:
1171 1510 1267 1546 atque
1296 1503 1341 1534 ita
1369 1503 1449 1534 citat
1471 1503 1636 1545 Eutyches

960 1554 1209 1587 Grammaticus.
1263 1554 1400 1585 Letandi
1429 1554 1525 1585 verbo
1561 1564 1639 1586 usus

961 1606 1078 1637 Noster
1111 1605 1249 1636 Metam.
1280 1603 1328 1635 iii.
1354 1609 1387 1635 et
1415 1603 1571 1645 Virgilius
1604 1603 1638 1634 in

962 1654 1087 1691 Culice,
1117 1655 1195 1686 324.
1244 1653 1377 1684 Adonin
1406 1658 1512 1685 autem
1543 1653 1639 1685 intel-

961 1704 1046 1746 ligit.
1078 1705 1121 1736 H.
1169 1704 1289 1745 Quique
1319 1703 1533 1746 Lycurgiden.
1571 1703 1641 1745 Ego

964 1756 1133 1791 Ancaeum,
1150 1753 1289 1797 Lycurgi
1309 1758 1341 1785 et
1357 1753 1513 1785 Antinoes
1527 1753 1642 1792 filiurn,

964 1805 1105 1847 itemque
1121 1804 1306 1836 Adonidem
1315 1810 1348 1835 et
1360 1803 1527 1835 Idmonem
1545 1804 1644 1847 (quos

966 1861 999 1887 et
1017 1855 1099 1887 inter
1114 1855 1318 1897 Argonautas
1339 1854 1527 1895 numerant)
1547 1855 1642 1887 intel-

966 1906 1049 1949 ligo3
1076 1905 1146 1937 vide
1164 1905 1341 1948 Hyginum,
1359 1916 1432 1948 cap.
1449 1905 1525 1937 247.
1541 1905 1581 1937 de
1606 1905 1645 1937 iis

968 1956 1022 1999 qui
1045 1957 1112 1999 apri
1131 1956 1197 1987 ictu
1218 1955 1435 1987 conciderunt.
1482 1955 1523 1986 Ει
1539 1957 1646 1987 arbore

969 2014 1088 2038 natum.
1112 2005 1251 2038 Adonim
1268 2005 1431 2047 intelligit,
1447 2005 1568 2048 Cinyra
1579 2007 1644 2049 Cy-

968 2057 1015 2099 pri
1032 2067 1105 2099 rege
1124 2062 1156 2088 et
1172 2055 1306 2098 Myrrha
1314 2056 1380 2099 jam
1397 2056 1507 2087 arbore
1524 2063 1646 2094 natum,

968 2118 1065 2149 quem
1082 2108 1235 2150 juvenem
1258 2107 1358 2143 Mars,
1375 2106 1408 2138 in
1423 2106 1511 2149 porci
1525 2107 1647 2149 sylves-

969 2156 1025 2188 tris
1046 2158 1184 2200 speciem
1210 2158 1408 2200 formamque
1434 2163 1588 2208 mutatxus,
1611 2163 1647 2189 ut

969 2207 1028 2239 sibi
1045 2208 1162 2250 primas
1184 2207 1217 2238 in
1233 2218 1339 2239 amore
1353 2207 1486 2239 Veneris
1501 2206 1644 2240 vindica-

969 2262 1028 2293 ret,
1041 2257 1168 2289 incaute
1179 2262 1289 2288 contra
1303 2267 1337 2288 se
1349 2262 1506 2294 ruentem,
1517 2267 1647 2300 percus-

971 2307 1032 2346 sit;
1049 2307 1120 2339 vide
1135 2308 1289 2339 Nostrum
1310 2307 1369 2339 lib.
1383 2318 1414 2339 x.
1430 2307 1648 2350 Metamorph.

972 2358 1060 2389 VAL.
1078 2358 1192 2389 Annii.

1016 2409 1091 2440 506.
1107 2407 1322 2449 Idmonaque]
1350 2406 1476 2445 Idmon,
1488 2406 1648 2450 Apollinis

973 2464 1005 2490 et
1018 2458 1176 2490 Pheretiae
1194 2458 1290 2489 filius:
1318 2458 1382 2495 vel,
1398 2463 1434 2488 ut
1457 2456 1510 2488 alii
1525 2457 1648 2495 volunt,

971 2508 1120 2541 Asteriae.
1156 2510 1198 2540 Et
1212 2510 1359 2540 audacem
1377 2513 1472 2550 poeta
1485 2507 1578 2539 illum
1592 2519 1646 2540 vo-

973 2564 1036 2596 cat,
1054 2558 1140 2601 quia,
1157 2569 1254 2600 quum
1271 2557 1366 2589 sciret
1380 2568 1413 2589 se
1432 2556 1464 2588 in
1479 2556 1537 2588 illa
1552 2567 1648 2600 expe-

973 2608 1092 2640 ditione
1117 2610 1204 2649 (erat
1226 2607 1310 2639 enim
1327 2606 1434 2647 vates)
1454 2606 1647 2649 periturum:

974 2664 1081 2690 tamen
1116 2669 1181 2690 una
1220 2668 1293 2690 cum
1330 2657 1526 2700 Argonautis
1562 2656 1649 2699 Argo

974 2708 1080 2741 navim
1119 2708 1316 2740 conscendit.
1375 2709 1548 2750 Quumque
1586 2707 1647 2738 ali-

974 2764 1130 2801 quantum
1152 2769 1170 2790 a
1192 2757 1285 2790 sociis
1306 2757 1499 2794 secessisset,
1515 2758 1555 2789 ab
1571 2767 1646 2799 apro
