1830 3220
625 182 976 226 FASTORUM
1011 182 1133 225 LIB.
1166 184 1233 226 ΙΙ.

214 297 325 347 Nec
352 305 407 347 tu
433 299 599 348 vicino
626 300 910 365 quidquam
936 302 1165 350 concede
1191 302 1417 366 roganti3

1555 186 1639 229 101

1539 306 1637 350 675

280 377 361 426 Ne
383 378 585 427 videare
612 379 869 428 hominem
893 381 1234 445 praeposuisse
1258 380 1289 428 J
1295 381 1391 429 ovi.

210 454 294 514 Et,
323 473 412 505 seu
433 457 738 515 vomeribus,
767 475 857 506 seu
883 464 937 505 tu
964 460 1234 523 pulsabere
1260 459 1453 517 rastris,

279 534 544 584 Clamato:
587 535 740 584 Meus
766 543 845 583 est
871 535 951 584 hic
979 553 1114 600 ager,
1143 538 1228 585 ille
1254 545 1389 586 tuus.

211 611 306 661 Est
325 613 422 671 via,
444 630 559 678 quae
585 614 834 679 populum
862 612 1143 663 Laurentes
1170 616 1314 664 ducit
1339 617 1389 664 in
1416 632 1580 680 agros,

277 691 549 748 Quondam
574 693 832 742 Dardanio
859 710 1015 757 regna
1040 695 1202 758 petita
1229 695 1366 743 duci.

1539 699 1638 744 680

208 770 334 819 Illac
361 772 572 836 lanigeri
600 772 799 837 pecoris
827 772 937 829 tibi,
967 772 1222 830 Termine,
1250 774 1390 821 fibris

277 849 436 899 Sacra
459 851 597 898 videt
621 851 729 898 fieri
758 857 935 898 sextus
963 851 1026 897 ab
1053 851 1178 898 urbe
1204 851 1351 916 lapis.

209 927 464 977 Gentibus
492 936 571 977 est
596 928 708 976 aliis
733 929 886 976 tellus
914 929 1036 976 data
1061 929 1221 978 limite
1249 937 1386 979 certo
1411 949 1420 979 :

275 1006 521 1055 Romanae
548 1006 772 1072 spatium
799 1013 878 1055 est
904 1007 1041 1055 urbis
1069 1015 1121 1056 et
1146 1009 1281 1056 orbis
1309 1009 1463 1058 idem.

206 1083 373 1133 NUNC
403 1086 622 1134 dicenda
648 1085 769 1133 mihi
796 1085 927 1149 regis
953 1084 1104 1149 fuga:
1134 1087 1291 1134 traxit
1317 1089 1380 1135 ab
1408 1089 1493 1137 illa
1531 1091 1628 1137 685

276 1163 468 1212 Sextus
495 1165 558 1212 ab
585 1171 815 1212 extremo
843 1164 1048 1212 nomina
1074 1181 1249 1214 mense
1275 1166 1403 1215 dies.

205 1240 401 1290 Ultima
426 1241 735 1307 Tarquinius
765 1242 1012 1290 Romanae
1040 1244 1205 1307 gentis
1231 1244 1458 1293 habebat

274 1320 472 1385 Regna,
499 1322 572 1369 vir
596 1320 834 1385 injustUS,
862 1321 1005 1371 fortis
1033 1323 1098 1371 ad
1126 1339 1265 1372 arma
1289 1331 1477 1373 tamen.

201 1483 292 1521 tiam,
307 1494 373 1527 qua
389 1484 421 1516 in
436 1484 597 1528 Capitolio
619 1485 772 1517 restitisti.
822 1486 881 1516 Le-

201 1537 279 1566 vitas
299 1542 349 1566 est
373 1535 452 1578 ejus,
469 1535 524 1577 qui
545 1535 640 1567 facile
660 1535 737 1566 sinit
758 1546 791 1567 se
815 1547 881 1567 mo—

202 1585 282 1621 veri,
313 1585 407 1617 facile
438 1585 524 1616 cedit
549 1585 631 1617 aliis.
679 1586 761 1622 Jovi,
783 1596 882 1628 quum

200 1634 290 1666 Jovis
312 1635 469 1677 templum
494 1634 658 1666 moliretur
673 1635 880 1677 Tarquinius.

199 1685 277 1717 Erat
306 1685 358 1717 lex
389 1686 528 1717 Numae:
567 1690 587 1702 ‘⁴
614 1685 678 1723 Qui
707 1686 877 1717 terminum

199 1735 350 1772 exarasit,
360 1735 450 1778 ipsus
461 1741 494 1766 et
509 1735 619 1766 boveis
634 1735 735 1766 sacrei
751 1735 878 1766 sunto.”

199 1785 301 1816 Erant
316 1791 423 1817 tamen
439 1785 566 1817 Horatii
584 1792 739 1828 tempore,
756 1784 811 1827 qui
827 1796 879 1816 us-

199 1846 264 1878 que
287 1835 446 1878 proximos
468 1835 659 1867 revellerent
681 1835 747 1877 agri
771 1835 878 1867 termi-

199 1896 268 1923 nos,
292 1891 325 1917 et
354 1885 438 1917 ultra
466 1885 585 1916 limites
609 1885 776 1917 clientium
802 1885 878 1917 sali·

197 1941 290 1975 rent3
316 1935 380 1967 Od.
403 1935 450 1967 ΙΙ.
472 1936 561 1967 xviii.
576 1937 629 1967 24.
676 1936 746 1967 Hos
770 1936 878 1967 terreri

198 1991 232 2017 et
257 1986 396 2018 coerceri
423 1997 442 2017 a
465 1985 617 2017 Termino
636 1986 705 2017 vult
730 1986 879 2018 Ovidius.

198 2037 238 2068 In
254 2036 359 2069 verbis
375 2036 424 2068 Ne
440 2038 575 2074 videare,
591 2042 654 2068 etc.
669 2047 765 2079 grave
785 2047 878 2079 argu-

200 2092 357 2119 mentum.

243 2137 320 2170 679.
338 2137 389 2169 De
404 2137 521 2169 finibus
540 2137 666 2181 imperii
687 2136 828 2180 antiquis
848 2142 880 2168 et

199 2187 299 2220 sacris
323 2187 368 2219 ibi
388 2187 556 2219 faciendis.
605 2188 805 2219 Dardanium
821 2188 879 2218 du-

198 2250 273 2276 cem,
301 2237 371 2269 scil.
396 2239 550 2275 AEneam,
574 2239 668 2269 classe
688 2237 878 2268 Laurentem

199 2291 330 2320 tenuisse
356 2299 467 2330 agrum
484 2288 536 2320 vel
556 2298 595 2319 ex
618 2287 690 2319 Liv.
709 2286 730 2318 i.
751 2289 778 2318 l.
803 2297 876 2318 con-

197 2343 272 2370 stat.
297 2337 382 2369 Vide
402 2337 523 2380 Heynii
545 2338 664 2369 Excur.
681 2336 726 2368 iii.
742 2337 783 2368 ad
801 2338 878 2369 AEn.

196 2388 253 2420 vii.
311 2388 401 2419 Inter
431 2388 578 2430 quintum
614 2393 646 2419 et
674 2394 789 2418 saltum
818 2387 878 2418 viae

198 2436 402 2470 Laurentinae
435 2438 567 2478 lapidem
591 2437 668 2468 olim
698 2436 794 2468 fuisse
819 2436 878 2467 im-

196 2488 278 2532 perii
304 2487 448 2519 Romani
472 2488 551 2518 fines
572 2492 680 2519 narrat
699 2492 731 2518 et
751 2487 876 2524 Strabo,

198 2551 229 2570 v.
246 2550 280 2582 p.
296 2539 372 2570 357.
388 2537 443 2570 ubi
463 2543 496 2569 et
514 2537 608 2580 hujus
623 2537 771 2569 sacrificii
786 2548 876 2569 men-

196 2589 317 2621 tionem
334 2588 423 2620 facit.
469 2587 532 2619 Sed
549 2598 650 2630 usque
670 2587 711 2619 ad
733 2593 878 2630 tempora

196 2638 338 2681 Augusti
355 2637 524 2681 imperium
540 2638 725 2669 Romanum
742 2637 877 2669 immen-

197 2689 241 2721 sis
257 2689 406 2721 auctibus
421 2693 575 2720 creverat.
614 2687 699 2719 Hinc
718 2698 803 2730 saepe
821 2698 877 2730 per

196 2741 295 2771 orbem
309 2746 464 2770 terrarum
476 2737 714 2770 declarabatur.
760 2738 876 2770 Noster

198 2800 254 2832 pro
274 2788 408 2832 imperio
428 2790 533 2820 urbem
549 2788 705 2825 nominat,
720 2793 756 2820 ut
773 2787 876 2820 verbis

950 1487 1035 1518 urbis
1051 1492 1082 1518 et
1097 1489 1175 1519 orbis
1191 1487 1328 1520 luderet.
1364 1488 1455 1520 Lusit
1470 1488 1522 1520 hic
1534 1489 1631 1522 ctiam

950 1537 1055 1568 Rutil.
1079 1537 1191 1569 Itincr.
1208 1539 1228 1568 i.
1247 1539 1302 1570 66.
1328 1543 1350 1556 “
1370 1539 1492 1571 Urbem
1517 1540 1633 1577 fecisti,

951 1587 1037 1630 quod
1055 1588 1143 1630 prius
1165 1588 1249 1619 orbis
1272 1589 1378 1625 erat,’'
1405 1600 1444 1620 ex
1473 1591 1547 1622 orbe
1571 1599 1632 1622 ter-

951 1648 1055 1669 rarum
1079 1648 1176 1668 unam
1202 1639 1367 1670 civitatem
1392 1640 1510 1676 fecisti,
1530 1642 1630 1672 omni-

947 1689 1006 1719 bus
1022 1687 1173 1729 gentibus
1186 1687 1328 1720 civitatis
1341 1689 1411 1731 jure
1424 1689 1562 1722 donatis.

1000 1738 1189 1769 686—852.
1222 1739 1465 1781 Regifugium.]
1509 1741 1627 1777 Serius,

946 1799 1020 1830 ergo
1033 1788 1118 1818 xxiv.
1129 1789 1221 1819 Febr.
1246 1789 1338 1820 Unus
1349 1790 1467 1821 Hamb.
1477 1793 1630 1830 septimus,

947 1839 994 1869 Ex
1012 1837 1152 1869 Kalend.
1169 1839 1318 1869 Romano
1334 1838 1366 1869 in
1379 1839 1430 1870 ed.
1448 1840 1629 1872 Mitscherl.

948 1887 1115 1919 Kalendas
1140 1887 1207 1918 viii.
1236 1887 1394 1926 Martias·‚
1421 1890 1572 1921 Petavius
1597 1890 1629 1922 in

949 1938 1101 1969 Dissertt.
1123 1937 1163 1968 ad
1181 1938 1245 1980 Op.
1259 1937 1299 1969 de
1315 1939 1473 1970 Doctrina
1491 1940 1627 1983 Tempo-

949 1998 1030 2024 rutn,
1047 1999 1077 2019 v.
1093 1988 1125 2018 9.
1141 1987 1307 2018 contendit
1322 1988 1411 2019 illam
1425 1989 1533 2030 fugam
1548 1989 1628 2021 inci-

949 2037 1033 2069 disse
1049 2036 1082 2068 in
1097 2040 1240 2078 quintum
1256 2036 1354 2068 diem.
1393 2038 1502 2080 Atque
1526 2039 1570 2070 ita
1585 2051 1624 2072 ex

951 2087 1170 2130 antiquissimo
1184 2087 1264 2118 libro
1280 2098 1337 2118 suo
1348 2088 1485 2131 Neapol.
1501 2089 1615 2121 edidit.

995 2139 1071 2169 687.
1089 2136 1299 2180 Tarquinium
1316 2137 1454 2169 Ovidius
1476 2145 1577 2177 notat,
1593 2146 1629 2172 ut

951 2187 1021 2219 Liv.
1036 2188 1060 2218 i.
1072 2189 1114 2219 53
1130 2200 1136 2218 :
1163 2192 1182 2204 “
1201 2188 1286 2224 Nec,
1305 2193 1341 2219 ut
1352 2187 1489 2230 injustus
1500 2189 1532 2220 in
1545 2200 1625 2233 pace

948 2247 1014 2274 rex,
1031 2237 1077 2268 ita
1098 2236 1163 2268 dux
1184 2236 1262 2268 belli
1282 2247 1401 2279 pravus
1424 2237 1517 2270 fuit.’'
1564 2240 1626 2272 Pro

949 2290 989 2319 ad
1013 2299 1101 2318 arma
1125 2287 1278 2318 Heinsius
1303 2288 1444 2320 malebat
1470 2291 1503 2319 in
1530 2301 1628 2322 arma.

948 2338 1022 2369 Sine
1053 2348 1160 2370 causa.
1205 2338 1282 2369 Post
1311 2338 1472 2381 adjectiva
1498 2341 1538 2370 ad
1562 2341 1627 2372 ele-

948 2394 1062 2430 ganter
1086 2389 1214 2431 ponitur
1237 2400 1304 2432 pro,
1322 2389 1407 2432 quod
1432 2390 1546 2422 attinet
1570 2392 1624 2424 ad.

948 2439 1134 2470 Secundum
1159 2438 1299 2481 Dionys.
1320 2439 1398 2471 Hal.
1418 2439 1461 2472 iv.
1483 2442 1626 2473 49—53.

949 2489 1086 2527 Latinis,
1098 2489 1250 2521 Hernicis
1274 2496 1306 2521 et
1321 2490 1448 2522 Volscis
1467 2490 1500 2522 in
1524 2493 1625 2524 socie-

946 2546 1045 2572 tatem
1069 2540 1218 2582 receptis,
1232 2540 1266 2570 in
1290 2540 1425 2572 Sabinos
1448 2542 1623 2573 exercitum

946 2589 1049 2626 duxit,
1066 2594 1109 2627 et,
1125 2589 1214 2627 inde,
1230 2589 1363 2621 vastatis
1379 2590 1516 2622 hostium
1530 2592 1624 2633 agris,

945 2639 977 2670 in
988 2639 1184 2676 Pomefinos,
1200 2650 1334 2681 quorum
1350 2640 1460 2671 urbem
1477 2641 1624 2672 Suessam

948 2689 977 2721 vi
1001 2690 1098 2732 cepit,
1113 2690 1246 2733 ejusque
1270 2689 1404 2727 incolas,
1420 2690 1551 2733 direptis
1565 2692 1623 2723 bo-

946 2739 1007 2777 nis,
1023 2740 1139 2782 partim
1155 2739 1327 2776 interfecit,
1340 2739 1455 2782 partim
1468 2740 1623 2773 militibus

945 2789 978 2820 in
1002 2789 1143 2832 praedam
1170 2789 1337 2821 concessit.
1381 2790 1463 2820 Tum
1487 2790 1623 2823 Sabinos
