1830 3220
586 165 938 209 FASTORUM
974 167 1096 211 LIB.
1134 169 1225 211 ΙΙΙ.

1537 173 1616 214 161

188 278 445 338 Sithonas,
472 289 524 330 et
560 282 834 348 Scythicos
869 285 1076 349 longum
1111 303 1410 336 enumerare
1443 288 1617 336 trium-

253 359 320 408 Et
343 360 563 408 domitas
590 369 786 425 gentes,
814 364 987 413 turifer
1014 365 1158 423 Inde,
1186 373 1318 414 tuas.

1435 367 1615 431 [phos3

179 436 257 484 Tu
284 454 491 502 quoque
517 438 774 488 Thebanae
800 442 934 490 mala
959 444 1132 507 praeda
1156 445 1392 492 tacebere
1418 445 1611 502 matris,

249 515 413 581 Inque
439 525 585 565 tuum
610 518 751 566 furiis
779 527 909 578 acte,
940 520 1191 586 Lycurge,
1220 539 1372 586 genu.

179 593 316 642 Ecce
343 595 470 643 libet
495 597 689 645 subitos
715 597 883 662 pisces
910 598 1280 665 Tyrrhenaque
1307 607 1534 650 monstra

248 672 462 722 Dicere:
505 675 596 723 sed
622 691 722 722 non
748 684 827 724 est
851 677 1088 725 carminis
1115 678 1266 742 hujus
1292 695 1437 743 opus.

181 746 438 800 Carminis
460 754 612 817 hujus
628 771 774 819 opus,
793 770 974 803 causas
992 772 1310 820 expromere,
1329 773 1487 821 quare
1515 760 1613 805 725

246 831 375 879 Vilis
401 847 528 879 anus
555 832 770 897 populos
798 833 863 881 ad
888 850 980 882 sua
1004 834 1107 882 liba
1131 842 1294 884 vocet.

180 910 314 958 Ante
341 918 454 959 tuos
481 918 620 959 ortus
647 927 745 959 arae
772 911 881 960 sine
908 913 1100 961 honore
1125 912 1345 971 fuerunt,

245 989 413 1047 Liber,
438 997 489 1038 et
514 990 564 1037 in
591 990 773 1054 gelidis
800 992 958 1040 herba
982 999 1184 1058 reperta
1208 992 1351 1040 focis.

173 1068 248 1116 Te
273 1077 571 1126 memorant,
602 1069 783 1133 Gange
809 1076 1022 1134 totoque
1051 1071 1263 1120 Oriente
1290 1072 1520 1129 subactO,

241 1147 501 1196 Primitias
528 1164 712 1212 magno
738 1149 1028 1213 seposuisse
1054 1148 1185 1198 Jovi.

1507 1153 1605 1198 730

174 1226 430 1274 Cinnama
453 1234 508 1274 tu
533 1226 744 1291 primus,
772 1226 1079 1292 captivaque
1105 1236 1218 1276 tura
1242 1227 1449 1285 dedisti,

242 1305 428 1371 Deque
453 1305 766 1370 triumphato
791 1305 986 1354 viscera
1010 1314 1146 1355 tosta
1169 1307 1315 1355 bove.

214 1518 291 1549 719.
316 1517 385 1548 Res
399 1521 497 1558 gestae
516 1515 652 1548 Bacchi.
690 1515 805 1547 Furore
821 1515 851 1547 ei

168 1579 187 1600 a
203 1569 330 1601 Junone
352 1567 481 1610 injecto,
500 1567 691 1609 AEgyptum,
707 1565 846 1608 Syriam,

168 1618 341 1661 Pbrygiam
379 1617 574 1660 peragravit,
612 1622 645 1648 et
682 1616 757 1647 inde
795 1627 851 1659 per

164 1668 335 1700 Thraciam
360 1667 401 1699 ad
416 1667 514 1699 Indos
536 1666 678 1703 devenit,
695 1677 713 1698 a
734 1666 851 1709 quibus

166 1719 296 1750 Thebas
311 1717 416 1750 rediit.
463 1717 533 1749 Hoc
550 1717 609 1748 iter
622 1717 763 1748 breviter
779 1727 849 1747 nar—

167 1769 250 1800 ravit
266 1767 493 1812 Apollodorus,
504 1768 570 1798 III.
582 1779 613 1798 v.
627 1769 646 1799 5
660 1779 667 1805 3
693 1767 851 1810 copiosius

167 1819 329 1851 Diodorus
360 1817 498 1854 Siculus,
524 1818 567 1849 iv.
592 1824 624 1848 et
651 1817 788 1848 Nonnus
820 1817 852 1848 in

168 1869 360 1912 Dionysiae.
422 1869 560 1899 Sithones
596 1867 663 1899 sive
702 1867 849 1904 Sithonii,

166 1931 246 1962 gens
271 1918 417 1950 Thraciae
447 1918 488 1950 ad
515 1925 648 1960 pontum
676 1917 850 1955 Euxinum,

165 1981 269 2013 eaque
282 1968 570 2012 compotationibus
583 1968 713 2007 dedita3
737 1969 850 2000 Horat.

164 2021 194 2052 I.
210 2020 275 2053 Od.
291 2020 378 2051 xviii.
393 2021 424 2052 9.
456 2020 507 2051 De
524 2026 593 2050 ture
614 2019 701 2050 Plin.
716 2018 771 2050 xii.
785 2020 846 2050 30:

161 2076 183 2089 ‘¹
200 2076 284 2108 tura,
300 2076 414 2113 praeter
433 2070 599 2106 Arabiam,
624 2069 731 2106 nullis,
748 2079 785 2100 ac
808 2079 848 2101 ne

163 2120 292 2153 Arabiae
323 2120 454 2163 quidem
482 2120 672 2152 universae.’'
720 2120 846 2161 Nempe

162 2171 247 2203 Saba
262 2170 349 2213 regio
364 2170 516 2209 turifera3
541 2181 572 2201 v.
584 2181 659 2212 sup.
675 2169 715 2200 ad
732 2169 754 2200 i.
770 2171 846 2201 341.

160 2221 224 2253 Sed
241 2220 336 2252 India
359 2220 501 2262 antiquis
524 2220 627 2252 omnis
643 2226 726 2252 terra
743 2219 845 2250 orien-

160 2271 247 2308 talis,
264 2269 408 2314 inprimis
429 2271 463 2302 in
487 2270 681 2302 australibus
702 2270 847 2312 partibus

161 2321 234 2353 sita.
274 2321 358 2352 Vide
375 2320 493 2364 Cuperi
509 2321 680 2352 Observat.
695 2319 740 2351 iv.
759 2320 790 2351 7.

207 2371 282 2403 721.
303 2371 355 2402 De
374 2371 522 2407 Pentheo,
537 2370 747 2401 Thebanorum
759 2380 844 2412 rege,

161 2432 270 2464 quem,
287 2432 386 2463 quum
400 2420 522 2452 Bacchi
536 2431 627 2451 sacra
643 2419 743 2451 nollet
761 2419 845 2451 acci-

162 2482 249 2514 pere,
275 2471 346 2514 ipsa
374 2477 472 2502 mater
498 2470 622 2512 Agave,
647 2469 681 2500 in
709 2470 845 2501 furorem

162 2521 291 2558 adacta,
316 2520 517 2557 dilaceravit,
540 2519 613 2551 vide
638 2521 776 2551 Metam.
800 2519 845 2551 iii.

159 2572 223 2603 511
243 2581 314 2613 sqq.
362 2571 487 2607 Proeclu,
504 2580 578 2601 nam
594 2569 758 2601 Pentheus
777 2579 845 2600 rna-

159 2620 199 2652 tri
224 2619 393 2653 videbatur
420 2631 506 2664 aper.
553 2619 731 2662 Lycurgus,
754 2619 840 2650 Edo-

161 2681 237 2702 num
250 2670 282 2702 in
298 2669 437 2702 Thracia
453 2681 520 2707 rex,
534 2669 615 2702 vites
631 2681 740 2701 omnes
755 2670 842 2701 exci-

160 2720 219 2757 dit,
231 2721 418 2764 Bacchique
434 2721 575 2754 nutrices
591 2720 721 2764 bipenni
737 2731 841 2764 perse-

921 1521 1014 1547 cutus
1031 1522 1089 1547 est.
1136 1516 1188 1547 De
1205 1526 1304 1559 poena
1324 1516 1354 1548 ei
1375 1515 1466 1547 illata
1486 1515 1607 1548 dictum

921 1565 961 1596 ad
986 1566 1123 1597 Metam.
1147 1567 1190 1597 iv.
1213 1567 1267 1598 22.
1313 1566 1499 1598 Secundum
1528 1577 1605 1597 non·

921 1616 1026 1648 nullos
1041 1627 1133 1648 crura
1151 1617 1211 1648 sibi
1235 1617 1414 1660 amputavit
1434 1617 1535 1649 falce:
1561 1618 1606 1649 sic

919 1674 1007 1699 actus
1022 1674 1070 1699 est
1086 1667 1119 1698 in
1133 1679 1217 1710 genu
1232 1679 1337 1700 suum.
1367 1668 1487 1700 Subitos
1500 1672 1606 1708 pisces,

919 1723 981 1749 etc.
1026 1717 1206 1760 Tyrrhenos
1221 1724 1335 1749 nautas
1358 1718 1463 1750 subito
1478 1718 1511 1749 in
1533 1718 1604 1750 del-

922 1767 1037 1810 phinas
1075 1768 1315 1800 transformatos
1333 1780 1340 1799 ε
1388 1769 1526 1800 Metam.
1557 1768 1605 1801 iii.

923 1819 987 1850 597
1003 1829 1074 1860 sqq.

970 1869 1045 1900 726.
1069 1869 1172 1900 Varro
1187 1868 1245 1899 lib.
1259 1879 1290 1900 v.
1302 1868 1342 1900 de
1358 1869 1455 1911 Ling.
1472 1868 1606 1901 Latina:

925 1923 945 1936 “
965 1918 1128 1950 Liberalia
1144 1918 1241 1956 dicta,
1258 1918 1344 1960 quod
1359 1930 1415 1962 per
1429 1924 1532 1950 toturn
1548 1930 1607 1962 op-

921 1968 1032 2011 pidum
1049 1979 1086 2001 eo
1102 1968 1154 2000 die
1169 1969 1282 2000 sedent
1292 1968 1474 2001 sacerdotes
1486 1969 1604 2008 Liberi,

920 2018 1039 2050 hedera
1066 2026 1224 2050 coronatae
1257 2029 1348 2055 anus,
1373 2028 1447 2049 cum
1474 2018 1548 2051 libis
1573 2026 1606 2052 et

917 2070 1023 2101 foculo
1039 2081 1094 2113 pro
1110 2075 1229 2101 emtore
1245 2069 1495 2102 sacrificantes.''
1534 2071 1601 2102 Ho-

916 2131 986 2152 rum
1008 2120 1105 2162 igitur
1127 2120 1322 2162 singulorum
1345 2130 1449 2151 causae
1470 2119 1523 2151 hic
1546 2131 1603 2151 ex-

916 2176 1114 2213 promuntur.
1160 2170 1213 2201 De
1238 2169 1359 2211 origine
1380 2174 1413 2200 et
1433 2180 1601 2212 progressu

916 2231 1076 2252 sacrorum
1100 2221 1144 2252 cf.
1167 2221 1187 2252 i.
1204 2221 1268 2251 337
1294 2230 1367 2262 sqq.
1390 2230 1462 2262 quae
1488 2220 1528 2251 ab
1555 2220 1603 2252 his

917 2270 1115 2313 discrepant.
1165 2271 1298 2306 Gelidis,
1332 2274 1397 2300 etc.
1443 2269 1485 2301 In
1523 2269 1602 2301 focis

917 2320 1015 2351 herbae
1052 2320 1298 2356 enascebantur,
1328 2318 1406 2361 quia
1435 2329 1601 2361 nunquam

917 2369 1188 2401 accendebantur.
1235 2369 1297 2400 Pro
1323 2371 1482 2408 seposuisse
1502 2369 1600 2400 MSS.

914 2419 1042 2463 plurimi
1066 2422 1272 2461 supposuisse5
1299 2419 1355 2450 sed
1379 2420 1513 2451 alterum
1536 2420 1601 2451 ele-

914 2476 1026 2512 ganter
1040 2470 1079 2502 de
1090 2470 1141 2507 iis,
1154 2481 1225 2513 quae
1240 2469 1439 2501 destinantur
1451 2469 1492 2501 ad
1505 2480 1598 2501 usum

917 2520 1072 2563 aliquem.
1105 2520 1191 2552 Vide
1208 2531 1264 2551 nos
1277 2520 1316 2551 ad
1332 2519 1484 2555 Plinium,
1500 2530 1599 2562 pane-

915 2581 984 2613 gyr.
1000 2570 1069 2602 lvii.
1087 2571 1120 2601 4.
1170 2570 1356 2601 cinnamum
1373 2569 1523 2600 mittebat
1538 2569 1598 2599 AE-

913 2620 1059 2664 thiopia3
1099 2619 1237 2656 Plinius,
1267 2619 1323 2652 xii.
1350 2620 1402 2651 19.
1448 2619 1498 2649 De
1527 2619 1596 2649 bove

911 2671 1044 2703 mactari
1067 2677 1175 2713 coepto
1199 2669 1284 2702 conf.
1305 2670 1441 2701 Metam.
1460 2679 1513 2700 xv.
1533 2668 1594 2699 129

912 2733 983 2765 sqq.
1045 2772 1075 2802 Y
