1830 3220
646 631 718 677 LI
740 630 780 677 B
801 629 848 676 R
866 627 887 675 I
941 626 982 673 P
996 626 1043 674 R
1062 625 1084 673 I
1104 625 1158 672 M
1179 624 1201 671 I

712 787 1151 828 ARGUMENTUM.

271 949 459 992 Argumenti
483 947 635 990 expositio
659 952 691 977 et
711 944 881 980 dedicatio,
901 943 1018 973 1—26.
1067 940 1212 982 Digestio
1237 939 1311 970 anni
1335 948 1390 980 per
1405 936 1578 968 Romulum
1602 941 1635 967 et

228 1006 381 1042 Numam,
395 1003 536 1035 27—44.
583 999 763 1032 Discrimen
789 998 922 1033 dierum,
944 997 1087 1028 45—62.
1135 994 1211 1026 Kal.
1227 995 1303 1026 Jan.
1324 990 1485 1023 invocavit
1505 990 1582 1023 Jani
1605 995 1638 1021 et

228 1060 312 1090 bona
327 1064 411 1093 vota,
427 1057 569 1088 63-74,
614 1053 766 1086 Consules
782 1062 896 1083 munus
910 1051 1033 1087 ineunt,
1046 1049 1218 1080 comitante
1234 1047 1362 1090 populo,
1378 1046 1522 1077 75—88.
1561 1045 1581 1076 J
1585 1043 1637 1076 ani

228 1111 436 1154 mythologia.
483 1111 699 1150 Interrogatus
723 1113 854 1149 apparet
870 1105 986 1136 ovidio
1008 1115 1080 1136 cum
1097 1102 1282 1145 insignibus,
1299 1101 1442 1133 89—99.
1460 1106 1492 1131 et
1507 1099 1572 1142 ipse
1587 1109 1638 1130 res

228 1176 301 1197 suas
315 1164 463 1206 explicat,
480 1173 517 1194 ac
532 1162 666 1205 primum
683 1160 812 1202 quidem
828 1160 979 1201 originem
994 1169 1083 1190 suam
1101 1163 1196 1199 atque
1212 1157 1355 1198 figuram,
1372 1155 1553 1186 loo—114.
1570 1159 1637 1184 tum

228 1220 332 1251 officia
355 1225 386 1250 et
411 1218 485 1249 inde
512 1224 581 1248 orta
605 1217 742 1251 nomina,
772 1215 940 1246 115—132
954 1226 961 1252 ;
999 1223 1128 1244 causam
1156 1222 1280 1254 quoque
1307 1211 1427 1252 figurae,
1456 1209 1637 1240 133—144.

229 1274 314 1305 Hinc
329 1272 458 1314 expedit
472 1271 634 1306 nonnulla,
647 1280 717 1311 quae
734 1268 774 1299 ad
791 1268 957 1300 Kalendas
968 1266 1223 1309 Jan.pertinent‚
1239 1276 1295 1296 cur
1308 1275 1407 1296 novus
1418 1274 1519 1295 annus
1534 1262 1640 1294 media

227 1328 350 1363 bruma,
367 1336 429 1356 non
446 1335 515 1356 vere
531 1323 674 1366 incipiat,
686 1322 874 1360 145—1643
899 1332 955 1352 cur
970 1332 1007 1352 eo
1023 1320 1074 1352 die
1091 1330 1194 1351 causae
1212 1319 1348 1349 forenses
1364 1323 1512 1360 agantur,
1534 1317 1640 1347 165—-

234 1381 314 1418 1703
340 1390 394 1410 cur
406 1379 464 1409 sibi
480 1378 579 1420 primo
594 1388 683 1408 sacra
699 1377 785 1413 fiant,
800 1375 987 1413 171—174;
1011 1385 1067 1405 cur
1081 1374 1156 1404 laeta
1171 1373 1267 1404 verba
1278 1372 1436 1408 dicantur,
1452 1371 1638 1409 175-1823

230 1445 285 1466 cur
300 1433 489 1464 munuscula
503 1431 628 1467 dentur,
642 1431 828 1469 183—‘2‘263
845 1440 900 1460 cur
916 1428 1035 1459 nummi
1050 1427 1171 1469 antiqui
1187 1437 1299 1458 navem
1315 1425 1494 1457 habeantet
1509 1425 1640 1456 formam

229 1488 409 1522 bifrontem,
424 1486 617 1524 227—2545
642 1495 696 1516 eur
720 1484 786 1527 ipse
802 1483 834 1514 in
852 1493 915 1514 uno
931 1482 1046 1523 templo
1063 1486 1202 1512 statuam
1225 1480 1354 1517 habeat,
1369 1479 1561 1518 255—277;
1585 1489 1640 1510 cur

229 1548 369 1583 tempore
393 1539 468 1570 belli
491 1545 643 1570 reseretur
665 1538 763 1581 ipsius
786 1537 949 1579 templum,
965 1536 1152 1566 278-288,
1198 1534 1295 1570 Hinc,
1316 1533 1413 1565 misso
1434 1533 1532 1571 Jano,
1547 1538 1642 1576 poeta

231 1593 344 1636 incipit
364 1604 381 1624 e
406 1593 507 1624 Fastis
530 1592 666 1624 haurire.
712 1590 883 1622 Dedicatio
908 1590 1040 1621 duorum
1065 1588 1267 1631 templorum,
1288 1587 1467 1630 AEsculapii
1489 1593 1522 1620 et
1539 1586 1640 1624 Jovis‚

232 1648 416 1680 289—294.
463 1646 514 1677 De
532 1652 640 1676 exortu
663 1652 694 1676 et
715 1655 829 1676 occasu
850 1644 986 1675 siderum
1002 1642 1157 1678 dicturus,
1170 1641 1283 1672 laudes
1297 1647 1545 1672 astronomorum
1560 1650 1640 1683 prae-

231 1701 339 1737 mittit,
356 1701 541 1731 295—310.
589 1700 731 1730 Occasus
747 1699 861 1729 Cancri
877 1705 909 1728 et
921 1699 1024 1738 Lyrae,
1040 1697 1226 1728 311—316.
1272 1695 1463 1737 Agonalium
1480 1705 1594 1726 nomen
1608 1700 1641 1726 et

232 1755 323 1791 ratio,
341 1755 524 1785 317—334.
571 1752 732 1794 Digressio
752 1752 792 1783 ad
814 1752 942 1782 nomina
959 1751 1093 1781 victimae
1117 1757 1148 1781 et
1171 1750 1292 1786 hostiae,
1309 1749 1349 1780 ad
1370 1759 1461 1780 sacra
1481 1750 1585 1791 prisca
1609 1755 1641 1781 et

231 1808 322 1839 initia
341 1807 538 1838 victimarum
563 1817 736 1844 caesarum3
761 1806 876 1847 quibus
893 1804 1019 1835 Aristaei
1044 1804 1152 1835 fabula
1174 1805 1308 1840 intexta,
1327 1804 1513 1835 335—456.
1560 1803 1640 1834 Del—

233 1861 320 1904 phini
336 1867 432 1897 ortus,
449 1861 632 1892 457—458.
679 1859 789 1890 Media
805 1859 915 1895 hiems,
932 1859 1117 1889 459—460.
1166 1857 1394 1894 Carmentalia,
1410 1857 1462 1888 ubi
1482 1857 1582 1888 multa
1599 1856 1640 1888 de

233 1917 416 1950 Carmenta,
435 1914 592 1948 Evandro.
610 1914 755 1944 Herculis
780 1913 918 1943 adventu
944 1918 974 1942 et
991 1912 1068 1943 Caci
1094 1922 1182 1948 nece,
1199 1913 1382 1943 461—-586.
1427 1912 1525 1942 Sacra
1539 1910 1642 1948 Jovis,

234 1969 421 2000 587—588.
468 1967 666 1997 Octavianus
681 1966 818 2007 Augusti
840 1967 964 1997 nomine
984 1974 1122 2002 ornatus,
1140 1966 1231 2008 cujus
1252 1965 1385 2000 nominis
1401 1965 1448 1996 vis
1463 1965 1643 2007 exponitur,

234 2022 420 2053 589—616.
467 2021 585 2052 lterum
603 2020 827 2057 Carmentalia,
839 2019 953 2062 quibus
969 2020 1109 2050 Porrima
1121 2026 1152 2051 et
1167 2020 1331 2051 Postverta
1345 2019 1522 2062 placantur,
1534 2020 1640 2051 617—

234 2077 310 2107 636.
355 2075 539 2107 Concordiae
555 2075 709 2117 templum
726 2075 876 2106 aTiberio
892 2074 1082 2110 restitutum,
1093 2074 1126 2105 in
1141 2085 1203 2116 quo
1219 2080 1251 2105 et
1261 2073 1359 2105 Liviae
1376 2074 1523 2116 quaedam
1538 2085 1644 2116 opera,

235 2129 419 2160 637—650.
456 2129 507 2159 Sol
524 2128 696 2170 ingreditur
710 2128 903 2170 Aquarium;
922 2129 1004 2170 Lyra
1019 2127 1147 2164 occidit,
1164 2128 1239 2159 item
1254 2128 1329 2164 Leo,
1340 2128 1524 2159 651—656.
1548 2129 1644 2160 Sacra

236 2182 428 2218 Sementiva,
444 2182 578 2224 requies,
595 2182 687 2218 festa,
705 2193 815 2224 preces
839 2182 1036 2217 rusticorum,
1053 2181 1141 2223 pacis
1161 2182 1258 2217 salus,
1275 2182 1458 2213 657—704.
1504 2181 1644 2213 Castoris

237 2241 268 2267 et
286 2235 424 2266 Pollucis
438 2236 591 2278 templum
606 2246 625 2266 a
639 2235 763 2266 Tiberio
779 2235 972 2272 dedicatum,
992 2236 1174 2267 705—708.
1220 2236 1313 2267 Pacis
1329 2246 1383 2267 ara
1397 2236 1555 2275 excitata;
1570 2242 1643 2267 vota

238 2300 292 2331 pro
308 2300 385 2331 pace
401 2296 432 2321 et
443 2290 534 2320 domo
552 2289 707 2326 Caesarea,
723 2290 906 2320 709—724.

1820 111 1830 175 -1*⁸*
1813 0 1830 102 *vana
