1809 3220
213 193 298 234 368
750 190 1097 234 EXCURSUS

211 324 402 352 mensem
447 308 855 363 comprehendebat,
900 309 1022 350 incisi
1062 315 1106 349 et
1149 309 1190 349 in
1232 308 1321 350 foro
1362 309 1631 350 Praenestino

209 380 301 434 (ubi
339 394 452 420 nunc
492 377 752 428 Palestrina)
787 379 828 420 in
868 385 1103 434 conspectu
1143 379 1298 420 domus
1338 378 1554 421 Caesareae
1590 379 1632 420 iu

210 448 446 504 hemicyclo
469 448 669 503 expositi,
694 449 783 504 jam
810 463 835 490 a
859 449 1078 490 veteribus
1100 449 1360 490 excitantur.
1427 449 1549 491 Suet.
1576 449 1630 490 de

209 518 362 559 illustr.
386 525 611 572 grammat.
634 532 728 572 cap.
752 517 833 566 17;
869 518 1063 559 Mam-ob.
1094 518 1120 559 i.
1148 518 1217 559 10.
1244 534 1285 573 p.
1310 518 1421 560 196:
1455 519 1503 559 cf
1520 517 1631 559 Ver-

208 588 318 628 rium
340 587 394 628 ad
413 587 455 627 d.
472 586 528 627 21
551 586 660 627 Dec.
684 586 878 628 Macrob.
900 585 936 627 Ι.
962 587 1034 628 xii.
1060 602 1099 641 p.
1120 587 1230 636 2093
1258 587 1408 628 confer
1426 586 1630 628 Verrium

210 657 266 697 ad
289 656 331 697 d.
355 656 381 697 1
398 654 507 710 Apr.
528 655 600 696 ubi
621 655 756 696 Macr.
776 656 910 696 verba
928 654 1074 697 Verrii
1096 656 1236 698 minus
1256 657 1415 711 pudica
1437 656 1518 698 sibi
1540 656 1632 698 visa

208 726 391 774 reticet;
423 731 468 766 et
491 725 620 766 Ovid.
645 725 688 766 in
710 724 828 767 Fast.
852 726 906 766 vi.
924 725 1006 767 62:

422 844 577 895 Inspice
596 858 689 895 quos
709 844 849 882 habeat
869 844 1074 883 nemoralis
1094 844 1226 883 Aricia
1246 846 1376 891 fastos,

476 909 533 947 Et
553 909 718 961 populus
737 909 925 955 Laurens,
947 909 1249 960 Lanuviumque
1270 924 1425 956 meum,

422 974 497 1012 Est
519 973 598 1012 illic
619 973 760 1011 mensis
780 973 999 1012 Junonius:
1031 974 1178 1025 inspice
1199 974 1322 1012 Tibur

478 1038 533 1076 Et
556 1037 811 1075 Praenestinoe
831 1037 969 1075 maenia
991 1052 1107 1076 sacra
1129 1038 1239 1084 Dece,

211 1149 262 1190 ad
292 1162 421 1203 quem
451 1147 592 1188 locum
620 1147 796 1202 egregie
829 1146 1056 1202 Neapolis,
1089 1161 1134 1188 se
1168 1162 1316 1188 eorum
1345 1147 1534 1202 opinioni
1559 1147 1633 1203 qui

209 1218 330 1259 fastis
369 1216 623 1271 Capitolinis
661 1217 848 1258 inventis
885 1217 1082 1259 Suetonii
1123 1217 1262 1258 locum
1298 1232 1349 1258 eo
1389 1217 1628 1266 trahebant,

210 1302 399 1343 unquam
433 1286 644 1328 calculum
678 1287 924 1327 additurum
956 1293 1101 1341 negat.
1168 1286 1367 1338 Quatuor
1403 1286 1629 1333 mensium,

210 1356 422 1404 Januarii,
467 1355 628 1404 Martii,
666 1355 829 1410 Aprilis
867 1361 911 1396 et
946 1355 1202 1396 Decembris
1239 1355 1482 1411 fragmenta
1519 1370 1631 1397 nunc

211 1431 350 1474 eruta,
374 1431 418 1466 et
440 1424 599 1480 quippe
623 1430 841 1465 vetustate
869 1430 912 1465 et
938 1425 1061 1465 ruina
1083 1424 1269 1466 maxime
1296 1426 1448 1466 adrosa
1469 1431 1514 1466 et
1535 1439 1630 1480 per-

210 1495 361 1542 fracta,
391 1494 467 1535 sed
501 1492 701 1548 Pogginii
732 1507 878 1548 opera,
909 1494 1049 1548 quoad
1082 1493 1175 1534 fieri
1205 1499 1389 1549 poterat,
1420 1494 1629 1544 ordinata,

212 1564 423 1619 suppleta,
457 1570 503 1604 et
530 1562 671 1618 amplo
704 1564 1009 1604 commentario
1043 1563 1267 1612 illustrata,
1302 1564 1355 1605 ob
1391 1564 1630 1620 egregium,

213 1635 288 1690 qui
317 1634 366 1674 iis
392 1633 432 1674 in
458 1633 617 1674 Ovidio
644 1633 903 1688 explicando
931 1648 1030 1674 usus
1054 1640 1131 1682 est,
1158 1648 1209 1674 eo
1238 1633 1374 1688 majus
1403 1633 1545 1688 operis
1571 1633 1631 1674 in-

212 1704 323 1759 tegri
363 1702 625 1744 desiderium
665 1703 876 1758 injiciunt.
947 1703 1081 1758 Agite
1104 1694 1264 1759 'igitun
1301 1703 1500 1758 quaedam
1540 1702 1634 1744 loca

210 1787 560 1829 percenseamus,
587 1773 659 1814 ubi
681 1787 829 1814 eorum
861 1773 902 1814 in
930 1772 1089 1814 Ovidio
1113 1773 1371 1828 explicando
1394 1772 1461 1814 vel
1488 1786 1635 1814 emen-

213 1845 356 1886 dando
378 1849 523 1899 partes
547 1849 658 1884 sunt.

269 1915 394 1956 Fast.
428 1915 456 1954 i.
488 1912 589 1954 589.
623 1914 675 1954 ad
707 1913 748 1954 d.
778 1913 850 1954 13.
883 1912 1023 1968 April.
1087 1913 1271 1955 Ovidius
1303 1913 1546 1968 provincias
1577 1913 1630 1954 ab

213 1984 453 2026 Octaviano
478 1983 635 2038 populo
657 1983 861 2032 redditas,
886 1990 929 2023 et
956 1998 1194 2040 cognomen
1217 1982 1409 2039 Augusti
1435 1983 1477 2024 in
1499 1997 1631 2024 unum

213 2053 502 2107 eumdemque
525 2052 637 2093 diem
662 2067 822 2107 ponere
850 2052 1043 2094 videtur:

426 2161 672 2214 Redditaque
693 2170 750 2200 est
771 2162 894 2200 omnis
913 2162 1054 2214 populo
1073 2161 1268 2214 provincia
1288 2168 1429 2206 nostro,

478 2228 533 2265 Et
554 2234 646 2265 tuus
667 2227 849 2278 Augusto
869 2228 1024 2266 nomine
1046 2227 1173 2266 dictus
1193 2240 1297 2265 avus.

211 2331 468 2373 Tenendum
511 2329 550 2370 h.
591 2329 618 2370 l.
660 2330 775 2384 quod
814 2329 1166 2383 diligentissimus
1209 2329 1391 2384 quisque
1434 2321 1643 2370 veterum⁰

213 2401 468 2455 scriptorum
492 2399 625 2439 lector
654 2399 825 2450 minime
849 2399 1076 2453 ignorabit,
1101 2413 1218 2453 saepe
1241 2412 1313 2439 eos
1335 2412 1492 2445 rerum,
1518 2397 1631 2439 haud

213 2471 389 2526 quidem
412 2468 533 2510 simul
557 2475 790 2523 gestarum,
817 2469 892 2510 sed
922 2479 1071 2510 mutua
1099 2469 1265 2510 ratione
1289 2468 1629 2523 conjunctarum,

206 2539 391 2597 junctim
424 2538 686 2579 mentionem
720 2537 912 2592 injicere.
977 2537 1046 2579 Ita
1084 2537 1276 2587 Orosius,
1315 2538 1370 2579 vi.
1407 2536 1478 2579 20.
1515 2542 1632 2592 post-

215 2625 343 2666 quam
367 2610 409 2650 d.
433 2608 519 2649 viii.
545 2613 645 2648 ante
671 2607 735 2648 Id.
761 2607 979 2649 Caesarem
1006 2608 1184 2649 rediisse
1207 2607 1452 2661 scripserat,
1477 2606 1631 2647 eodem

216 2681 285 2721 die
316 2693 414 2720 eum
444 2677 689 2734 Augustum
721 2678 1035 2719 consalutatum
1065 2692 1176 2726 esse,
1205 2678 1339 2725 addit,
1364 2676 1633 2732 conjungens

218 2751 323 2790 duas
344 2762 412 2790 res
436 2763 461 2789 a
482 2763 527 2789 se
548 2747 731 2789 invicem
760 2747 1016 2802 pendentes,
1042 2763 1125 2789 non
1155 2746 1277 2788 simul
1304 2746 1452 2787 factas.
1518 2745 1636 2786 Prae-
