1830 3220
262 203 320 244 76
656 203 708 243 Ρ.
747 202 963 243 OVIDII
997 202 1282 245 NASONIS

262 318 431 365 Aurea
455 317 712 380 pellebant
735 317 935 380 rapidos
961 319 1256 365 umbracula
1281 318 1440 375 soles;

334 393 460 448 Quae
485 401 653 441 tamen
682 392 947 441 Herculeae
974 394 1257 442 sustinuere
1285 410 1479 442 manus.

262 470 481 534 Jamque
507 488 682 518 nemus
710 471 919 528 Bacchi,
947 471 1112 518 Tmoli
1138 472 1320 528 vineta,
1349 472 1581 530 tenebat;

331 547 591 612 Hesperus
617 556 668 596 et
693 548 833 596 fusco
859 549 1086 596 roscidus
1114 550 1218 596 ibat
1243 565 1391 612 equo.

264 623 424 671 Antra
449 625 598 680 subit,
624 625 791 688 tophis
816 625 1155 689 laqueataque
1180 626 1380 689 pumice
1400 626 1538 673 vivo:
1568 628 1665 673 315

334 701 577 748 Garrulus
604 702 652 747 in
678 702 838 765 primo
865 702 1037 750 limine
1063 703 1194 749 rivus
1221 710 1344 750 erat.

266 777 504 841 Dumque
530 786 708 842 parant
733 780 907 842 epulas
934 780 1257 843 potandaque
1282 781 1397 827 vina
1421 779 1650 837 ministri,

334 855 568 902 Cultibus
595 856 809 903 Alciden
837 856 1040 904 instruit
1064 857 1148 904 illa
1173 857 1292 904 suis.

267 930 369 978 Dat
392 939 569 980 tenues
595 934 806 989 tunicas,
837 934 1037 980 Gaetulo
1063 935 1252 983 murice
1276 935 1489 982 tinctas:

332 1007 433 1055 Dat
457 1016 667 1056 teretem
693 1026 885 1065 zonam,
914 1026 1016 1072 qua
1041 1012 1190 1058 modo
1215 1012 1382 1058 cincta
1405 1011 1515 1058 fuit.
1565 1014 1666 1057 320

265 1084 452 1133 Ventre
477 1087 637 1133 minor
662 1103 787 1134 zona
812 1094 917 1134 est:
959 1089 1240 1135 tunicarum
1265 1088 1431 1136 vincla
1454 1088 1665 1144 relaxat,

332 1161 403 1209 Ut
427 1164 588 1226 possit
612 1171 776 1211 vastas
803 1166 1086 1213 exseruisse
1113 1181 1320 1213 manus:

305 1304 380 1334 311.
406 1304 443 1334 In
459 1304 674 1336 instrumentis
692 1307 821 1338 luxuriae
837 1313 927 1339 erant

261 1353 459 1384 umbracula.-
484 1353 623 1391 σκιάδια,
642 1355 713 1386 vela
731 1366 805 1387 auro
828 1362 926 1392 texta,

261 1400 375 1440 quibus
399 1412 457 1443 ope
483 1403 637 1443 virgarum
661 1404 808 1441 obtentis,
832 1412 927 1436 aestus

260 1449 335 1479 solis
356 1451 530 1481 arcebatur.
576 1452 648 1482 Art.
664 1452 774 1484 Amat.
792 1453 825 1484 ii.
844 1455 925 1485 209:

263 1502 287 1514 “
302 1498 375 1539 Ipse
399 1504 470 1530 tene
494 1499 632 1531 distenta
654 1501 719 1531 suis
744 1503 928 1534 umbracula

261 1547 389 1588 virgis,’'
413 1549 487 1590 quia
510 1550 707 1591 plerumque,
735 1557 767 1582 ut
786 1553 927 1592 flabella,

260 1597 300 1627 ab
319 1598 472 1629 eunuchis
493 1605 547 1629 aut
568 1600 692 1630 famulis
707 1602 926 1642 gestabantur.

260 1645 432 1677 Claudian.
448 1648 536 1678 xviii.
552 1649 628 1679 464.
653 1650 740 1680 Olim
756 1651 837 1681 male
853 1652 925 1682 ede-

257 1695 351 1726 batur
376 1699 487 1736 tepidos
515 1699 596 1728 soles.
650 1698 768 1730 Contra
799 1706 927 1739 teporem

258 1754 320 1775 non
343 1755 419 1787 opus
442 1752 490 1777 est
513 1748 722 1779 umbraculis.
771 1750 811 1779 Et
831 1750 926 1781 Clau-

256 1792 342 1825 dian.
367 1793 433 1825 viii.
458 1795 532 1826 340.
556 1795 609 1826 ubi
633 1804 771 1828 nostrum
795 1797 856 1830 loc.
879 1809 927 1829 re—

256 1842 371 1884 spexit,
385 1848 408 1861 ‘¹
421 1854 482 1874 neu
494 1844 660 1876 defensura
673 1847 808 1877 calorem
821 1847 929 1878 Aurea

257 1899 475 1924 summoveant
481 1893 607 1936 rapidos
619 1895 804 1927 umbracula
814 1897 928 1928 soles.''

257 1941 300 1971 Et
319 1944 445 1981 rapidus
466 1943 512 1973 sol
533 1954 618 1985 saepe
639 1944 765 1985 legitur,
781 1946 856 1987 quia
876 1958 926 1976 ra-

254 1992 347 2029 pidus
361 1991 521 2032 epitheton
537 1991 630 2032 ignis.

299 2040 377 2070 313.
406 2040 500 2071 Tmoli
524 2043 635 2078 vineta,
652 2053 722 2083 quae
740 2043 835 2074 etiam
852 2045 924 2075 Me-

257 2095 333 2119 tam.
350 2089 390 2119 vi.
410 2090 460 2120 15.
477 2097 700 2127 memorantur,
718 2098 749 2122 et
772 2092 847 2123 satis
871 2104 923 2124 ce-

256 2137 380 2168 lebrata
403 2145 503 2175 erant,
518 2140 599 2170 bene
618 2152 720 2171 nemus
739 2141 853 2172 Bacchi
872 2142 920 2173 di-

256 2192 370 2218 cuntur
385 2198 439 2229 per
454 2189 697 2230 appositionem.
739 2191 843 2231 Equus
857 2192 919 2223 sin—

255 2236 373 2276 gularis
397 2236 512 2277 (rarius
535 2248 652 2273 currus,
677 2239 740 2269 vid.
762 2239 921 2281 Heynium

256 2284 296 2314 ad
319 2283 426 2316 Tibul.
448 2285 476 2316 1.
493 2285 537 2316 ix.
555 2286 624 2325 62.)
650 2286 796 2324 dabatur,
810 2289 923 2329 first-as

254 2333 408 2375 Hespero,
425 2333 579 2365 candidus
594 2336 752 2367 Lucifero.

296 2383 373 2413 315.
396 2384 531 2414 Antrum
546 2384 637 2420 illud,
653 2391 688 2415 ut
708 2396 724 2415 e
744 2397 814 2428 sqq.
827 2398 923 2429 appa-

252 2435 312 2466 ret,
325 2436 402 2461 satls
414 2430 602 2462 instructum
613 2438 678 2463 erat
691 2434 820 2471 mensis,
836 2436 921 2470 toris.

252 2485 314 2510 etc.
362 2479 472 2520 Taphos
494 2486 525 2511 et
544 2484 694 2521 pumicem
718 2483 814 2514 antris
837 2495 920 2526 saepe

253 2527 331 2559 dant
353 2535 463 2570 poetae.
510 2529 592 2561 Vide
616 2530 655 2561 ad
679 2532 762 2562 Met.
788 2532 831 2564 iii.
849 2535 920 2565 159.

253 2576 411 2617 Laqueata
439 2578 539 2618 (Met.
561 2578 627 2609 viii.
651 2580 726 2610 563.
757 2581 920 2620 lacunato)

254 2625 366 2656 melius
403 2636 509 2667 quarn,
547 2627 658 2658 induta
699 2635 753 2659 aut
791 2635 920 2662 structa.

252 2675 362 2705 Sumta
387 2675 470 2706 enim
494 2683 563 2707 sunt
589 2687 607 2707 a
631 2677 722 2707 tectis
745 2679 917 2710 beatiorum

996 1306 1169 1342 hominum,
1200 1317 1270 1347 quae
1301 1317 1320 1337 a
1348 1305 1443 1336 variis
1474 1305 1668 1336 ornamentis

996 1357 1058 1388 suis
1073 1358 1232 1387 lacunaria
1246 1362 1278 1387 et
1290 1357 1446 1397 laquearia
1461 1355 1558 1386 dicta.
1584 1354 1666 1385 Gar·

996 1408 1084 1437 ralus
1104 1407 1185 1437 bene
1205 1406 1245 1437 de
1266 1405 1332 1437 rivo
1353 1405 1567 1436 indesinenter
1588 1410 1665 1436 stre—

996 1462 1104 1497 pente.

1039 1504 1114 1535 319.
1141 1504 1290 1534 Tenuium
1310 1503 1442 1534 vestium
1467 1502 1586 1545 duplex
1608 1513 1663 1544 ge-

996 1565 1054 1584 nus
1069 1553 1153 1596 apud
1172 1559 1245 1584 vett.
1258 1564 1391 1595 quorum
1408 1564 1505 1584 urium
1520 1563 1558 1583 ex
1575 1553 1666 1584 arbo-

996 1613 1063 1633 rum
1080 1602 1288 1644 quarumdam
1309 1602 1393 1644 apud
1411 1603 1502 1633 Seres
1516 1601 1665 1643 lanugine

996 1652 1176 1683 texebatur:
1203 1662 1273 1693 quae
1289 1652 1399 1683 Serum
1415 1657 1503 1682 texta
1521 1651 1667 1682 densiora

996 1700 1149 1731 Romanae
1169 1701 1315 1732 mulieres
1334 1700 1438 1731 soluta
1458 1700 1560 1731 denuo
1578 1706 1664 1731 texe-

994 1750 1089 1781 bant:
1127 1749 1259 1781 alterum
1288 1750 1514 1791 bombycinum
1542 1757 1619 1786 erat,
1646 1761 1665 1782 e

996 1799 1147 1829 vermium
1170 1798 1231 1829 filis
1253 1804 1396 1836 textum3
1423 1797 1557 1835 Plinius,
1577 1798 1664 1830 Hist.

995 1847 1071 1879 Nat.
1097 1849 1140 1879 vi.
1168 1849 1230 1887 203
1262 1848 1304 1879 xi.
1331 1849 1384 1879 26.
1429 1848 1468 1878 In
1497 1848 1546 1879 his
1574 1855 1664 1880 eraut

994 1903 1095 1928 vestes
1121 1898 1197 1933 Coae,
1213 1908 1293 1939 quas
1314 1897 1471 1934 Tibullus,
1485 1897 1532 1928 II.
1546 1897 1591 1929 iii.
1606 1899 1662 1930 53.

994 1945 1039 1977 ita
1068 1946 1236 1977 describit:
1268 1951 1288 1963 “
1305 1952 1404 1978 vestes
1431 1951 1554 1983 tenues,
1582 1958 1663 1988 quas

993 1995 1110 2026 femina
1126 1996 1193 2027 Coa
1207 1996 1332 2032 Texuit,
1349 2001 1475 2027 auratas
1493 1995 1662 2038 disposuit-

993 2055 1054 2086 que
1086 2045 1187 2081 vias,''
1210 2045 1244 2076 id
1273 2051 1321 2076 est
1349 2045 1526 2077 subtemine
1555 2056 1661 2077 aureo.

993 2094 1071 2125 Tale
1087 2095 1252 2126 subtemen
1272 2095 1366 2126 etiarn
1383 2095 1550 2137 Omphalae
1566 2096 1661 2127 vestis

992 2143 1139 2174 habuisse
1155 2155 1172 2174 e
1188 2155 1278 2175 versu
1295 2145 1369 2175 310.
1386 2144 1521 2176 videtur.
1545 2145 1659 2187 ltaque

991 2193 1127 2224 stamina
1149 2199 1271 2224 tantum
1293 2200 1382 2224 erant
1402 2194 1524 2225 Gaetulo
1544 2197 1660 2226 murice

992 2244 1110 2279 tincta3
1142 2253 1213 2284 quae
1238 2244 1333 2274 verba
1359 2244 1454 2275 etiam
1479 2244 1589 2275 Horat.
1612 2245 1659 2275 II.

992 2291 1051 2332 Ep.
1067 2291 1099 2322 ii.
1119 2292 1192 2323 187.
1211 2293 1368 2334 leguntur.
1416 2293 1563 2329 Gaetucia,
1587 2305 1659 2336 pars

991 2341 1108 2372 Africae
1130 2342 1282 2373 interioris
1297 2353 1381 2384 saepe
1398 2354 1453 2384 pro
1471 2349 1536 2375 tota
1549 2344 1659 2376 Africa

991 2391 1137 2432 ponitur3
1163 2391 1297 2427 Plinius,
1313 2392 1378 2422 viii.
1395 2393 1444 2423 16.
1491 2394 1581 2424 zonis
1596 2405 1656 2426 non

989 2440 1062 2470 solae
1092 2440 1242 2481 virgineS‚
1271 2440 1327 2471 sed
1362 2447 1394 2472 et
1427 2448 1534 2484 nuptae
1567 2448 1658 2484 erant

989 2489 1113 2519 cinctae.
1163 2489 1283 2526 Vincla,
1299 2490 1404 2532 laquei
1428 2491 1469 2522 ad
1490 2491 1656 2528 foramina,

988 2547 1042 2578 per
1055 2548 1126 2578 quae
1142 2548 1254 2569 manus
1268 2540 1501 2571 exserebantur.
1545 2540 1657 2572 Infini-

987 2584 1070 2616 tivus
1092 2589 1262 2623 exseruisse,
1285 2593 1320 2618 ut
1343 2589 1427 2630 apud
1450 2589 1527 2620 Hor.
1551 2590 1594 2621 A.
1613 2590 1655 2621 P.

988 2635 1062 2665 328.
1076 2642 1192 2674 poteras
1203 2637 1318 2667 dhisse.
1342 2638 1391 2668 Ad
1407 2639 1527 2669 brachia
1533 2639 1654 2679 factas,

988 2688 1077 2723 aptas
1093 2683 1237 2715 brachiis.
