1830 3220
565 198 913 240 FASTORUM
948 198 1068 239 LIB.
1104 198 1158 240 V.

1475 200 1561 241 297

140 313 220 360 Ad
247 313 436 361 Janum
464 314 656 371 redeat,
686 315 772 377 qui
799 314 980 377 quaerit
1008 314 1202 377 Agonia
1229 314 1350 378 quid
1377 314 1506 363 sint:

208 391 333 446 Quae
356 392 591 439 tamenin
610 392 775 440 Fastis
792 393 886 439 hoc
910 408 1115 455 quoque
1133 400 1334 457 tempus
1351 393 1557 441 habent.

143 467 307 516 Nocte
334 477 584 533 sequente
609 471 745 518 diem
771 471 911 517 canis
940 470 1242 533 Erigoneius
1269 471 1402 529 exit;

211 546 305 594 Est
331 547 427 594 alio
455 547 585 611 signi
609 548 806 596 reddita
830 564 984 596 causa
1008 549 1136 596 loco,

140 623 416 671 PROXIMA
439 625 656 672 Vulcani
678 626 765 672 lux
788 642 844 672 es
864 644 874 683 ;
905 624 1217 673 Tubilustria
1238 626 1437 673 dicunt:
1461 628 1557 672 725

208 700 512 750 Lustrantur
537 719 692 766 purae,
723 718 850 766 quas
878 702 998 750 facit
1024 702 1125 758 ille,
1153 704 1305 751 tubae.

140 777 421 833 QUATUOR
439 780 555 828 inde
572 780 703 827 notis
720 781 860 828 locus
878 787 977 838 est:
1004 780 1190 844 quibus
1207 781 1379 829 ordine
1396 780 1557 836 lectis,

207 857 302 905 Vel
327 875 435 906 mos
463 875 735 915 sacrorum,
763 860 842 906 vel
871 859 1014 921 Fuga
1040 858 1171 921 regis
1197 859 1344 906 inest.

142 933 262 982 NEC
291 942 341 982 te
367 944 627 999 praetereo,
655 936 830 1001 populi
860 936 1085 983 Fortuna
1110 936 1331 1000 potentis

208 1011 439 1071 Publica,
462 1014 543 1061 cui
562 1015 809 1078 templum
831 1014 944 1061 luce
967 1020 1215 1077 sequente
1236 1014 1428 1061 datum.
1458 1016 1556 1060 730

144 1089 289 1137 Hanc
316 1091 401 1139 ubi
427 1092 567 1140 dives
594 1092 739 1156 aquis
766 1093 1022 1157 acceperit
1048 1092 1372 1157 Amphitrite,

211 1168 370 1216 Grata
394 1168 424 1215 J
429 1169 507 1217 ovi
533 1169 678 1216 fulvae
705 1177 866 1217 rostra
889 1170 1083 1218 videbis
1110 1171 1231 1218 avie.

140 1245 351 1293 Auferat
375 1263 439 1295 ex
465 1247 625 1294 oculis
650 1247 857 1295 veniens
884 1247 1080 1295 Aurora
1108 1247 1333 1303 Booten3

210 1324 568 1389 Continuaque
593 1325 675 1373 die
702 1325 842 1373 sidus
869 1325 1090 1391 Hyantis
1116 1326 1226 1373 erit.

185 1476 259 1507 721.
283 1477 436 1519 Agonalia
459 1476 623 1514 iterantur,
638 1478 677 1509 de
699 1478 814 1520 quibus

139 1526 161 1558 i.
178 1526 241 1558 317
258 1538 328 1569 sqq.
364 1527 415 1559 De
434 1528 518 1558 Cane
535 1528 699 1570 Erigoneio
715 1528 755 1559 ad
771 1529 813 1560 iv.

139 1577 225 1615 9363
249 1576 347 1607 oritur
366 1588 399 1608 x.
418 1577 557 1609 Kalend.

184 1627 258 1658 725.
285 1627 476 1658 Tubilustria
499 1628 542 1659 ix.
567 1628 706 1660 Kalend.
732 1630 813 1659 Lus-

140 1677 303 1708 trabantur
341 1678 425 1708 tubae
468 1678 565 1708 etiam
602 1690 634 1709 x.
670 1678 811 1709 Kalend.

140 1726 280 1768 Aprilis;
306 1727 370 1758 vid.
386 1727 432 1758 iii.
447 1729 521 1758 849.
568 1729 669 1759 Varro
685 1740 690 1758 :
716 1733 736 1745 “
749 1729 811 1759 Tu-

140 1776 321 1808 bilustrium
343 1777 533 1819 appellatur,
550 1778 636 1819 quod
656 1788 692 1809 eo
715 1777 766 1809 die
781 1778 813 1808 in

140 1826 221 1858 atrio
244 1826 360 1857 sutorio
384 1837 540 1858 sacrorum
567 1828 651 1858 tubae
672 1827 811 1858 lustran-

139 1877 226 1908 tur.''
279 1877 330 1907 Sic
360 1876 457 1908 ferme
489 1881 521 1907 et
550 1877 673 1908 Festus.
721 1878 813 1908 Pur-ce

142 1927 232 1963 tuine,
250 1927 334 1957 tubae
355 1937 512 1958 sacrorum
528 1938 537 1965 3
562 1926 619 1958 nisi
640 1928 744 1964 malis,
763 1933 811 1959 tu-

139 1976 203 2012 bae,
221 1982 257 2007 ut
271 1976 334 2007 sint
348 1987 446 2018 purae.

185 2027 260 2057 727.
285 2026 373 2057 Notae
388 2032 419 2057 et
434 2026 533 2058 literae
550 2027 708 2064 dicuntur,
729 2027 812 2059 unde

141 2082 246 2107 notare
266 2081 301 2107 ut
321 2083 455 2113 enotare,
471 2077 618 2108 scribere.
667 2077 751 2108 Vide
772 2077 813 2108 ad

141 2125 293 2162 Plinium,
310 2125 338 2156 Ι.
354 2125 491 2168 Epistol.
509 2127 550 2158 vi.
569 2127 599 2158 l.
616 2133 648 2158 et
663 2137 811 2169 compen-

141 2175 195 2206 dia
222 2185 344 2212 vocum,
370 2186 389 2206 a
415 2176 530 2218 quibus
560 2178 674 2207 notarii
701 2187 814 2207 nomen

141 2225 271 2257 habent.
316 2226 355 2256 In
371 2225 554 2257 kalendario
576 2227 705 2268 antiquo
725 2227 810 2268 lege-

141 2275 259 2306 bantur
274 2280 355 2306 notae
372 2275 432 2313 hae,
447 2276 488 2313 Q.
504 2277 548 2308 R.
560 2278 601 2309 C.
619 2277 654 2307 F.
670 2287 739 2318 quae
754 2276 812 2307 du-

191 2835 292 2866 vol..
311 2836 349 2867 V.

883 1477 1007 1520 pliciter
1023 1478 1085 1517 legi
1101 1482 1259 1519 poterant,
1275 1475 1338 1513 vel,
1354 1475 1482 1518 quando
1503 1485 1556 1506 rex

883 1526 1057 1558 comitiavit
1073 1526 1139 1566 fas;
1164 1527 1228 1563 vel,
1247 1526 1375 1568 quando
1391 1536 1445 1556 rex
1461 1525 1557 1556 comi-

883 1577 925 1608 tio
948 1577 1040 1619 fugit.
1085 1577 1194 1608 Sermo
1218 1583 1325 1608 autem
1350 1581 1398 1607 est
1421 1576 1460 1607 de
1483 1585 1556 1617 rege

882 1638 1053 1664 sacrorum,
1070 1627 1121 1658 cui
1142 1638 1205 1658 non
1227 1626 1286 1657 nisi
1307 1626 1364 1658 hoc
1388 1626 1440 1657 die
1460 1625 1556 1656 comi-

883 1676 962 1707 tium
988 1677 1021 1707 in
1047 1677 1112 1707 foro
1142 1677 1228 1708 adire
1252 1676 1369 1707 licebat
1397 1686 1556 1707 sacrorum

883 1737 991 1763 causa,
1007 1726 1167 1768 sacrisque
1182 1726 1318 1769 peractis
1332 1727 1419 1757 illico
1434 1736 1467 1757 se
1482 1726 1557 1757 inde

883 1777 1085 1819 proripiebat.
1108 1776 1311 1813 Plutarchus,
1323 1777 1446 1814 Quaest.
1457 1775 1555 1806 Rom.

884 1837 916 1868 p.
945 1827 1017 1858 128.
1044 1826 1154 1858 Reisk.
1206 1825 1303 1857 ’Ἑστί
1330 1827 1414 1868 γοῦν
1443 1837 1492 1863 τις
1519 1825 1556 1856 έν

883 1876 992 1919 ἀγορᾷ
1009 1877 1108 1908 Θυσία
1129 1878 1213 1919 πρὸς
1231 1878 1279 1918 τῷ
1297 1875 1464 1918 λεγομένῳ
1486 1879 1554 1907 Κο-

882 1926 988 1968 μητίῳ
1006 1925 1154 1968 πάτριος,
1171 1927 1216 1965 ἦν
1233 1925 1336 1963 Θύσας
1353 1925 1369 1956 ὁ
1384 1925 1554 1966 βασιλεὺς,

885 1976 968 2007 κατὰ
985 1975 1087 2017 τάχος
1102 1976 1214 2006 ἄπεισι
1229 1975 1359 2018 φεύγων
1373 1974 1407 2010 ἐξ
1419 1974 1555 2017 ἀγορᾶς.

925 2028 1000 2058 729.
1016 2028 1067 2058 De
1085 2027 1224 2058 Fortuna
1237 2028 1361 2066 publica
1376 2026 1496 2057 dictum
1514 2026 1554 2057 ad

881 2077 923 2107 iv.
940 2077 1014 2108 375.
1060 2077 1181 2119 Aquila
1194 2077 1315 2118 vesperi
1333 2075 1440 2107 oritur.

927 2127 1001 2158 733.
1025 2127 1105 2157 VII.
1123 2126 1287 2157 Kalendas
1305 2126 1409 2157 Bootes
1432 2126 1554 2157 heliace

884 2176 980 2208 fertur
1009 2176 1041 2207 in
1069 2187 1236 2214 occasum3
1275 2181 1307 2207 et
1336 2176 1379 2206 vi.
1411 2175 1554 2207 Kalend.

882 2227 1042 2267 Hyadum,
1071 2227 1110 2258 de
1139 2227 1254 2269 quibus
1277 2237 1343 2257 ver.
1373 2227 1445 2257 164.
1468 2231 1553 2258 ortus

881 2275 1034 2307 heliacus.
