1830 3220
631 140 703 183 IN
739 138 955 183 OVIDII
989 137 1243 181 FASTOS.
1546 134 1634 176 357

215 273 266 300 eo
295 258 395 300 inde
425 264 617 313 tempore
647 259 759 307 fasti,
782 259 841 300 ita
870 256 1117 312 comparati,
1142 261 1190 296 ut
1216 253 1310 295 dies
1341 252 1438 293 fasti
1460 251 1635 293 nefasti-

216 342 318 382 que,
341 335 424 369 etc.
489 328 595 369 Idus
623 334 669 370 et
692 327 851 376 Nonae,
875 326 1091 382 praecipue
1108 324 1241 381 serice
1272 336 1409 364 omnes
1437 327 1567 362 statae
1594 327 1636 362 et

217 398 466 453 templorum
487 397 779 439 dedicatorum
800 395 1113 443 anniversaria,
1138 394 1318 435 subinde
1347 406 1414 433 res
1437 392 1637 447 quaedam

216 466 259 507 in
296 468 518 522 republica
553 467 729 523 egregie
763 471 898 523 gestae
932 465 989 505 ibi
1023 469 1342 511 annotarentur,
1380 476 1463 503 non
1501 460 1640 502 solum

218 536 388 590 publice
411 537 453 577 in
476 537 566 578 foro
590 543 635 578 et
656 536 747 577 aliis
769 536 871 577 locis
892 534 1075 590 expositi
1103 539 1244 581 ercmt,
1268 533 1342 573 sed
1367 537 1412 572 et
1439 530 1640 586 privatim

218 605 259 646 in
288 607 535 660 porticibus,
561 606 692 654 atriis,
719 605 971 661 plerumque
1005 602 1149 658 lapidi,
1172 602 1387 643 interdum
1419 600 1492 641 aeri
1520 599 1642 641 incisi

220 674 502 717 habebantur.

281 744 368 786 Per
390 746 539 787 urbem
561 745 862 800 dispositorum
887 743 1088 798 exempla
1110 742 1314 784 habemus
1336 742 1376 783 in
1400 741 1520 782 fastis
1539 739 1642 781 Ful-

220 815 279 858 vii
312 815 550 857 Nobilioris
586 815 628 856 in
666 815 825 870 templo
866 813 1071 855 Herculis
1108 812 1334 867 publicatis
1370 810 1584 864 (Macrob.
1617 809 1645 850 i.

222 885 315 936 12.)
336 886 409 940 qui
439 885 550 926 infra
578 885 660 926 alio
689 885 858 926 nomine
890 882 1093 924 laudandi
1122 888 1223 923 sunt
1252 887 1296 922 et
1323 881 1364 921 in
1395 879 1648 935 fragmentis

224 955 432 996 fastorum
455 970 532 1009 per
552 955 700 996 urbem
724 954 910 996 inventis
931 954 970 994 iu
995 967 1145 1008 campo
1171 952 1326 999 Florae,
1352 951 1392 992 in
1415 950 1646 1005 Exquiliis,

226 1031 310 1074 etc,
341 1025 458 1080 (vide
495 1025 641 1075 infru.)
703 1025 917 1066 Eumdem
950 1029 1095 1065 autem
1133 1021 1371 1063 tabularum
1407 1033 1648 1075 proponen-

227 1095 378 1136 darum
407 1110 569 1136 morem
599 1095 640 1136 in
671 1094 915 1149 municipiis
943 1094 1073 1134 etiam
1106 1091 1284 1146 aliisque
1310 1089 1450 1131 Italiae
1481 1088 1651 1144 oppidis

227 1164 478 1213 obtinuisse,
505 1171 600 1220 post
623 1164 830 1212 Ovidium
859 1163 998 1217 (Fast.
1023 1162 1078 1203 vi.
1100 1162 1190 1211 59.)
1213 1161 1284 1201 ubi
1314 1161 1367 1201 ad
1398 1159 1530 1200 fastos
1551 1157 1651 1199 Ari-

227 1234 360 1283 cinos,
390 1234 690 1282 Laurentinos,
722 1233 1014 1274 Praenestinos
1046 1237 1267 1285 provocat,
1299 1230 1506 1270 fastorum
1539 1229 1653 1283 frag-

229 1310 375 1345 menta
395 1310 520 1345 extra
541 1305 689 1345 urbem
713 1310 758 1345 et
779 1304 821 1344 in
844 1301 1022 1344 aliorum
1046 1300 1299 1355 oppidorum
1322 1298 1455 1340 ruinis
1481 1304 1656 1352 reperta

229 1373 412 1423 docent;
445 1389 542 1429 quae
569 1373 742 1420 tabulae,
767 1386 852 1428 quo
878 1372 1013 1427 major
1040 1370 1217 1411 urbibus
1239 1383 1337 1410 cum
1360 1367 1502 1410 Roma
1527 1368 1656 1408 inter·

230 1442 348 1484 cedit
371 1443 661 1492 necessitudo,
683 1457 734 1484 eo
758 1441 934 1497 propius
954 1440 1006 1482 ad
1030 1440 1163 1481 fastos
1186 1438 1408 1480 Romanos
1425 1437 1655 1479 accedunt.

231 1511 443 1555 Videmus
476 1513 555 1556 hoc
579 1529 617 1555 v.
643 1529 679 1555 c.
705 1513 747 1554 in
777 1511 1075 1560 Amiterninis,
1100 1509 1398 1558 Praenestinis,
1423 1508 1466 1549 in
1498 1507 1653 1563 quibus

230 1598 370 1638 pauca
393 1585 447 1625 ad
475 1584 622 1639 oppidi
648 1582 837 1639 cujusvis
865 1581 1057 1637 proprios
1086 1580 1193 1621 ritus
1221 1578 1484 1634 pertinentia
1509 1592 1658 1620 occur-

232 1659 370 1702 runtss,
395 1653 537 1694 omnia
558 1653 650 1694 fere
673 1667 769 1694 cum
792 1652 856 1700 iis,
882 1666 988 1706 quos
1012 1649 1155 1691 Roma
1176 1649 1338 1697 habuit,
1363 1649 1638 1689 conveniunt.

294 1722 348 1764 In
382 1723 474 1764 aliis
507 1723 622 1764 Latii
654 1722 836 1778 populis,
872 1735 979 1777 quos
1013 1720 1215 1768 Ovidius,
1240 1719 1360 1760 Fast.
1391 1719 1448 1759 iii.
1478 1717 1536 1760 87
1568 1732 1660 1774 seq.

235 1800 450 1842 recenset,
474 1793 635 1848 quique
667 1794 804 1834 minus
834 1807 858 1833 a
881 1792 1022 1834 Roma
1044 1791 1228 1846 profecti
1254 1797 1393 1838 erant,
1415 1789 1549 1830 fastos
1573 1789 1661 1830 abi-

237 1863 320 1903 isse
352 1863 395 1904 in
428 1863 586 1912 multis,
613 1863 677 1904 vel
706 1878 762 1904 ex
791 1863 962 1904 diverso
992 1862 1139 1902 ordine
1171 1860 1382 1902 mensium
1411 1858 1664 1914 intelligitur

237 1934 406 1986 (confer
432 1932 659 1974 Censorin.
682 1933 709 1974 i.
731 1933 823 1984 20.)
886 1931 1061 1973 Colonis
1095 1936 1245 1971 contra
1278 1929 1320 1970 in
1354 1930 1448 1984 ipsa
1477 1928 1664 1969 colonia-

235 2018 329 2045 rum
359 2004 636 2053 deductione,
660 2009 706 2044 ut
735 2017 856 2044 sacra
884 2002 933 2043 iis
963 2016 1060 2042 cum
1090 2001 1195 2041 urbe
1228 1999 1470 2041 communia
1499 2003 1660 2047 essent,

236 2114 447 2154 penetralibus
464 2112 646 2154 pontificum
668 2110 917 2154 evnlgztt·it,jizs-

240 2170 339 2205 trisque
355 2163 556 2206 circasomm
574 2165 606 2194 in
624 2163 691 2194 albo
704 2164 871 2204 proposuit,
887 2168 921 2193 ut

242 2216 363 2255 quando
379 2216 442 2256 lege
458 2215 510 2256 agi
523 2221 629 2254 posset,
644 2215 787 2245 sciretur.
827 2213 921 2245 Conf.

987 2109 1130 2152 potentia
1154 2109 1207 2151 qui
1232 2108 1492 2144 consulebantur,
1511 2118 1530 2138 a
1553 2107 1671 2149 quibus

988 2160 1085 2192 etiam
1099 2160 1176 2196 dies,
1189 2166 1352 2202 tamquam
1370 2170 1388 2190 a
1402 2157 1566 2190 chaldaeis
1582 2163 1670 2200 pete-

989 2212 1119 2243 bantur.
1181 2210 1234 2242 Ad
1264 2210 1344 2241 illud
1376 2216 1502 2252 tempus
1534 2208 1672 2252 pertinet

244 2264 319 2296 Val.
335 2265 427 2295 Max.
443 2264 489 2295 ΙΙ.
506 2276 534 2295 ν.
552 2274 617 2295 sec.
638 2265 657 2294 2
673 2276 678 2294 :
712 2264 815 2294 Festos
836 2275 922 2303 poene

245 2322 305 2346 toto
319 2314 396 2357 foro
421 2316 575 2355 eaposuit:
609 2314 693 2346 unde
716 2314 847 2345 fortasse
871 2324 923 2345 eos

244 2364 414 2396 duodecim
453 2365 582 2402 tabulis,
619 2376 752 2407 quarum
789 2364 922 2406 singulae

244 2414 386 2457 singulos
410 2426 534 2447 menses
553 2415 867 2458 comprehenderent,
890 2420 924 2446 ut

245 2471 354 2507 postea
383 2465 450 2496 fieri
474 2466 608 2502 solebat,
634 2470 799 2496 contentos
829 2464 924 2497 fuisse

247 2514 355 2558 colligi
389 2522 503 2558 potest.
550 2515 656 2547 Antea
690 2515 774 2547 enim
808 2514 926 2557 singuli

247 2566 315 2598 dies
331 2566 401 2598 festi
422 2566 550 2609 publice
571 2577 627 2610 per
645 2567 756 2597 urbem
779 2576 927 2609 praenun-

248 2617 318 2649 tiati
334 2623 419 2654 sunt,
436 2618 486 2649 vel
501 2617 527 2649 si
543 2618 614 2660 quis
627 2617 714 2660 prius
729 2617 768 2648 de
790 2616 829 2647 iis
847 2615 926 2648 scire

250 2668 361 2705 voluit,
382 2679 402 2700 a
425 2669 573 2710 pontifice
597 2679 650 2700 eos
674 2674 780 2711 petere
805 2667 929 2699 debuit,

252 2718 320 2750 Cic.
336 2730 392 2762 pro
407 2720 544 2750 Murena
565 2721 599 2749 ll
614 2732 619 2749 ε
646 2719 746 2750 Erant
763 2717 795 2749 in
811 2728 928 2760 magna

990 2262 1076 2294 haud
1093 2262 1188 2293 dubie
1206 2260 1340 2292 Arnobi1
1357 2261 1447 2292 locus
1463 2260 1536 2291 adv.
1548 2265 1672 2302 gentes,

992 2313 1054 2344 vii:
1081 2312 1216 2343 Lavatio
1239 2311 1349 2342 matris
1371 2311 1477 2341 Deum
1499 2315 1547 2342 est
1565 2309 1672 2347 hodie,

990 2362 1081 2395 Jovis
1102 2363 1231 2405 epulum
1255 2372 1325 2393 cras
1346 2361 1410 2397 fiet,
1428 2359 1671 2392 Lectisternium

994 2411 1117 2444 Cereris
1134 2412 1193 2443 erit
1207 2411 1318 2443 Idibus
1333 2410 1494 2454 proximis.

1037 2468 1053 2490 g
1078 2463 1153 2495 vid.
1170 2464 1256 2495 Fast.
1271 2463 1375 2494 Praen.
1392 2461 1432 2492 ad
1449 2462 1481 2493 d.
1497 2462 1546 2492 ll.
1593 2461 1675 2503 Apr.

994 2513 1049 2545 ubi
1075 2524 1092 2545 e
1115 2512 1217 2556 patria
1236 2518 1268 2545 et
1290 2511 1442 2554 peculiari
1461 2510 1671 2542 Praenestino-

995 2575 1063 2596 rum
1085 2563 1237 2606 religione
1259 2563 1383 2594 Festum
1399 2562 1545 2593 Fortunae
1565 2562 1675 2601 primi-

995 2617 1103 2658 genioe,
1120 2614 1200 2646 Deae
1228 2613 1495 2645 Praenestinorum
1519 2609 1677 2647 tutelaris‚

997 2665 1224 2698 celebrandum
1255 2675 1335 2700 esse,
1361 2663 1525 2694 oraculum
1555 2666 1675 2704 patere,

999 2723 1061 2748 etc.
1079 2720 1259 2747 annotatur.
1305 2713 1397 2745 Cous.
1413 2711 1546 2754 Foggin.
1563 2722 1594 2754 p.
1611 2711 1666 2742 48.
