1809 3220
201 135 299 177 3562
736 134 1083 178 EXCURSUS

206 253 375 308 singula
396 252 500 301 loca,
526 266 608 293 non
636 252 716 294 rite
746 252 1000 294 discrevisse
1031 251 1279 307 reperiamb.
1341 249 1507 292 Verum
1531 247 1622 302 jam

208 323 316 364 vidit
337 322 535 364 Siccama
554 321 712 375 aliique
733 320 917 373 (Graevii
939 321 1148 362 Thesaur.
1174 327 1273 362 tom.
1294 319 1402 371 viii.)
1422 318 1498 373 qui
1518 316 1621 358 alte-

206 406 299 432 rum
322 406 459 446 genus
482 391 614 432 fastos
634 391 831 439 minores,
850 391 1122 432 kalendarios
1146 389 1211 431 vel
1237 388 1498 436 kalendaria,
1518 385 1623 427 alte-

206 475 300 502 rum
322 461 456 501 fastos
478 460 659 515 majores
682 460 888 507 vocando,
911 474 1098 501 errorem
1123 459 1341 500 vitandum
1366 459 1620 502 docuerunt,

207 529 288 570 etsi
312 529 390 570 hoc
413 529 540 570 etiam
563 530 823 570 monendum
845 537 924 577 est,
950 529 1001 569 ab
1024 535 1130 583 optt.
1155 529 1408 582 scriptorum
1431 540 1527 573 usu,
1549 522 1623 565 ubi

208 613 288 640 nec
318 598 417 639 fasti
445 598 697 639 kalendares
726 612 806 638 nec
835 597 1084 639 kalendaria
1109 597 1324 651 leguntur,
1348 596 1454 636 hanc
1477 592 1623 649 appel-

204 667 423 716 lationem,
448 682 533 722 qua
563 674 704 708 tamen
735 674 779 708 et
808 681 882 708 nos
905 667 958 707 ad
982 667 1126 707 turbas
1149 667 1344 707 vitandas
1364 665 1426 706 uti
1449 661 1623 705 debebi-

208 751 315 786 mUS,
340 737 582 778 abhorrere.
646 737 776 792 Apud
815 743 922 791 optt.
950 737 1178 792 scriptores
1206 737 1438 778 Fastorum
1468 745 1622 774 nomen

205 807 247 848 in
271 813 454 862 utroque
477 821 637 862 genere
660 807 911 855 adhibitum,
928 812 1070 847 utrum
1092 821 1229 862 genus
1252 806 1477 852 indicetur,
1493 804 1623 844 inter-

207 878 308 919 dum
331 877 567 932 dijudicatu
590 876 761 917 difficile
783 877 937 918 reddit.

440 984 479 1024 1.
514 984 640 1026 Fasti
660 985 775 1026 sacri
795 984 1078 1035 (kalendares,
1099 983 1386 1034 kalendaria.)

266 1087 396 1129 Initio
419 1087 482 1128 hae
505 1087 677 1135 tabulae,
703 1088 817 1128 unde
842 1092 886 1128 et
909 1101 1062 1128 nomen
1087 1087 1358 1133 invenerunt,
1384 1083 1484 1125 nihil
1507 1082 1623 1124 aliud

204 1157 329 1199 fuere
351 1172 400 1198 ac
424 1157 603 1205 dierum,
623 1156 778 1211 quibus
801 1156 881 1197 fari
902 1156 962 1206 (id
988 1157 1152 1211 est,jus
1175 1156 1338 1205 dicere)
1359 1154 1523 1202 liceret,
1544 1166 1624 1194 nec

206 1242 275 1275 ne,
300 1241 378 1282 per
410 1233 546 1267 totum
579 1241 736 1267 annum
770 1226 1025 1274 notationes,
1059 1226 1115 1267 ita
1151 1233 1194 1266 ut
1225 1224 1361 1266 cuivis
1393 1224 1490 1265 anni
1523 1222 1624 1271 diei,

207 1297 297 1338 sive
326 1297 477 1345 fastus,
500 1297 589 1337 sive
622 1297 830 1344 nefastus,
855 1296 944 1337 sive
974 1296 1201 1337 intercisus
1230 1300 1360 1342 esset,
1385 1293 1514 1334 certis
1541 1292 1620 1348 sig-

206 1366 270 1407 nis
301 1366 370 1420 (F.
404 1365 463 1406 N.
495 1374 539 1406 et
571 1365 643 1415 E.)
676 1365 701 1405 i.
732 1380 772 1406 e.
806 1365 1139 1413 endotercisus⁰‚
1168 1365 1432 1419 adscriptum
1464 1361 1625 1404 essetd.

207 1435 464 1476 Efficiebaut
495 1435 554 1474 ita
587 1443 751 1489 partem
777 1434 885 1489 juris
914 1435 1064 1483 civilis,
1097 1448 1220 1489 aeque
1250 1449 1299 1474 ac
1331 1431 1626 1474 commentarii

205 1503 469 1558 pontificum,
502 1510 546 1543 et
578 1510 752 1544 senatus
784 1503 1110 1559 pontificesque,
1141 1510 1189 1544 ut
1224 1503 1266 1544 in
1301 1502 1379 1544 hac
1411 1517 1457 1543 re
1491 1501 1627 1557 magis

206 1587 281 1627 pro
310 1573 482 1614 arbitrio
512 1587 641 1627 agere
671 1578 861 1626 possent,
885 1588 909 1613 a
939 1573 1085 1627 populi
1107 1578 1338 1627 conspectu
1364 1571 1438 1612 has
1460 1571 1626 1612 tabulas

205 1642 436 1697 diligenter
455 1656 602 1683 arcere
625 1641 738 1682 soliti
759 1648 930 1690 erant0;
963 1643 1099 1683 donec
1122 1656 1288 1682 summa
1308 1656 1405 1682 cum
1425 1640 1627 1682 senatorii

205 1712 363 1753 ordinis
398 1712 692 1767 indignatione
732 1718 776 1752 et
816 1712 979 1753 invidia
1022 1726 1046 1753 a
1082 1711 1246 1760 Flavio,
1283 1710 1417 1766 Appii
1455 1710 1627 1752 Claudii

205 1781 356 1830 scriba,
392 1781 561 1822 homine
595 1780 748 1821 callido
787 1788 831 1821 et
864 1781 1010 1836 populi
1049 1780 1240 1823 favorem
1273 1786 1490 1835 captante,
1528 1793 1626 1821 cum

206 1851 357 1892 iisdem
391 1850 708 1892 commentariis
738 1850 989 1905 pontificum
1024 1851 1205 1906 primum
1236 1848 1490 1906 prodirentf.
1554 1849 1626 1892 Ex

250 1946 263 1967 ὓ
287 1947 406 1979 Omnia
432 1945 571 1978 turbavit
593 1958 624 1977 v.
643 1957 672 1977 c.
718 1945 822 1976 Adam
849 1945 881 1976 in
951 1954 1059 1977 contra
1089 1952 1231 1978 senatum
1265 1946 1345 1977 inter
1375 1946 1452 1983 alia,
1485 1956 1556 1988 quae
1585 1944 1626 1977 de

206 1998 318 2039 Antiq.
342 1998 437 2028 Rom.
457 2008 474 2028 e
498 2008 577 2028 vers.
600 1997 733 2038 Meyeri,
758 2002 781 2026 t.
803 1997 823 2026 i.
847 2007 879 2037 p.

206 2049 280 2080 526.
292 2049 346 2089 qui
363 2048 458 2079 fastos
473 2046 636 2078 historicos
652 2054 683 2077 et
696 2046 881 2077 kalendares

208 2105 238 2129 et
255 2108 378 2130 summa
395 2098 465 2129 imis
481 2098 602 2129 miscet.

249 2154 262 2169 ⁰
290 2149 376 2181 Eudo
397 2149 479 2180 enim
497 2148 628 2190 antique
644 2159 699 2190 pro
716 2151 746 2178 ιἰι
764 2148 796 2178 in
819 2148 881 2189 leg.

206 2199 260 2232 xii.
277 2200 344 2231 tab.
368 2199 452 2241 apud
474 2198 612 2230 Ennium
637 2206 668 2230 et
685 2199 810 2229 Lucret.
826 2209 879 2229 ex-

207 2257 279 2281 stat.
295 2250 363 2281 Cic.
378 2252 414 2280 de
431 2251 489 2292 leg.
505 2249 540 2279 ii.
558 2250 595 2286 8;
622 2249 713 2280 Lucr.
727 2248 781 2279 lib.
794 2248 815 2278 i.
829 2248 880 2278 82.

249 2299 264 2320 ‘¹
288 2302 399 2332 Festus
421 2311 472 2331 ex.
495 2299 622 2331 emend.
649 2300 732 2330 Dae.
783 2298 883 2330 Fastis

206 2354 285 2382 enim
315 2352 376 2382 {lies
390 2351 473 2392 fasti
497 2352 614 2381 insunt.
663 2349 803 2386 Primum
830 2360 881 2380 eo-

206 2412 275 2432 rum
290 2400 457 2442 vestigium
477 2400 555 2431 forte
577 2407 708 2442 apparet
724 2399 757 2430 in
778 2399 882 2440 ponti-

208 2452 267 2483 fice
289 2461 307 2482 a
323 2451 432 2482 Numa
453 2450 609 2487 instituto,
629 2450 681 2481 ubi
698 2449 767 2481 Liv.
782 2450 803 2481 i.
819 2451 880 2481 20:

210 2502 249 2532 Εἰ
272 2512 358 2532 sacra
380 2502 479 2531 omnia
502 2503 650 2540 eiscripta
670 2502 885 2542 eisignatuque

206 2553 328 2588 tribuit,
352 2553 459 2592 quibus
483 2552 597 2586 hostiis,
620 2551 737 2592 quibus
759 2550 883 2586 diebus,

205 2604 245 2633 ad
260 2613 324 2642 quae
341 2603 450 2642 templa
466 2602 685 2642 saer-aflerent,
698 2607 787 2641 atque
803 2602 884 2631 uude

206 2654 239 2682 in
254 2662 299 2682 eos
314 2657 430 2682 sumtus
449 2657 642 2693 erogaretur.

250 2706 264 2721 e
287 2701 356 2732 Liv.
373 2702 457 2733 iv.3.
506 2700 681 2733 Canuleius
696 2701 727 2731 in
741 2701 881 2732 oratione

951 1998 1103 2029 violentia
1125 2005 1157 2029 et
1176 1998 1291 2040 injuria
1311 1997 1379 2040 ejus
1401 1997 1625 2039 conqueritur:

951 2054 971 2065 ‘⁸
990 2048 1130 2079 Obsecro
1155 2059 1218 2085 vos,
1244 2047 1299 2085 ait,
1324 2049 1347 2079 si
1371 2060 1431 2078 uon
1455 2049 1495 2078 ad
1512 2046 1625 2088 justos,

953 2111 1009 2130 non
1026 2101 1065 2130 ud
1081 2101 1306 2130 commentarios
1319 2099 1499 2140 pontificum
1514 2099 1627 2129 admit-

952 2151 1058 2186 timur,
1073 2160 1113 2180 ne
1130 2159 1169 2180 ea
1184 2148 1313 2191 quidem
1328 2149 1456 2184 scimus,
1471 2158 1542 2190 quae
1559 2158 1626 2179 om·

952 2210 1006 2230 nes
1023 2200 1177 2242 peregrini
1194 2199 1290 2230 etiam
1302 2198 1417 2235 sciunt,
1433 2198 1579 2230 consules
1594 2198 1627 2229 in

952 2250 1056 2281 locum
1073 2260 1182 2291 regum
1197 2249 1409 2281 successisse?
1435 2259 1493 2281 nec
1508 2249 1626 2292 autju-

952 2300 992 2331 ris
1017 2308 1071 2332 aut
1099 2299 1275 2342 majestatis
1301 2300 1474 2342 quicquam
1496 2299 1626 2336 habere,

952 2351 1037 2393 quod
1067 2361 1129 2382 non
1156 2351 1190 2382 in
1219 2351 1346 2392 regibus
1375 2356 1448 2382 ante
1476 2350 1571 2382 fuerit
1587 2350 1627 2381 2⁰

953 2402 1033 2439 Quae
1051 2401 1174 2443 dejure
1189 2401 1354 2432 consulum
1370 2399 1414 2431 ibi
1429 2400 1534 2432 celato
1549 2411 1627 2443 que-

953 2451 1041 2488 ritur,
1057 2450 1181 2482 nonnisi
1203 2450 1244 2481 ad
1265 2449 1505 2482 commentarios
1524 2450 1628 2493 ponti-

955 2500 1048 2532 ficum
1072 2500 1241 2543 pertinent,
1265 2500 1298 2531 in
1322 2501 1437 2543 quibus
1456 2500 1510 2543 jus
1532 2500 1627 2532 civile

952 2551 1184 2588 continebatur,
1208 2550 1304 2582 fastos
1326 2558 1431 2583 autem
1453 2551 1547 2583 simul
1571 2562 1627 2583 no-

953 2603 1063 2639 minat,
1080 2613 1178 2644 quum
1194 2601 1235 2633 ad
1251 2601 1335 2633 idem
1348 2602 1401 2644 jus
1419 2602 1624 2644 pertinerent.

997 2650 1008 2670 s
1028 2652 1159 2683 Factum
1174 2657 1242 2682 erat
1257 2662 1338 2683 anno
1355 2652 1396 2683 U.
1411 2651 1450 2683 C.
1466 2652 1541 2682 440.
1569 2651 1626 2683 Li-

953 2702 1033 2737 vius,
1056 2701 1098 2733 ix.
1114 2702 1176 2732 46:
1214 2702 1312 2733 Civile
1325 2705 1384 2741 jus
1408 2703 1568 2742 repositum
1590 2704 1625 2733 in
