1830 3220
570 173 919 216 FASTORUM
955 173 1076 216 LIB.
1114 174 1205 218 III.

1516 179 1603 220 163

178 290 352 355 thue
380 291 520 356 piger
545 291 699 356 pandi
725 299 868 355 tergo
893 292 1153 340 residebat
1177 292 1339 348 aselli,

241 369 486 434 Applicat
507 370 641 418 hunc
668 371 820 427 ulmo,
849 370 1228 436 corticibusque
1255 370 1409 420 cavis.

1500 376 1597 421 750

174 447 420 496 Constitit
444 448 554 513 ipse
582 465 736 514 super
760 466 960 498 ramoso
987 450 1159 515 stipite
1185 450 1365 508 nixus;

238 525 414 590 Atque
440 527 586 576 avide
611 534 792 575 trunco
818 528 1024 576 condita
1043 529 1197 577 mella
1221 529 1368 593 petit.

172 602 337 653 Millia
361 607 663 654 crabronum
689 612 904 664 coeunt3
947 613 1000 655 et
1024 606 1213 655 vertice
1239 607 1375 655 nudo

240 682 452 747 Spicula
477 683 725 747 defigunt,
753 700 943 748 oraque
971 701 1171 733 summa
1195 692 1390 733 notant.

171 760 263 810 Ille
289 762 429 810 cadit
449 779 696 828 praeoeps,
725 770 777 811 et
800 763 942 811 calce
967 763 1144 811 feritur
1169 764 1341 822 aselli3

1500 767 1597 812 755

239 840 592 906 Inclamatque
618 858 754 900 suos,
783 841 1136 906 auxiliumque
1161 848 1323 905 rogat.

167 919 492 968 Concurrunt
520 921 708 985 Satyri,
729 920 1092 986 turgentiaque
1118 936 1206 969 ora
1230 921 1456 986 parentis

236 997 456 1047 Rident:
499 1015 743 1064 percusso
770 999 1027 1047 claudicat
1052 999 1135 1048 ille
1163 1016 1314 1063 genu.

168 1077 325 1127 Ridet
343 1086 394 1127 et
415 1079 524 1143 ipse
542 1078 685 1128 Deus
705 1097 716 1137 ;
747 1079 1027 1142 limumque
1046 1078 1287 1126 inducere
1308 1085 1558 1126 monstrat
1577 1096 1586 1125 z

237 1156 334 1204 Hic
363 1166 509 1221 paret
535 1157 755 1214 monitis,
785 1166 836 1206 et
860 1157 973 1205 linit
997 1174 1084 1206 ora
1109 1158 1233 1205 luto.

1499 1160 1596 1206 760

169 1234 325 1284 Melle
352 1242 495 1300 pater
521 1235 729 1291 fruitur;
772 1236 980 1300 liboque
1007 1235 1174 1284 infusa
1198 1236 1384 1283 calenti

234 1312 264 1360 J
273 1329 358 1361 ure
384 1313 628 1378 repertori
654 1314 875 1361 candida
899 1314 1052 1362 mella
1076 1315 1275 1362 damus.

168 1391 379 1440 Femina
407 1408 498 1439 cur
523 1399 746 1457 praestet,
775 1408 877 1440 non
903 1401 982 1441 est
1007 1393 1214 1441 rationis
1241 1399 1457 1457 opertae:

237 1470 506 1519 Femineos
533 1471 711 1536 thryso
737 1472 962 1520 concitat
986 1473 1070 1520 ille
1097 1472 1295 1520 choros.

167 1549 274 1598 Cur
300 1567 427 1598 anus
454 1551 550 1599 hoc
576 1550 746 1609 faciat,
777 1551 997 1616 quaeris?
1035 1551 1255 1599 vinosior
1279 1557 1403 1598 aetas

1499 1552 1595 1597 765

235 1628 364 1677 Haec
390 1637 486 1687 est,
515 1637 569 1679 et
593 1630 812 1695 gravidae
839 1646 1051 1678 munera
1074 1630 1189 1678 vitis
1216 1645 1409 1678 amans.
1450 1628 1593 1691 [choz

169 1707 275 1756 Cur
292 1709 484 1757 hedera
504 1709 673 1757 cincta
699 1709 812 1757 est?
839 1709 1030 1758 hedera
1049 1715 1128 1756 est
1152 1707 1442 1772 gratissima
1464 1705 1595 1754 Bac-

237 1786 350 1835 Hoc
377 1804 583 1852 quoque
610 1804 699 1835 cur
725 1787 795 1835 ita
821 1787 901 1843 sit,
931 1787 1101 1836 dicere
1128 1787 1268 1835 nulla
1293 1802 1433 1833 mora
1458 1791 1553 1832 est.

169 1865 215 1912 N
221 1865 426 1930 ysiades
454 1865 729 1931 Nymphae,
758 1882 973 1930 puerum
999 1871 1259 1929 quaerente
1286 1878 1517 1920 noverca,

234 1943 383 1993 Hanc
409 1945 641 1994 frondem
666 1945 812 1993 cunis
838 1959 1121 2009 apposuere
1146 1943 1304 1991 novis.

166 2143 253 2163 cava.
300 2131 340 2162 In
361 2132 459 2171 pandi
474 2131 561 2161 aselli
580 2137 664 2172 tergo
681 2140 743 2161 non
758 2128 845 2160 forti-

167 2187 214 2212 ter
243 2181 364 2212 haerere
390 2181 518 2212 Silenus
548 2180 694 2218 solebat3
727 2178 769 2211 iv.
793 2180 847 2210 27.

171 2231 299 2268 Notare,
316 2236 351 2262 ut
364 2230 525 2266 Tibullus,
535 2230 596 2262 IV.
607 2229 652 2261 iii.
664 2230 704 2260 lO
720 2242 726 2260 :
745 2233 767 2246 “
786 2228 845 2260 ha-

167 2281 262 2312 matis
276 2291 369 2312 crura
391 2286 501 2312 notare
518 2279 642 2311 rubis.”
689 2279 751 2310 Pro
765 2290 846 2310 sum-

166 2343 216 2361 ma
239 2330 317 2361 olim
339 2330 470 2372 vulgab.
495 2332 608 2370 prima,
635 2328 721 2371 quod
745 2327 846 2359 Hein-

164 2379 230 2411 sius
254 2380 285 2411 in
315 2382 390 2411 sima
417 2379 534 2411 mutari
557 2378 700 2410 volebat.
750 2379 845 2415 Puto,

165 2435 291 2472 poetam
321 2430 428 2461 denuo
451 2429 604 2461 verticem
624 2428 766 2460 indicare
791 2439 845 2459 vo-

165 2481 274 2518 luisse,
289 2480 414 2522 spicula
434 2480 550 2512 vertice
577 2479 731 2521 defigunt,
756 2489 846 2511 eum-

168 2541 230 2573 que
248 2537 370 2562 notant.

211 2582 286 2613 759.
308 2581 432 2612 Limum
456 2582 602 2611 inducere
624 2580 707 2610 bene
731 2589 764 2610 se
786 2578 843 2609 lia-

168 2632 233 2669 bet,
263 2631 466 2673 dictumque,
494 2636 530 2662 ut
560 2632 706 2662 inducere
742 2631 844 2666 nubes,

169 2685 316 2720 tenebras,
331 2683 491 2723 pallorem,
508 2693 635 2712 aarum.

212 2734 287 2765 763.
302 2734 390 2765 Anus
405 2733 472 2764 liba
486 2732 543 2763 illa
559 2732 736 2774 praebebat.
760 2731 845 2762 Nos-

169 2788 216 2814 ter
240 2783 336 2825 igitur
359 2782 529 2825 separatim
551 2788 583 2813 et
604 2781 644 2813 de
665 2792 740 2813 sexu
758 2788 790 2812 et
807 2781 845 2812 de

915 2133 1010 2160 aetate
1040 2127 1110 2169 ejus
1142 2126 1268 2169 quaerit.
1315 2126 1480 2157 Revocavi
1515 2126 1597 2157 anti-

916 2189 1014 2220 quam
1040 2177 1212 2209 lectionem
1231 2183 1365 2218 praestet,
1381 2176 1414 2207 id
1436 2181 1485 2208 est
1506 2176 1596 2208 exhi-

914 2229 989 2260 beat
1005 2228 1284 2271 praetereuntibus.
1309 2227 1377 2258 Hoc
1378 2227 1498 2269 faciat.
1513 2227 1595 2257 Bur-

915 2290 1051 2311 mannus
1077 2278 1118 2310 ad
1141 2279 1195 2310 hoc
1220 2276 1372 2319 intelligit
1399 2276 1512 2312 libum,
1529 2286 1596 2307 mo-

916 2336 1035 2372 netque
1061 2329 1175 2372 facere
1204 2338 1272 2359 esse
1306 2328 1440 2358 verbum
1470 2325 1595 2358 culina-

914 2380 1010 2411 rium.
1050 2379 1155 2410 Immo
1171 2391 1177 2409 :
1205 2388 1262 2409 cur
1276 2378 1337 2409 hoc
1353 2378 1462 2413 faciat,
1477 2381 1512 2408 ut
1528 2375 1596 2407 liba

915 2430 1067 2472 praestet‘!

961 2480 1037 2512 769.
1057 2480 1155 2521 Nysa,
1169 2479 1245 2510 urbs
1258 2484 1291 2510 et
1303 2488 1394 2509 mons
1404 2476 1521 2513 Indiae,
1541 2476 1595 2507 ubi

919 2531 1066 2572 Nyseides
1090 2530 1250 2571 Nymphae,
1273 2539 1346 2571 quae
1368 2527 1535 2558 Bacchum
1561 2525 1593 2557 in

917 2587 1005 2612 antro
1020 2580 1160 2623 quodam
1175 2579 1375 2616 educarunt3
1400 2578 1537 2607 Metam.
1550 2574 1594 2606 iii.

914 2632 990 2662 314.
1052 2632 1235 2671 Apposuere‚
1268 2627 1419 2659 Bacchus
1456 2625 1591 2666 diligere

916 2681 999 2712 hanc
1026 2680 1170 2712 frondem
1196 2678 1308 2721 coepit,
1324 2677 1401 2720 quia
1421 2675 1480 2708 sibi
1501 2686 1591 2715 appo-

914 2734 973 2763 bita
989 2737 1067 2763 erat.
1116 2732 1267 2766 Nouerca,
1283 2730 1380 2761 JunO.

1498 1944 1597 1989 770
1652 1962 1659 1969 ‘
