<?xml version="1.0" encoding="UTF-8"?>
<!DOCTYPE html PUBLIC "-//W3C//DTD XHTML 1.0 Transitional//EN"
    "http://www.w3.org/TR/xhtml1/DTD/xhtml1-transitional.dtd">
<html xmlns="http://www.w3.org/1999/xhtml" xml:lang="en" lang="en">
 <head>
  <title>
</title>
<meta http-equiv="Content-Type" content="text/html;charset=utf-8" />
  <meta name='ocr-system' content='tesseract 3.04.00' />
  <meta name='ocr-capabilities' content='ocr_page ocr_carea ocr_par ocr_line ocrx_word'/>
</head>
<body>
  <div class='ocr_page' id='page_1' title='image "./povidiinasonisop05oviduoft_0235.png"; bbox 0 0 1830 3220; ppageno 0'>
   <div class='ocr_carea' id='block_1_1' title="bbox 531 169 1158 212">
    <p class='ocr_par' dir='ltr' id='par_1_1' title="bbox 531 169 1158 212">
     <span class='ocr_line' id='line_1_1' title="bbox 531 169 1158 212; baseline -0.002 -1"><span class='ocrx_word' id='word_1_1' title='bbox 531 169 880 212; x_wconf 87' lang='lat' dir='ltr'><strong>FASTORUM</strong></span> <span class='ocrx_word' id='word_1_2' title='bbox 917 169 1038 212; x_wconf 88' lang='lat' dir='ltr'>LIB.</span> <span class='ocrx_word' id='word_1_3' title='bbox 1077 169 1158 211; x_wconf 90' lang='lat' dir='ltr'>IV.</span> 
     </span>
    </p>
   </div>
   <div class='ocr_carea' id='block_1_2' title="bbox 132 286 1556 509">
    <p class='ocr_par' dir='ltr' id='par_1_2' title="bbox 132 286 1556 509">
     <span class='ocr_line' id='line_1_2' title="bbox 135 286 1401 352; baseline 0.001 -18"><span class='ocrx_word' id='word_1_4' title='bbox 135 286 207 335; x_wconf 92' lang='lat' dir='ltr'>Ut</span> <span class='ocrx_word' id='word_1_5' title='bbox 233 287 451 336; x_wconf 87' lang='lat' dir='ltr'>clamata</span> <span class='ocrx_word' id='word_1_6' title='bbox 477 287 608 344; x_wconf 89' lang='lat' dir='ltr'>silet,</span> <span class='ocrx_word' id='word_1_7' title='bbox 631 294 829 336; x_wconf 90' lang='lat' dir='ltr'>montes</span> <span class='ocrx_word' id='word_1_8' title='bbox 855 287 1133 336; x_wconf 87' lang='lat' dir='ltr'>ululatibus</span> <span class='ocrx_word' id='word_1_9' title='bbox 1161 287 1401 352; x_wconf 85' lang='lat' dir='ltr'>implent;</span> 
     </span>
     <span class='ocr_line' id='line_1_3' title="bbox 201 364 1278 430; baseline 0.001 -18"><span class='ocrx_word' id='word_1_10' title='bbox 201 364 267 413; x_wconf 91' lang='lat' dir='ltr'>Et</span> <span class='ocrx_word' id='word_1_11' title='bbox 292 365 478 413; x_wconf 89' lang='lat' dir='ltr'>feriunt</span> <span class='ocrx_word' id='word_1_12' title='bbox 504 374 686 414; x_wconf 86' lang='lat' dir='ltr'>moesta</span> <span class='ocrx_word' id='word_1_13' title='bbox 712 373 920 430; x_wconf 79' lang='lat' dir='ltr'>pectora</span> <span class='ocrx_word' id='word_1_14' title='bbox 944 366 1081 414; x_wconf 87' lang='lat' dir='ltr'>nuda</span> <span class='ocrx_word' id='word_1_15' title='bbox 1106 382 1278 413; x_wconf 85' lang='lat' dir='ltr'>manu.</span> 
     </span>
     <span class='ocr_line' id='line_1_4' title="bbox 132 443 1556 509; baseline 0.001 -19"><span class='ocrx_word' id='word_1_16' title='bbox 132 444 377 493; x_wconf 85' lang='lat' dir='ltr'>Adtonita</span> <span class='ocrx_word' id='word_1_17' title='bbox 402 451 482 493; x_wconf 91' lang='lat' dir='ltr'>est</span> <span class='ocrx_word' id='word_1_18' title='bbox 509 446 751 509; x_wconf 82' lang='lat' dir='ltr'>plangore</span> <span class='ocrx_word' id='word_1_19' title='bbox 773 445 931 493; x_wconf 88' lang='lat' dir='ltr'>Ceres</span> <span class='ocrx_word' id='word_1_20' title='bbox 955 463 965 501; x_wconf 90' lang='grc'>;</span> <span class='ocrx_word' id='word_1_21' title='bbox 1007 445 1157 494; x_wconf 89' lang='lat' dir='ltr'>modo</span> <span class='ocrx_word' id='word_1_22' title='bbox 1182 452 1390 494; x_wconf 86' lang='lat' dir='ltr'>venerat</span> <span class='ocrx_word' id='word_1_23' title='bbox 1417 443 1556 493; x_wconf 91' lang='lat' dir='ltr'>Hen-</span> 
     </span>
    </p>
   </div>
   <div class='ocr_carea' id='block_1_3' title="bbox 336 538 482 581">
    <p class='ocr_par' dir='ltr' id='par_1_3' title="bbox 336 538 482 581">
     <span class='ocr_line' id='line_1_5' title="bbox 336 538 482 581; baseline 0 -11"><span class='ocrx_word' id='word_1_24' title='bbox 336 538 453 571; x_wconf 85' lang='lat' dir='ltr'>nam</span> <span class='ocrx_word' id='word_1_25' title='bbox 472 542 482 581; x_wconf 94' lang='grc'>;</span> 
     </span>
    </p>
   </div>
   <div class='ocr_carea' id='block_1_4' title="bbox 1459 526 1558 572">
    <p class='ocr_par' dir='ltr' id='par_1_4' title="bbox 1459 526 1558 572">
     <span class='ocr_line' id='line_1_6' title="bbox 1459 526 1558 572; baseline 0.02 -2"><span class='ocrx_word' id='word_1_26' title='bbox 1459 526 1558 572; x_wconf 85' lang='grc'>455</span> 
     </span>
    </p>
   </div>
   <div class='ocr_carea' id='block_1_5' title="bbox 135 600 1462 902">
    <p class='ocr_par' dir='ltr' id='par_1_5' title="bbox 135 600 1462 902">
     <span class='ocr_line' id='line_1_7' title="bbox 203 600 1462 659; baseline 0.001 -11"><span class='ocrx_word' id='word_1_27' title='bbox 203 600 314 649; x_wconf 93' lang='lat' dir='ltr'>Nec</span> <span class='ocrx_word' id='word_1_28' title='bbox 341 618 497 658; x_wconf 88' lang='lat' dir='ltr'>mora,</span> <span class='ocrx_word' id='word_1_29' title='bbox 529 601 616 650; x_wconf 88' lang='lat' dir='ltr'>Me</span> <span class='ocrx_word' id='word_1_30' title='bbox 640 602 906 650; x_wconf 80' lang='lat' dir='ltr'>miseram!</span> <span class='ocrx_word' id='word_1_31' title='bbox 946 602 1066 658; x_wconf 81' lang='lat' dir='ltr'>filia,</span> <span class='ocrx_word' id='word_1_32' title='bbox 1094 602 1238 659; x_wconf 83' lang='lat' dir='ltr'>dixit,</span> <span class='ocrx_word' id='word_1_33' title='bbox 1261 603 1347 650; x_wconf 92' lang='lat' dir='ltr'>ubi</span> <span class='ocrx_word' id='word_1_34' title='bbox 1374 603 1462 650; x_wconf 81' lang='lat' dir='ltr'>es?</span> 
     </span>
     <span class='ocr_line' id='line_1_8' title="bbox 135 678 1394 745; baseline 0.002 -19"><span class='ocrx_word' id='word_1_35' title='bbox 135 678 329 728; x_wconf 89' lang='lat' dir='ltr'>Mentis</span> <span class='ocrx_word' id='word_1_36' title='bbox 355 679 504 744; x_wconf 91' lang='lat' dir='ltr'>inops</span> <span class='ocrx_word' id='word_1_37' title='bbox 531 680 738 745; x_wconf 82' lang='lat' dir='ltr'><strong>rapitur,</strong></span> <span class='ocrx_word' id='word_1_38' title='bbox 764 681 943 744; x_wconf 89' lang='lat' dir='ltr'>quales</span> <span class='ocrx_word' id='word_1_39' title='bbox 971 681 1146 729; x_wconf 90' lang='lat' dir='ltr'>audire</span> <span class='ocrx_word' id='word_1_40' title='bbox 1172 682 1394 729; x_wconf 90' lang='lat' dir='ltr'>solemus</span> 
     </span>
     <span class='ocr_line' id='line_1_9' title="bbox 202 757 1244 823; baseline 0.002 -19"><span class='ocrx_word' id='word_1_41' title='bbox 202 757 465 807; x_wconf 89' lang='lat' dir='ltr'>Threicias</span> <span class='ocrx_word' id='word_1_42' title='bbox 493 759 657 823; x_wconf 88' lang='lat' dir='ltr'>passis</span> <span class='ocrx_word' id='word_1_43' title='bbox 682 758 945 807; x_wconf 72' lang='lat' dir='ltr'>Maenadas</span> <span class='ocrx_word' id='word_1_44' title='bbox 972 759 1043 808; x_wconf 87' lang='lat' dir='ltr'>ire</span> <span class='ocrx_word' id='word_1_45' title='bbox 1068 759 1244 808; x_wconf 90' lang='lat' dir='ltr'>comis.</span> 
     </span>
     <span class='ocr_line' id='line_1_10' title="bbox 139 834 1344 902; baseline 0.002 -20"><span class='ocrx_word' id='word_1_46' title='bbox 139 834 209 884; x_wconf 91' lang='lat' dir='ltr'>Ut</span> <span class='ocrx_word' id='word_1_47' title='bbox 233 836 390 885; x_wconf 91' lang='lat' dir='ltr'>vitulo</span> <span class='ocrx_word' id='word_1_48' title='bbox 416 837 578 900; x_wconf 84' lang='lat' dir='ltr'>mugit</span> <span class='ocrx_word' id='word_1_49' title='bbox 603 853 695 885; x_wconf 90' lang='lat' dir='ltr'>sua</span> <span class='ocrx_word' id='word_1_50' title='bbox 721 846 882 886; x_wconf 85' lang='lat' dir='ltr'>mater</span> <span class='ocrx_word' id='word_1_51' title='bbox 908 838 972 885; x_wconf 89' lang='lat' dir='ltr'>ab</span> <span class='ocrx_word' id='word_1_52' title='bbox 1001 839 1154 886; x_wconf 90' lang='lat' dir='ltr'>ubere</span> <span class='ocrx_word' id='word_1_53' title='bbox 1183 845 1344 902; x_wconf 90' lang='lat' dir='ltr'>rapto,</span> 
     </span>
    </p>
   </div>
   <div class='ocr_carea' id='block_1_6' title="bbox 205 913 1332 980">
    <p class='ocr_par' dir='ltr' id='par_1_6' title="bbox 205 913 1332 980">
     <span class='ocr_line' id='line_1_11' title="bbox 205 913 1332 980; baseline 0.002 -19"><span class='ocrx_word' id='word_1_54' title='bbox 205 913 272 962; x_wconf 93' lang='lat' dir='ltr'>Et</span> <span class='ocrx_word' id='word_1_55' title='bbox 298 915 484 979; x_wconf 82' lang='lat' dir='ltr'>quaerit</span> <span class='ocrx_word' id='word_1_56' title='bbox 509 915 660 963; x_wconf 89' lang='lat' dir='ltr'>foetus</span> <span class='ocrx_word' id='word_1_57' title='bbox 687 933 778 980; x_wconf 91' lang='lat' dir='ltr'>per</span> <span class='ocrx_word' id='word_1_58' title='bbox 804 933 983 965; x_wconf 85' lang='lat' dir='ltr'>nemus</span> <span class='ocrx_word' id='word_1_59' title='bbox 1009 933 1157 964; x_wconf 91' lang='lat' dir='ltr'>omne</span> <span class='ocrx_word' id='word_1_60' title='bbox 1185 933 1332 973; x_wconf 86' lang='lat' dir='ltr'>suos;</span> 
     </span>
    </p>
   </div>
   <div class='ocr_carea' id='block_1_7' title="bbox 1466 918 1565 962">
    <p class='ocr_par' dir='ltr' id='par_1_7' title="bbox 1466 918 1565 962">
     <span class='ocr_line' id='line_1_12' title="bbox 1466 918 1565 962; baseline -0.01 0"><span class='ocrx_word' id='word_1_61' title='bbox 1466 918 1565 962; x_wconf 84' lang='lat'>460</span> 
     </span>
    </p>
   </div>
   <div class='ocr_carea' id='block_1_8' title="bbox 139 993 1484 1297">
    <p class='ocr_par' dir='ltr' id='par_1_8' title="bbox 139 993 1484 1297">
     <span class='ocr_line' id='line_1_13' title="bbox 139 993 1484 1060; baseline -0.001 -19"><span class='ocrx_word' id='word_1_62' title='bbox 139 993 225 1042; x_wconf 86' lang='lat' dir='ltr'>Sic</span> <span class='ocrx_word' id='word_1_63' title='bbox 257 993 396 1051; x_wconf 88' lang='lat' dir='ltr'>Dea;</span> <span class='ocrx_word' id='word_1_64' title='bbox 428 1011 520 1043; x_wconf 89' lang='lat' dir='ltr'>nec</span> <span class='ocrx_word' id='word_1_65' title='bbox 548 996 732 1044; x_wconf 88' lang='lat' dir='ltr'>retinet</span> <span class='ocrx_word' id='word_1_66' title='bbox 755 996 1000 1060; x_wconf 81' lang='lat' dir='ltr'>gemitus3</span> <span class='ocrx_word' id='word_1_67' title='bbox 1032 1003 1083 1043; x_wconf 92' lang='lat' dir='ltr'>et</span> <span class='ocrx_word' id='word_1_68' title='bbox 1108 995 1309 1043; x_wconf 87' lang='lat' dir='ltr'>concita</span> <span class='ocrx_word' id='word_1_69' title='bbox 1333 1010 1484 1041; x_wconf 87' lang='lat' dir='ltr'>cursu</span> 
     </span>
     <span class='ocr_line' id='line_1_14' title="bbox 206 1071 1381 1140; baseline 0.002 -21"><span class='ocrx_word' id='word_1_70' title='bbox 206 1071 386 1120; x_wconf 82' lang='lat' dir='ltr'><strong>Fertur</strong></span> <span class='ocrx_word' id='word_1_71' title='bbox 408 1092 418 1130; x_wconf 90' lang='lat'>;</span> <span class='ocrx_word' id='word_1_72' title='bbox 461 1082 513 1122; x_wconf 93' lang='lat' dir='ltr'>et</span> <span class='ocrx_word' id='word_1_73' title='bbox 539 1090 567 1122; x_wconf 92' lang='lat' dir='ltr'>e</span> <span class='ocrx_word' id='word_1_74' title='bbox 593 1075 789 1140; x_wconf 83' lang='lat' dir='ltr'>campis</span> <span class='ocrx_word' id='word_1_75' title='bbox 816 1075 1009 1140; x_wconf 81' lang='lat' dir='ltr'>incipit,</span> <span class='ocrx_word' id='word_1_76' title='bbox 1032 1073 1234 1130; x_wconf 86' lang='lat' dir='ltr'>Henna,</span> <span class='ocrx_word' id='word_1_77' title='bbox 1263 1073 1381 1121; x_wconf 81' lang='lat' dir='ltr'>tuis.</span> 
     </span>
     <span class='ocr_line' id='line_1_15' title="bbox 140 1149 1278 1218; baseline 0.002 -20"><span class='ocrx_word' id='word_1_78' title='bbox 140 1149 268 1199; x_wconf 91' lang='lat' dir='ltr'>Inde</span> <span class='ocrx_word' id='word_1_79' title='bbox 290 1153 530 1216; x_wconf 87' lang='lat' dir='ltr'>puellaris</span> <span class='ocrx_word' id='word_1_80' title='bbox 558 1162 709 1202; x_wconf 87' lang='lat' dir='ltr'>nacta</span> <span class='ocrx_word' id='word_1_81' title='bbox 733 1162 811 1203; x_wconf 90' lang='lat' dir='ltr'>est</span> <span class='ocrx_word' id='word_1_82' title='bbox 834 1154 1049 1217; x_wconf 81' lang='lat' dir='ltr'>vestigia</span> <span class='ocrx_word' id='word_1_83' title='bbox 1074 1153 1278 1218; x_wconf 72' lang='lat' dir='ltr'>plantae,</span> 
     </span>
     <span class='ocr_line' id='line_1_16' title="bbox 208 1229 1327 1297; baseline 0.002 -20"><span class='ocrx_word' id='word_1_84' title='bbox 208 1229 275 1278; x_wconf 90' lang='lat' dir='ltr'>Et</span> <span class='ocrx_word' id='word_1_85' title='bbox 301 1247 528 1296; x_wconf 82' lang='lat' dir='ltr'><strong>pressam</strong></span> <span class='ocrx_word' id='word_1_86' title='bbox 559 1239 678 1281; x_wconf 91' lang='lat' dir='ltr'>noto</span> <span class='ocrx_word' id='word_1_87' title='bbox 704 1233 929 1297; x_wconf 89' lang='lat' dir='ltr'>pondere</span> <span class='ocrx_word' id='word_1_88' title='bbox 955 1233 1080 1280; x_wconf 91' lang='lat' dir='ltr'>vidit</span> <span class='ocrx_word' id='word_1_89' title='bbox 1098 1232 1327 1279; x_wconf 90' lang='lat' dir='ltr'>humum.</span> 
     </span>
    </p>
   </div>
   <div class='ocr_carea' id='block_1_9' title="bbox 139 1308 1248 1367">
    <p class='ocr_par' dir='ltr' id='par_1_9' title="bbox 139 1308 1248 1367">
     <span class='ocr_line' id='line_1_17' title="bbox 139 1308 1248 1367; baseline 0.002 -11"><span class='ocrx_word' id='word_1_90' title='bbox 139 1308 376 1358; x_wconf 83' lang='lat' dir='ltr'>Forsitan</span> <span class='ocrx_word' id='word_1_91' title='bbox 403 1311 488 1359; x_wconf 91' lang='lat' dir='ltr'>illa</span> <span class='ocrx_word' id='word_1_92' title='bbox 508 1311 619 1360; x_wconf 88' lang='lat' dir='ltr'>dies</span> <span class='ocrx_word' id='word_1_93' title='bbox 647 1312 801 1360; x_wconf 92' lang='lat' dir='ltr'>errori</span> <span class='ocrx_word' id='word_1_94' title='bbox 828 1329 1026 1360; x_wconf 87' lang='lat' dir='ltr'>summa</span> <span class='ocrx_word' id='word_1_95' title='bbox 1051 1311 1248 1367; x_wconf 87' lang='lat' dir='ltr'>fuisset,</span> 
     </span>
    </p>
   </div>
   <div class='ocr_carea' id='block_1_10' title="bbox 1471 1312 1568 1358">
    <p class='ocr_par' dir='ltr' id='par_1_10' title="bbox 1471 1312 1568 1358">
     <span class='ocr_line' id='line_1_18' title="bbox 1471 1312 1568 1358; baseline 0.021 -2"><span class='ocrx_word' id='word_1_96' title='bbox 1471 1312 1568 1358; x_wconf 80' lang='lat'>465</span> 
     </span>
    </p>
   </div>
   <div class='ocr_carea' id='block_1_11' title="bbox 137 1387 1493 1614">
    <p class='ocr_par' dir='ltr' id='par_1_11' title="bbox 137 1387 1493 1614">
     <span class='ocr_line' id='line_1_19' title="bbox 209 1387 1271 1455; baseline 0 -19"><span class='ocrx_word' id='word_1_97' title='bbox 209 1387 265 1436; x_wconf 85' lang='lat' dir='ltr'>Si</span> <span class='ocrx_word' id='word_1_98' title='bbox 293 1405 393 1437; x_wconf 93' lang='lat' dir='ltr'>non</span> <span class='ocrx_word' id='word_1_99' title='bbox 418 1390 713 1439; x_wconf 83' lang='lat' dir='ltr'>turbassent</span> <span class='ocrx_word' id='word_1_100' title='bbox 739 1390 885 1455; x_wconf 84' lang='lat' dir='ltr'>signa</span> <span class='ocrx_word' id='word_1_101' title='bbox 911 1397 1113 1455; x_wconf 87' lang='lat' dir='ltr'>reperta</span> <span class='ocrx_word' id='word_1_102' title='bbox 1138 1405 1271 1437; x_wconf 88' lang='lat' dir='ltr'>sues.</span> 
     </span>
     <span class='ocr_line' id='line_1_20' title="bbox 137 1465 1493 1534; baseline 0.001 -21"><span class='ocrx_word' id='word_1_103' title='bbox 137 1465 359 1532; x_wconf 83' lang='lat' dir='ltr'>Jamque</span> <span class='ocrx_word' id='word_1_104' title='bbox 389 1467 681 1526; x_wconf 87' lang='lat' dir='ltr'>Leontinos,</span> <span class='ocrx_word' id='word_1_105' title='bbox 712 1470 1080 1534; x_wconf 88' lang='lat' dir='ltr'>Amenanaque</span> <span class='ocrx_word' id='word_1_106' title='bbox 1106 1468 1317 1516; x_wconf 87' lang='lat' dir='ltr'>flumina</span> <span class='ocrx_word' id='word_1_107' title='bbox 1341 1485 1493 1516; x_wconf 90' lang='lat' dir='ltr'>cursu</span> 
     </span>
     <span class='ocr_line' id='line_1_21' title="bbox 209 1546 1277 1614; baseline 0.001 -20"><span class='ocrx_word' id='word_1_108' title='bbox 209 1546 462 1604; x_wconf 80' lang='lat' dir='ltr'>Praeterit,</span> <span class='ocrx_word' id='word_1_109' title='bbox 490 1556 543 1597; x_wconf 90' lang='lat' dir='ltr'>et</span> <span class='ocrx_word' id='word_1_110' title='bbox 567 1549 720 1614; x_wconf 88' lang='lat' dir='ltr'>ripas,</span> <span class='ocrx_word' id='word_1_111' title='bbox 749 1548 968 1598; x_wconf 87' lang='lat' dir='ltr'>herbifer</span> <span class='ocrx_word' id='word_1_112' title='bbox 994 1548 1105 1604; x_wconf 90' lang='lat' dir='ltr'>Aci,</span> <span class='ocrx_word' id='word_1_113' title='bbox 1135 1555 1277 1596; x_wconf 89' lang='lat' dir='ltr'>tuas:</span> 
     </span>
    </p>
   </div>
   <div class='ocr_carea' id='block_1_12' title="bbox 141 1716 836 2806">
    <p class='ocr_par' dir='ltr' id='par_1_12' title="bbox 141 1716 833 2605">
     <span class='ocr_line' id='line_1_22' title="bbox 185 1716 823 1758; baseline 0.005 -12"><span class='ocrx_word' id='word_1_114' title='bbox 185 1716 261 1747; x_wconf 82' lang='lat'>457.</span> <span class='ocrx_word' id='word_1_115' title='bbox 288 1717 410 1758; x_wconf 84' lang='lat' dir='ltr'>Hymn.</span> <span class='ocrx_word' id='word_1_116' title='bbox 440 1717 611 1748; x_wconf 85' lang='lat' dir='ltr'>Homerico</span> <span class='ocrx_word' id='word_1_117' title='bbox 638 1719 694 1748; x_wconf 83' lang='lat'>43.</span> <span class='ocrx_word' id='word_1_118' title='bbox 721 1724 823 1749; x_wconf 85' lang='lat' dir='ltr'>mater</span> 
     </span>
     <span class='ocr_line' id='line_1_23' title="bbox 141 1765 824 1809; baseline 0.004 -13"><span class='ocrx_word' id='word_1_119' title='bbox 141 1765 277 1797; x_wconf 87' lang='lat' dir='ltr'>divulsis</span> <span class='ocrx_word' id='word_1_120' title='bbox 303 1766 401 1803; x_wconf 84' lang='lat' dir='ltr'>vittis,</span> <span class='ocrx_word' id='word_1_121' title='bbox 429 1778 616 1809; x_wconf 89' lang='lat' dir='ltr'>cyaneoque</span> <span class='ocrx_word' id='word_1_122' title='bbox 643 1769 824 1799; x_wconf 88' lang='lat' dir='ltr'>velamento</span> 
     </span>
     <span class='ocr_line' id='line_1_24' title="bbox 144 1815 821 1859; baseline 0.004 -12"><span class='ocrx_word' id='word_1_123' title='bbox 144 1815 272 1858; x_wconf 85' lang='lat' dir='ltr'>injecto,</span> <span class='ocrx_word' id='word_1_124' title='bbox 289 1819 427 1856; x_wconf 73' lang='lat' dir='ltr'>rapitur,</span> <span class='ocrx_word' id='word_1_125' title='bbox 445 1816 523 1849; x_wconf 78' lang='grc' dir='ltr'>ὥστ’</span> <span class='ocrx_word' id='word_1_126' title='bbox 542 1818 658 1856; x_wconf 83' lang='grc' dir='ltr'><strong><em>οἰωνος</em></strong></span> <span class='ocrx_word' id='word_1_127' title='bbox 671 1818 728 1849; x_wconf 72' lang='grc' dir='ltr'>ἐπὶ</span> <span class='ocrx_word' id='word_1_128' title='bbox 742 1830 821 1859; x_wconf 82' lang='grc' dir='ltr'>τρα-</span> 
     </span>
     <span class='ocr_line' id='line_1_25' title="bbox 143 1865 824 1911; baseline 0.003 -14"><span class='ocrx_word' id='word_1_129' title='bbox 143 1865 249 1907; x_wconf 75' lang='grc' dir='ltr'>φερήν</span> <span class='ocrx_word' id='word_1_130' title='bbox 264 1879 298 1899; x_wconf 84' lang='grc' dir='ltr'>τε</span> <span class='ocrx_word' id='word_1_131' title='bbox 315 1868 369 1899; x_wconf 78' lang='grc' dir='ltr'>καὶ</span> <span class='ocrx_word' id='word_1_132' title='bbox 394 1867 504 1910; x_wconf 84' lang='grc' dir='ltr'>ὑγρὴν</span> <span class='ocrx_word' id='word_1_133' title='bbox 519 1867 694 1911; x_wconf 76' lang='grc' dir='ltr'>μαιομένη.</span> <span class='ocrx_word' id='word_1_134' title='bbox 743 1869 824 1906; x_wconf 90' lang='lat' dir='ltr'>Hoc,</span> 
     </span>
     <span class='ocr_line' id='line_1_26' title="bbox 145 1916 828 1961; baseline 0.003 -14"><span class='ocrx_word' id='word_1_135' title='bbox 145 1916 231 1958; x_wconf 90' lang='lat' dir='ltr'>quod</span> <span class='ocrx_word' id='word_1_136' title='bbox 248 1928 312 1949; x_wconf 90' lang='lat' dir='ltr'>ver.</span> <span class='ocrx_word' id='word_1_137' title='bbox 330 1918 405 1949; x_wconf 78' lang='lat'>482.</span> <span class='ocrx_word' id='word_1_138' title='bbox 421 1929 607 1961; x_wconf 84' lang='lat' dir='ltr'>expressum</span> <span class='ocrx_word' id='word_1_139' title='bbox 634 1925 667 1950; x_wconf 84' lang='lat' dir='ltr'>et</span> <span class='ocrx_word' id='word_1_140' title='bbox 682 1925 828 1950; x_wconf 81' lang='lat' dir='ltr'>ornatum</span> 
     </span>
     <span class='ocr_line' id='line_1_27' title="bbox 143 1967 828 2011; baseline 0.004 -14"><span class='ocrx_word' id='word_1_141' title='bbox 143 1972 203 2004; x_wconf 84' lang='lat' dir='ltr'>est,</span> <span class='ocrx_word' id='word_1_142' title='bbox 233 1967 360 2005; x_wconf 86' lang='lat' dir='ltr'>melius,</span> <span class='ocrx_word' id='word_1_143' title='bbox 384 1980 482 2011; x_wconf 89' lang='lat' dir='ltr'>quam</span> <span class='ocrx_word' id='word_1_144' title='bbox 521 1969 718 2010; x_wconf 85' lang='lat' dir='ltr'>comparatio</span> <span class='ocrx_word' id='word_1_145' title='bbox 755 1980 828 2000; x_wconf 90' lang='lat' dir='ltr'>cum</span> 
     </span>
     <span class='ocr_line' id='line_1_28' title="bbox 147 2017 830 2062; baseline 0.006 -15"><span class='ocrx_word' id='word_1_146' title='bbox 147 2017 341 2050; x_wconf 77' lang='lat' dir='ltr'>Maenadibus</span> <span class='ocrx_word' id='word_1_147' title='bbox 357 2019 516 2056; x_wconf 84' lang='lat' dir='ltr'>Threiciis,</span> <span class='ocrx_word' id='word_1_148' title='bbox 533 2030 667 2062; x_wconf 89' lang='lat' dir='ltr'>quarum</span> <span class='ocrx_word' id='word_1_149' title='bbox 690 2021 775 2051; x_wconf 85' lang='lat' dir='ltr'>furor</span> <span class='ocrx_word' id='word_1_150' title='bbox 797 2026 830 2052; x_wconf 84' lang='lat' dir='ltr'>et</span> 
     </span>
     <span class='ocr_line' id='line_1_29' title="bbox 141 2066 827 2109; baseline 0.004 -11"><span class='ocrx_word' id='word_1_151' title='bbox 141 2066 280 2109; x_wconf 82' lang='lat' dir='ltr'>jactatio</span> <span class='ocrx_word' id='word_1_152' title='bbox 319 2079 484 2101; x_wconf 88' lang='lat' dir='ltr'>comarum</span> <span class='ocrx_word' id='word_1_153' title='bbox 512 2070 651 2101; x_wconf 81' lang='lat' dir='ltr'>Metam.</span> <span class='ocrx_word' id='word_1_154' title='bbox 681 2069 727 2101; x_wconf 87' lang='lat' dir='ltr'>xi.</span> <span class='ocrx_word' id='word_1_155' title='bbox 759 2070 827 2101; x_wconf 84' lang='lat' dir='ltr'>init.</span> 
     </span>
     <span class='ocr_line' id='line_1_30' title="bbox 145 2117 830 2163; baseline 0.004 -14"><span class='ocrx_word' id='word_1_156' title='bbox 145 2117 349 2151; x_wconf 88' lang='lat' dir='ltr'>describitur.</span> <span class='ocrx_word' id='word_1_157' title='bbox 399 2120 519 2163; x_wconf 64' lang='lat' dir='ltr'>Magn,</span> <span class='ocrx_word' id='word_1_158' title='bbox 536 2125 598 2152; x_wconf 88' lang='lat' dir='ltr'>etc.</span> <span class='ocrx_word' id='word_1_159' title='bbox 623 2120 746 2152; x_wconf 86' lang='lat' dir='ltr'>Similia</span> <span class='ocrx_word' id='word_1_160' title='bbox 763 2121 830 2152; x_wconf 87' lang='lat' dir='ltr'>Re-</span> 
     </span>
     <span class='ocr_line' id='line_1_31' title="bbox 147 2167 829 2213; baseline 0.006 -15"><span class='ocrx_word' id='word_1_161' title='bbox 147 2167 234 2199; x_wconf 89' lang='lat' dir='ltr'>med.</span> <span class='ocrx_word' id='word_1_162' title='bbox 251 2168 362 2202; x_wconf 85' lang='lat' dir='ltr'>Amor.</span> <span class='ocrx_word' id='word_1_163' title='bbox 378 2171 457 2208; x_wconf 76' lang='lat'>1833</span> <span class='ocrx_word' id='word_1_164' title='bbox 485 2175 600 2202; x_wconf 85' lang='lat' dir='ltr'>sonant</span> <span class='ocrx_word' id='word_1_165' title='bbox 623 2172 707 2202; x_wconf 72' lang='lat' dir='ltr'>silva:</span> <span class='ocrx_word' id='word_1_166' title='bbox 729 2174 829 2213; x_wconf 80' lang='lat' dir='ltr'>mugi-</span> 
     </span>
     <span class='ocr_line' id='line_1_32' title="bbox 145 2219 833 2262; baseline 0.004 -14"><span class='ocrx_word' id='word_1_167' title='bbox 145 2219 226 2250; x_wconf 83' lang='lat' dir='ltr'>tibus</span> <span class='ocrx_word' id='word_1_168' title='bbox 244 2220 327 2257; x_wconf 76' lang='lat' dir='ltr'>altae,</span> <span class='ocrx_word' id='word_1_169' title='bbox 346 2221 388 2252; x_wconf 84' lang='lat' dir='ltr'>Et</span> <span class='ocrx_word' id='word_1_170' title='bbox 409 2223 551 2262; x_wconf 78' lang='lat' dir='ltr'>queritur</span> <span class='ocrx_word' id='word_1_171' title='bbox 577 2222 711 2253; x_wconf 78' lang='lat' dir='ltr'>vitulum</span> <span class='ocrx_word' id='word_1_172' title='bbox 734 2229 833 2253; x_wconf 79' lang='lat' dir='ltr'>mater</span> 
     </span>
     <span class='ocr_line' id='line_1_33' title="bbox 145 2270 825 2314; baseline 0.006 -15"><span class='ocrx_word' id='word_1_173' title='bbox 145 2270 243 2301; x_wconf 81' lang='lat' dir='ltr'>abesse</span> <span class='ocrx_word' id='word_1_174' title='bbox 263 2281 364 2302; x_wconf 82' lang='lat' dir='ltr'>suum.</span> <span class='ocrx_word' id='word_1_175' title='bbox 409 2271 519 2314; x_wconf 87' lang='lat' dir='ltr'>Atque</span> <span class='ocrx_word' id='word_1_176' title='bbox 541 2271 638 2303; x_wconf 85' lang='lat' dir='ltr'>etiam</span> <span class='ocrx_word' id='word_1_177' title='bbox 660 2272 720 2303; x_wconf 85' lang='lat' dir='ltr'>hoc</span> <span class='ocrx_word' id='word_1_178' title='bbox 742 2273 825 2308; x_wconf 90' lang='lat' dir='ltr'>loco,</span> 
     </span>
     <span class='ocr_line' id='line_1_34' title="bbox 146 2320 829 2362; baseline 0.004 -12"><span class='ocrx_word' id='word_1_179' title='bbox 146 2329 230 2351; x_wconf 87' lang='lat' dir='ltr'>unus</span> <span class='ocrx_word' id='word_1_180' title='bbox 254 2320 435 2353; x_wconf 83' lang='lat' dir='ltr'>Vaticanus</span> <span class='ocrx_word' id='word_1_181' title='bbox 458 2323 601 2362; x_wconf 77' lang='lat' dir='ltr'>queritur</span> <span class='ocrx_word' id='word_1_182' title='bbox 614 2334 624 2359; x_wconf 90' lang='lat'>,·</span> <span class='ocrx_word' id='word_1_183' title='bbox 650 2322 707 2354; x_wconf 89' lang='lat' dir='ltr'>sed</span> <span class='ocrx_word' id='word_1_184' title='bbox 732 2323 829 2354; x_wconf 88' lang='lat' dir='ltr'>verbo</span> 
     </span>
     <span class='ocr_line' id='line_1_35' title="bbox 146 2369 831 2409; baseline 0.004 -10"><span class='ocrx_word' id='word_1_185' title='bbox 146 2380 282 2409; x_wconf 83' lang='lat' dir='ltr'>qnaerere</span> <span class='ocrx_word' id='word_1_186' title='bbox 295 2369 378 2402; x_wconf 86' lang='lat' dir='ltr'>inest</span> <span class='ocrx_word' id='word_1_187' title='bbox 392 2371 479 2402; x_wconf 86' lang='lat' dir='ltr'>notio</span> <span class='ocrx_word' id='word_1_188' title='bbox 501 2371 650 2403; x_wconf 90' lang='lat' dir='ltr'>desiderii</span> <span class='ocrx_word' id='word_1_189' title='bbox 667 2377 699 2403; x_wconf 90' lang='lat' dir='ltr'>et</span> <span class='ocrx_word' id='word_1_190' title='bbox 713 2371 831 2403; x_wconf 90' lang='lat' dir='ltr'>doloris</span> 
     </span>
     <span class='ocr_line' id='line_1_36' title="bbox 148 2417 830 2462; baseline 0.006 -14"><span class='ocrx_word' id='word_1_191' title='bbox 148 2428 166 2448; x_wconf 90' lang='lat' dir='ltr'>e</span> <span class='ocrx_word' id='word_1_192' title='bbox 197 2417 325 2460; x_wconf 83' lang='lat' dir='ltr'>jactura</span> <span class='ocrx_word' id='word_1_193' title='bbox 354 2419 484 2462; x_wconf 79' lang='lat' dir='ltr'>aliqua3</span> <span class='ocrx_word' id='word_1_194' title='bbox 523 2421 660 2452; x_wconf 87' lang='lat' dir='ltr'>Metam.</span> <span class='ocrx_word' id='word_1_195' title='bbox 689 2421 724 2452; x_wconf 88' lang='lat' dir='ltr'>ii.</span> <span class='ocrx_word' id='word_1_196' title='bbox 753 2422 830 2452; x_wconf 81' lang='lat'>239.</span> 
     </span>
     <span class='ocr_line' id='line_1_37' title="bbox 149 2467 829 2502; baseline 0.004 -3"><span class='ocrx_word' id='word_1_197' title='bbox 149 2467 354 2501; x_wconf 86' lang='lat' dir='ltr'>Desiderium</span> <span class='ocrx_word' id='word_1_198' title='bbox 375 2476 484 2502; x_wconf 83' lang='lat' dir='ltr'>autem</span> <span class='ocrx_word' id='word_1_199' title='bbox 508 2469 590 2502; x_wconf 89' lang='lat' dir='ltr'>illud</span> <span class='ocrx_word' id='word_1_200' title='bbox 614 2471 723 2502; x_wconf 87' lang='lat' dir='ltr'>matris</span> <span class='ocrx_word' id='word_1_201' title='bbox 746 2470 829 2502; x_wconf 85' lang='lat' dir='ltr'>vitu-</span> 
     </span>
     <span class='ocr_line' id='line_1_38' title="bbox 149 2517 831 2562; baseline 0.004 -14"><span class='ocrx_word' id='word_1_202' title='bbox 149 2517 216 2549; x_wconf 88' lang='lat' dir='ltr'>lum</span> <span class='ocrx_word' id='word_1_203' title='bbox 236 2520 408 2560; x_wconf 87' lang='lat' dir='ltr'>quaerentis</span> <span class='ocrx_word' id='word_1_204' title='bbox 430 2520 556 2562; x_wconf 84' lang='lat' dir='ltr'>egregie</span> <span class='ocrx_word' id='word_1_205' title='bbox 576 2520 700 2552; x_wconf 86' lang='lat' dir='ltr'>notavit</span> <span class='ocrx_word' id='word_1_206' title='bbox 714 2521 831 2552; x_wconf 91' lang='lat' dir='ltr'>Lucre-</span> 
     </span>
     <span class='ocr_line' id='line_1_39' title="bbox 150 2567 477 2605; baseline 0.009 -7"><span class='ocrx_word' id='word_1_207' title='bbox 150 2568 224 2605; x_wconf 86' lang='lat' dir='ltr'>tius,</span> <span class='ocrx_word' id='word_1_208' title='bbox 240 2567 274 2600; x_wconf 85' lang='lat' dir='ltr'>ii.</span> <span class='ocrx_word' id='word_1_209' title='bbox 289 2570 477 2605; x_wconf 78' lang='lat'>352—365.</span> 
     </span>
    </p>

    <p class='ocr_par' dir='ltr' id='par_1_13' title="bbox 151 2619 836 2806">
     <span class='ocr_line' id='line_1_40' title="bbox 196 2619 830 2662; baseline 0.005 -13"><span class='ocrx_word' id='word_1_210' title='bbox 196 2619 272 2650; x_wconf 87' lang='lat'>464.</span> <span class='ocrx_word' id='word_1_211' title='bbox 298 2620 415 2651; x_wconf 81' lang='lat' dir='ltr'>Notum</span> <span class='ocrx_word' id='word_1_212' title='bbox 444 2622 574 2661; x_wconf 84' lang='lat' dir='ltr'>pondus,</span> <span class='ocrx_word' id='word_1_213' title='bbox 599 2631 714 2662; x_wconf 89' lang='lat' dir='ltr'>corpus</span> <span class='ocrx_word' id='word_1_214' title='bbox 742 2620 830 2657; x_wconf 77' lang='lat' dir='ltr'>filiae,</span> 
     </span>
     <span class='ocr_line' id='line_1_41' title="bbox 151 2668 833 2713; baseline 0.004 -15"><span class='ocrx_word' id='word_1_215' title='bbox 151 2668 244 2710; x_wconf 87' lang='lat' dir='ltr'>cujus</span> <span class='ocrx_word' id='word_1_216' title='bbox 270 2670 407 2713; x_wconf 86' lang='lat' dir='ltr'>vestigia</span> <span class='ocrx_word' id='word_1_217' title='bbox 434 2671 528 2702; x_wconf 88' lang='lat' dir='ltr'>matri</span> <span class='ocrx_word' id='word_1_218' title='bbox 560 2676 649 2702; x_wconf 85' lang='lat' dir='ltr'>nota.</span> <span class='ocrx_word' id='word_1_219' title='bbox 697 2671 833 2708; x_wconf 80' lang='lat' dir='ltr'>Summa,</span> 
     </span>
     <span class='ocr_line' id='line_1_42' title="bbox 153 2717 836 2764; baseline 0.004 -16"><span class='ocrx_word' id='word_1_220' title='bbox 153 2717 277 2751; x_wconf 88' lang='lat' dir='ltr'>ultima.</span> <span class='ocrx_word' id='word_1_221' title='bbox 323 2721 398 2752; x_wconf 85' lang='lat' dir='ltr'>Sues</span> <span class='ocrx_word' id='word_1_222' title='bbox 421 2720 536 2752; x_wconf 89' lang='lat' dir='ltr'>melius</span> <span class='ocrx_word' id='word_1_223' title='bbox 559 2725 656 2764; x_wconf 83' lang='lat' dir='ltr'>poeta</span> <span class='ocrx_word' id='word_1_224' title='bbox 679 2720 836 2752; x_wconf 83' lang='lat' dir='ltr'>omisisset</span> 
     </span>
     <span class='ocr_line' id='line_1_43' title="bbox 152 2767 835 2806; baseline 0.003 -8"><span class='ocrx_word' id='word_1_225' title='bbox 152 2767 185 2799; x_wconf 88' lang='lat' dir='ltr'>in</span> <span class='ocrx_word' id='word_1_226' title='bbox 210 2768 270 2800; x_wconf 86' lang='lat' dir='ltr'>hac</span> <span class='ocrx_word' id='word_1_227' title='bbox 298 2771 488 2802; x_wconf 82' lang='lat' dir='ltr'>narratione.</span> <span class='ocrx_word' id='word_1_228' title='bbox 536 2770 685 2806; x_wconf 67' lang='lat' dir='ltr'>Turbam,</span> <span class='ocrx_word' id='word_1_229' title='bbox 700 2770 835 2802; x_wconf 81' lang='lat' dir='ltr'>confun-</span> 
     </span>
    </p>
   </div>
   <div class='ocr_carea' id='block_1_13' title="bbox 892 1714 1583 2813">
    <p class='ocr_par' dir='ltr' id='par_1_14' title="bbox 892 1714 1570 1798">
     <span class='ocr_line' id='line_1_44' title="bbox 892 1714 1570 1756; baseline -0.004 -8"><span class='ocrx_word' id='word_1_230' title='bbox 892 1717 988 1756; x_wconf 84' lang='lat' dir='ltr'>dere3</span> <span class='ocrx_word' id='word_1_231' title='bbox 1006 1717 1140 1748; x_wconf 83' lang='lat' dir='ltr'>Metam.</span> <span class='ocrx_word' id='word_1_232' title='bbox 1156 1716 1222 1748; x_wconf 84' lang='lat' dir='ltr'>viii.</span> <span class='ocrx_word' id='word_1_233' title='bbox 1242 1716 1313 1747; x_wconf 84' lang='lat'>160.</span> <span class='ocrx_word' id='word_1_234' title='bbox 1332 1714 1487 1746; x_wconf 77' lang='lat' dir='ltr'>Daedalus</span> <span class='ocrx_word' id='word_1_235' title='bbox 1504 1721 1570 1746; x_wconf 77' lang='lat' dir='ltr'>tur-</span> 
     </span>
     <span class='ocr_line' id='line_1_45' title="bbox 893 1770 1057 1798; baseline 0 0"><span class='ocrx_word' id='word_1_236' title='bbox 893 1770 944 1798; x_wconf 78' lang='lat' dir='ltr'>bat</span> <span class='ocrx_word' id='word_1_237' title='bbox 959 1774 1057 1798; x_wconf 68' lang='lat' dir='ltr'>noras.</span> 
     </span>
    </p>

    <p class='ocr_par' dir='ltr' id='par_1_15' title="bbox 896 1814 1583 2813">
     <span class='ocr_line' id='line_1_46' title="bbox 939 1814 1576 1858; baseline -0.006 -9"><span class='ocrx_word' id='word_1_238' title='bbox 939 1818 1127 1849; x_wconf 81' lang='lat'>467—480.</span> <span class='ocrx_word' id='word_1_239' title='bbox 1144 1816 1318 1858; x_wconf 83' lang='lat' dir='ltr'>Catalogus</span> <span class='ocrx_word' id='word_1_240' title='bbox 1338 1814 1478 1846; x_wconf 84' lang='lat' dir='ltr'>locorum</span> <span class='ocrx_word' id='word_1_241' title='bbox 1495 1814 1576 1846; x_wconf 84' lang='lat' dir='ltr'>Sici-</span> 
     </span>
     <span class='ocr_line' id='line_1_47' title="bbox 896 1864 1576 1910; baseline -0.003 -12"><span class='ocrx_word' id='word_1_242' title='bbox 896 1869 958 1905; x_wconf 82' lang='lat' dir='ltr'>liae,</span> <span class='ocrx_word' id='word_1_243' title='bbox 999 1879 1070 1910; x_wconf 85' lang='lat' dir='ltr'>quae</span> <span class='ocrx_word' id='word_1_244' title='bbox 1106 1867 1205 1899; x_wconf 89' lang='lat' dir='ltr'>Ceres</span> <span class='ocrx_word' id='word_1_245' title='bbox 1241 1864 1440 1908; x_wconf 63' lang='lat' dir='ltr'>praeterierit.</span> <span class='ocrx_word' id='word_1_246' title='bbox 1479 1865 1576 1896; x_wconf 86' lang='lat' dir='ltr'>Conf.</span> 
     </span>
     <span class='ocr_line' id='line_1_48' title="bbox 900 1915 1579 1961; baseline -0.007 -11"><span class='ocrx_word' id='word_1_247' title='bbox 900 1919 1016 1961; x_wconf 86' lang='lat' dir='ltr'>Virgil.</span> <span class='ocrx_word' id='word_1_248' title='bbox 1049 1918 1183 1950; x_wconf 86' lang='lat' dir='ltr'>AEneid.</span> <span class='ocrx_word' id='word_1_249' title='bbox 1215 1917 1260 1948; x_wconf 90' lang='lat' dir='ltr'>iii.</span> <span class='ocrx_word' id='word_1_250' title='bbox 1290 1916 1368 1951; x_wconf 87' lang='lat'><strong>687,</strong></span> <span class='ocrx_word' id='word_1_251' title='bbox 1400 1915 1455 1957; x_wconf 91' lang='lat' dir='ltr'>qui</span> <span class='ocrx_word' id='word_1_252' title='bbox 1490 1915 1579 1946; x_wconf 89' lang='lat' dir='ltr'>locus</span> 
     </span>
     <span class='ocr_line' id='line_1_49' title="bbox 899 1966 1579 2012; baseline -0.006 -12"><span class='ocrx_word' id='word_1_253' title='bbox 899 1970 995 2012; x_wconf 84' lang='lat' dir='ltr'>paulo</span> <span class='ocrx_word' id='word_1_254' title='bbox 1011 1968 1151 2001; x_wconf 84' lang='lat' dir='ltr'>ornatius</span> <span class='ocrx_word' id='word_1_255' title='bbox 1171 1973 1220 1999; x_wconf 83' lang='lat' dir='ltr'>est</span> <span class='ocrx_word' id='word_1_256' title='bbox 1238 1969 1385 2009; x_wconf 87' lang='lat' dir='ltr'>scriptus.</span> <span class='ocrx_word' id='word_1_257' title='bbox 1431 1966 1506 1997; x_wconf 89' lang='lat' dir='ltr'>Non</span> <span class='ocrx_word' id='word_1_258' title='bbox 1523 1976 1579 1997; x_wconf 85' lang='lat' dir='ltr'>au-</span> 
     </span>
     <span class='ocr_line' id='line_1_50' title="bbox 899 2015 1581 2062; baseline -0.006 -12"><span class='ocrx_word' id='word_1_259' title='bbox 899 2026 964 2051; x_wconf 84' lang='lat' dir='ltr'>tem</span> <span class='ocrx_word' id='word_1_260' title='bbox 980 2018 1160 2062; x_wconf 81' lang='lat' dir='ltr'>putandum</span> <span class='ocrx_word' id='word_1_261' title='bbox 1180 2022 1239 2054; x_wconf 83' lang='lat' dir='ltr'>est,</span> <span class='ocrx_word' id='word_1_262' title='bbox 1257 2015 1410 2048; x_wconf 86' lang='lat' dir='ltr'>Ovidium</span> <span class='ocrx_word' id='word_1_263' title='bbox 1430 2015 1517 2058; x_wconf 88' lang='lat' dir='ltr'>justo</span> <span class='ocrx_word' id='word_1_264' title='bbox 1532 2026 1581 2047; x_wconf 90' lang='lat' dir='ltr'>or-</span> 
     </span>
     <span class='ocr_line' id='line_1_51' title="bbox 899 2067 1579 2111; baseline -0.004 -11"><span class='ocrx_word' id='word_1_265' title='bbox 899 2069 974 2100; x_wconf 85' lang='lat' dir='ltr'>dine</span> <span class='ocrx_word' id='word_1_266' title='bbox 991 2069 1049 2100; x_wconf 87' lang='lat' dir='ltr'>iter</span> <span class='ocrx_word' id='word_1_267' title='bbox 1066 2067 1197 2111; x_wconf 86' lang='lat' dir='ltr'>aliquod</span> <span class='ocrx_word' id='word_1_268' title='bbox 1214 2067 1411 2108; x_wconf 85' lang='lat' dir='ltr'>designasse,</span> <span class='ocrx_word' id='word_1_269' title='bbox 1425 2071 1491 2101; x_wconf 82' lang='lat' dir='ltr'>aut,</span> <span class='ocrx_word' id='word_1_270' title='bbox 1508 2077 1579 2108; x_wconf 87' lang='lat' dir='ltr'>quae</span> 
     </span>
     <span class='ocr_line' id='line_1_52' title="bbox 899 2116 1580 2161; baseline -0.004 -11"><span class='ocrx_word' id='word_1_271' title='bbox 899 2126 969 2151; x_wconf 88' lang='lat' dir='ltr'>erat</span> <span class='ocrx_word' id='word_1_272' title='bbox 997 2118 1180 2161; x_wconf 85' lang='lat' dir='ltr'>interpretis</span> <span class='ocrx_word' id='word_1_273' title='bbox 1207 2116 1328 2150; x_wconf 88' lang='lat' dir='ltr'>Gallici</span> <span class='ocrx_word' id='word_1_274' title='bbox 1359 2117 1476 2159; x_wconf 87' lang='lat' dir='ltr'>opinio,</span> <span class='ocrx_word' id='word_1_275' title='bbox 1501 2116 1580 2148; x_wconf 88' lang='lat' dir='ltr'>serie</span> 
     </span>
     <span class='ocr_line' id='line_1_53' title="bbox 901 2167 1582 2210; baseline -0.004 -10"><span class='ocrx_word' id='word_1_276' title='bbox 901 2170 1039 2202; x_wconf 82' lang='lat' dir='ltr'>locorum</span> <span class='ocrx_word' id='word_1_277' title='bbox 1057 2169 1217 2210; x_wconf 81' lang='lat' dir='ltr'>neglecta,</span> <span class='ocrx_word' id='word_1_278' title='bbox 1229 2167 1496 2210; x_wconf 76' lang='lat' dir='ltr'>perturbationem</span> <span class='ocrx_word' id='word_1_279' title='bbox 1513 2167 1582 2197; x_wconf 90' lang='lat' dir='ltr'>ani-</span> 
     </span>
     <span class='ocr_line' id='line_1_54' title="bbox 901 2216 1582 2261; baseline -0.004 -11"><span class='ocrx_word' id='word_1_280' title='bbox 901 2220 956 2256; x_wconf 86' lang='lat' dir='ltr'>mi,</span> <span class='ocrx_word' id='word_1_281' title='bbox 973 2230 1038 2261; x_wconf 82' lang='lat' dir='ltr'>qua</span> <span class='ocrx_word' id='word_1_282' title='bbox 1054 2219 1151 2250; x_wconf 85' lang='lat' dir='ltr'>Ceres</span> <span class='ocrx_word' id='word_1_283' title='bbox 1167 2218 1329 2254; x_wconf 76' lang='lat' dir='ltr'>erraverit,</span> <span class='ocrx_word' id='word_1_284' title='bbox 1345 2217 1507 2256; x_wconf 82' lang='lat' dir='ltr'>indicare3</span> <span class='ocrx_word' id='word_1_285' title='bbox 1525 2216 1582 2248; x_wconf 86' lang='lat' dir='ltr'>sed</span> 
     </span>
     <span class='ocr_line' id='line_1_55' title="bbox 897 2267 1581 2310; baseline -0.007 -9"><span class='ocrx_word' id='word_1_286' title='bbox 897 2270 975 2301; x_wconf 81' lang='lat' dir='ltr'>satis</span> <span class='ocrx_word' id='word_1_287' title='bbox 1003 2269 1125 2305; x_wconf 86' lang='lat' dir='ltr'>habuit,</span> <span class='ocrx_word' id='word_1_288' title='bbox 1151 2267 1238 2310; x_wconf 91' lang='lat' dir='ltr'>quod</span> <span class='ocrx_word' id='word_1_289' title='bbox 1267 2273 1300 2299; x_wconf 87' lang='lat' dir='ltr'>et</span> <span class='ocrx_word' id='word_1_290' title='bbox 1322 2267 1355 2298; x_wconf 88' lang='lat' dir='ltr'>in</span> <span class='ocrx_word' id='word_1_291' title='bbox 1379 2267 1461 2297; x_wconf 83' lang='lat' dir='ltr'>Met.</span> <span class='ocrx_word' id='word_1_292' title='bbox 1485 2276 1581 2308; x_wconf 90' lang='lat' dir='ltr'>opere</span> 
     </span>
     <span class='ocr_line' id='line_1_56' title="bbox 898 2315 1581 2361; baseline -0.006 -11"><span class='ocrx_word' id='word_1_293' title='bbox 898 2319 1066 2361; x_wconf 88' lang='lat' dir='ltr'>aliquoties</span> <span class='ocrx_word' id='word_1_294' title='bbox 1084 2317 1172 2354; x_wconf 83' lang='lat' dir='ltr'>fecit,</span> <span class='ocrx_word' id='word_1_295' title='bbox 1187 2318 1282 2360; x_wconf 88' lang='lat' dir='ltr'>plura</span> <span class='ocrx_word' id='word_1_296' title='bbox 1301 2317 1372 2348; x_wconf 89' lang='lat' dir='ltr'>loca</span> <span class='ocrx_word' id='word_1_297' title='bbox 1392 2315 1581 2347; x_wconf 86' lang='lat' dir='ltr'>memorabi-</span> 
     </span>
     <span class='ocr_line' id='line_1_57' title="bbox 897 2366 1583 2411; baseline -0.004 -11"><span class='ocrx_word' id='word_1_298' title='bbox 897 2369 942 2400; x_wconf 86' lang='lat' dir='ltr'>lia</span> <span class='ocrx_word' id='word_1_299' title='bbox 969 2379 1165 2411; x_wconf 78' lang='lat' dir='ltr'>congerere3</span> <span class='ocrx_word' id='word_1_300' title='bbox 1197 2367 1359 2399; x_wconf 88' lang='lat' dir='ltr'>Diodorus</span> <span class='ocrx_word' id='word_1_301' title='bbox 1387 2366 1525 2403; x_wconf 87' lang='lat' dir='ltr'>Siculus,</span> <span class='ocrx_word' id='word_1_302' title='bbox 1552 2377 1583 2397; x_wconf 86' lang='lat' dir='ltr'>v.</span> 
     </span>
     <span class='ocr_line' id='line_1_58' title="bbox 898 2415 1582 2463; baseline -0.007 -12"><span class='ocrx_word' id='word_1_303' title='bbox 898 2431 929 2463; x_wconf 89' lang='lat' dir='ltr'>p.</span> <span class='ocrx_word' id='word_1_304' title='bbox 945 2420 1024 2451; x_wconf 84' lang='lat'>288.</span> <span class='ocrx_word' id='word_1_305' title='bbox 1047 2419 1198 2451; x_wconf 86' lang='lat' dir='ltr'>Cererem</span> <span class='ocrx_word' id='word_1_306' title='bbox 1220 2423 1327 2448; x_wconf 84' lang='lat' dir='ltr'>narrat</span> <span class='ocrx_word' id='word_1_307' title='bbox 1349 2416 1502 2449; x_wconf 77' lang='grc' dir='ltr'>ἐπελθεῖν</span> <span class='ocrx_word' id='word_1_308' title='bbox 1525 2415 1582 2447; x_wconf 76' lang='grc' dir='ltr'>ἐπὶ</span> 
     </span>
     <span class='ocr_line' id='line_1_59' title="bbox 899 2467 1582 2512; baseline -0.006 -10"><span class='ocrx_word' id='word_1_309' title='bbox 899 2471 1016 2502; x_wconf 85' lang='grc' dir='ltr'>πολλὰ</span> <span class='ocrx_word' id='word_1_310' title='bbox 1029 2468 1113 2512; x_wconf 80' lang='grc' dir='ltr'>μέρη</span> <span class='ocrx_word' id='word_1_311' title='bbox 1130 2471 1192 2509; x_wconf 81' lang='grc' dir='ltr'>τῆς</span> <span class='ocrx_word' id='word_1_312' title='bbox 1205 2467 1411 2510; x_wconf 81' lang='grc' dir='ltr'><strong>οἰκουμένης.</strong></span> <span class='ocrx_word' id='word_1_313' title='bbox 1422 2502 1426 2505; x_wconf 45' lang='grc'><strong>,</strong></span> <span class='ocrx_word' id='word_1_314' title='bbox 1436 2468 1582 2498; x_wconf 75' lang='lat' dir='ltr'>Leontim</span> 
     </span>
     <span class='ocr_line' id='line_1_60' title="bbox 900 2516 1581 2557; baseline -0.007 -5"><span class='ocrx_word' id='word_1_315' title='bbox 900 2527 956 2552; x_wconf 88' lang='lat' dir='ltr'>aut</span> <span class='ocrx_word' id='word_1_316' title='bbox 971 2520 1149 2557; x_wconf 79' lang='lat' dir='ltr'>Leontium,</span> <span class='ocrx_word' id='word_1_317' title='bbox 1165 2520 1242 2550; x_wconf 91' lang='lat' dir='ltr'>urbs</span> <span class='ocrx_word' id='word_1_318' title='bbox 1257 2519 1289 2550; x_wconf 88' lang='lat' dir='ltr'>in</span> <span class='ocrx_word' id='word_1_319' title='bbox 1305 2529 1359 2549; x_wconf 82' lang='lat' dir='ltr'>ora</span> <span class='ocrx_word' id='word_1_320' title='bbox 1373 2517 1470 2549; x_wconf 86' lang='lat' dir='ltr'>maris</span> <span class='ocrx_word' id='word_1_321' title='bbox 1483 2516 1581 2548; x_wconf 84' lang='lat' dir='ltr'>Siculi</span> 
     </span>
     <span class='ocr_line' id='line_1_61' title="bbox 899 2567 1582 2611; baseline -0.007 -9"><span class='ocrx_word' id='word_1_322' title='bbox 899 2571 981 2602; x_wconf 90' lang='lat' dir='ltr'>inter</span> <span class='ocrx_word' id='word_1_323' title='bbox 997 2571 1156 2603; x_wconf 86' lang='lat' dir='ltr'>Catanam</span> <span class='ocrx_word' id='word_1_324' title='bbox 1175 2577 1207 2602; x_wconf 90' lang='lat' dir='ltr'>et</span> <span class='ocrx_word' id='word_1_325' title='bbox 1229 2570 1424 2611; x_wconf 81' lang='lat' dir='ltr'>Syracusas3</span> <span class='ocrx_word' id='word_1_326' title='bbox 1446 2567 1582 2603; x_wconf 86' lang='lat' dir='ltr'>Plinius,</span> 
     </span>
     <span class='ocr_line' id='line_1_62' title="bbox 900 2618 1580 2662; baseline -0.009 -10"><span class='ocrx_word' id='word_1_327' title='bbox 900 2621 946 2653; x_wconf 91' lang='lat' dir='ltr'>iii.</span> <span class='ocrx_word' id='word_1_328' title='bbox 979 2622 1030 2652; x_wconf 87' lang='lat'>14.</span> <span class='ocrx_word' id='word_1_329' title='bbox 1078 2622 1255 2652; x_wconf 82' lang='lat' dir='ltr'>Amenanus</span> <span class='ocrx_word' id='word_1_330' title='bbox 1282 2629 1380 2662; x_wconf 84' lang='lat' dir='ltr'>prope</span> <span class='ocrx_word' id='word_1_331' title='bbox 1410 2618 1580 2651; x_wconf 75' lang='lat' dir='ltr'>Catanam,</span> 
     </span>
     <span class='ocr_line' id='line_1_63' title="bbox 902 2667 1583 2714; baseline -0.012 -11"><span class='ocrx_word' id='word_1_332' title='bbox 902 2671 942 2703; x_wconf 89' lang='lat' dir='ltr'>de</span> <span class='ocrx_word' id='word_1_333' title='bbox 964 2682 1029 2714; x_wconf 90' lang='lat' dir='ltr'>quo</span> <span class='ocrx_word' id='word_1_334' title='bbox 1053 2670 1151 2702; x_wconf 91' lang='lat' dir='ltr'>fluvio</span> <span class='ocrx_word' id='word_1_335' title='bbox 1170 2671 1305 2702; x_wconf 81' lang='lat' dir='ltr'>Metam.</span> <span class='ocrx_word' id='word_1_336' title='bbox 1322 2680 1373 2700; x_wconf 88' lang='lat' dir='ltr'>xv.</span> <span class='ocrx_word' id='word_1_337' title='bbox 1389 2668 1464 2698; x_wconf 87' lang='lat'>279.</span> <span class='ocrx_word' id='word_1_338' title='bbox 1511 2667 1583 2696; x_wconf 82' lang='lat' dir='ltr'>Acis</span> 
     </span>
     <span class='ocr_line' id='line_1_64' title="bbox 903 2715 1582 2764; baseline -0.012 -11"><span class='ocrx_word' id='word_1_339' title='bbox 903 2732 941 2753; x_wconf 86' lang='lat' dir='ltr'>ex</span> <span class='ocrx_word' id='word_1_340' title='bbox 969 2722 1071 2753; x_wconf 86' lang='lat' dir='ltr'>AEtna</span> <span class='ocrx_word' id='word_1_341' title='bbox 1093 2721 1253 2764; x_wconf 81' lang='lat' dir='ltr'>profluens</span> <span class='ocrx_word' id='word_1_342' title='bbox 1277 2719 1380 2750; x_wconf 86' lang='lat' dir='ltr'>undas</span> <span class='ocrx_word' id='word_1_343' title='bbox 1405 2727 1479 2748; x_wconf 85' lang='lat' dir='ltr'>suas</span> <span class='ocrx_word' id='word_1_344' title='bbox 1502 2715 1582 2757; x_wconf 85' lang='lat' dir='ltr'>geli-</span> 
     </span>
     <span class='ocr_line' id='line_1_65' title="bbox 903 2766 1582 2813; baseline -0.012 -10"><span class='ocrx_word' id='word_1_345' title='bbox 903 2772 1051 2803; x_wconf 85' lang='lat' dir='ltr'>dissimas</span> <span class='ocrx_word' id='word_1_346' title='bbox 1065 2781 1183 2813; x_wconf 84' lang='lat' dir='ltr'>magno</span> <span class='ocrx_word' id='word_1_347' title='bbox 1199 2781 1273 2801; x_wconf 87' lang='lat' dir='ltr'>cum</span> <span class='ocrx_word' id='word_1_348' title='bbox 1295 2769 1417 2810; x_wconf 88' lang='lat' dir='ltr'>impetu</span> <span class='ocrx_word' id='word_1_349' title='bbox 1438 2766 1471 2796; x_wconf 90' lang='lat' dir='ltr'>in</span> <span class='ocrx_word' id='word_1_350' title='bbox 1496 2775 1582 2796; x_wconf 86' lang='lat' dir='ltr'>mare</span> 
     </span>
    </p>
   </div>
  </div>
 </body>
</html>
