1830 3220
573 191 925 234 FASTORUM
959 191 1079 232 LIB.
1116 191 1199 233 IV.

1509 192 1595 233 225

177 308 330 357 Certe
357 324 451 371 ego
476 308 706 356 transilui
734 310 925 373 positas
952 316 1027 356 ter
1053 308 1102 355 in
1129 308 1302 356 ordine
1328 307 1585 365 flammas3

239 386 498 450 Virgaque
524 393 713 434 roratas
740 387 909 435 laurea
934 387 1070 434 misit
1095 403 1271 450 aquas.

171 463 319 512 Mota
346 464 457 512 Dea
477 471 582 521 est;
624 465 867 529 operique
893 464 1056 512 favet:
1099 464 1378 512 Navalibus
1405 463 1505 519 exi,

240 542 466 607 Puppis;
508 543 697 590 habent
714 551 892 590 ventos
912 544 1018 606 jam
1045 550 1132 590 tua
1154 543 1265 590 vela
1290 559 1425 590 suos.
1489 544 1587 588 730

170 619 211 677 I,
240 628 357 685 pete
383 621 619 684 virginea,
648 622 883 686 populus,
906 622 1136 668 suffimen
1163 621 1225 668 ab
1252 637 1363 678 ara;

237 698 394 746 Vesta
419 699 587 747 dabit:
618 699 787 747 Vestae
815 715 1021 747 munere
1048 715 1203 762 purus
1230 698 1345 746 eris.

169 775 388 839 Sanguis
415 777 533 840 equi
561 778 792 825 suffimen
819 776 929 832 erit,
957 776 1204 840 vitulique
1230 775 1424 833 favilla;

234 853 406 902 Tertia
430 871 526 911 reS,
555 855 693 903 durae
720 856 921 903 culmen
949 855 1095 903 inane
1120 855 1264 902 fabae.

1487 855 1583 901 734

166 931 364 988 Pastor,
392 949 509 981 oves
536 940 732 981 saturas
759 935 822 981 ad
849 933 1009 998 prima
1034 933 1336 997 crepuscula
1360 933 1544 979 lustra:

235 1009 386 1058 Unda
411 1011 549 1075 prius
576 1019 796 1076 spargat,
824 1012 1064 1075 virgaque
1089 1018 1256 1059 verrat
1283 1011 1511 1058 humum.

164 1134 228 1165 637
252 1145 346 1177 sqq.;
373 1134 595 1172 adhibebatur,
611 1141 646 1166 ut
670 1142 701 1166 et
722 1137 841 1176 stipulae

155 1183 283 1225 fabales
311 1183 380 1215 scil.
410 1184 539 1222 fabalia,
566 1184 732 1216 suffiminis
759 1186 841 1223 loco,

164 1243 229 1264 ver.
253 1234 316 1264 733
339 1245 419 1276 sqq3
443 1234 497 1265 sed
523 1234 613 1266 addit
625 1235 755 1276 februa,
772 1235 840 1278 pia-

165 1282 263 1320 mina,
278 1283 311 1314 ii.
330 1284 380 1315 19.
396 1284 471 1325 quia
492 1284 549 1315 illa
572 1284 642 1326 ipsa
661 1285 841 1316 suffimenta

167 1333 230 1364 vim
256 1334 413 1376 purgandi
442 1334 615 1366 habebant.
670 1336 743 1366 Jam
774 1335 840 1366 Ro-

166 1383 281 1420 mulus,
314 1394 413 1426 quum
443 1384 474 1414 id
507 1390 626 1426 ageret,
663 1390 698 1416 ut
732 1385 841 1416 urbem

169 1433 331 1469 conderet,
348 1433 438 1475 ignes
455 1440 528 1465 ante
544 1433 678 1466 tentoria
698 1435 841 1471 accendi,

166 1482 385 1525 populumque
417 1484 608 1526 expiationis
633 1495 730 1516 causa
755 1490 839 1515 tran-

163 1531 249 1563 silire
264 1533 408 1565 flammas
427 1533 539 1576 jussit3
564 1534 739 1576 Dionysius
754 1534 840 1565 dicto

165 1583 245 1614 loco.
291 1584 382 1615 Idem
413 1595 486 1626 ergo
514 1591 546 1615 et
571 1591 641 1627 post
665 1584 779 1621 tenuit,
804 1591 839 1616 ut

162 1633 260 1664 sacris
292 1634 459 1677 epulisque
492 1635 629 1677 peractis
659 1637 742 1677 (ver.
775 1637 832 1666 781

161 1684 250 1725 sqq.)
262 1684 450 1726 stipularum
464 1692 496 1716 et
512 1685 589 1716 foeni
604 1686 709 1717 acervi
724 1696 837 1716 accen-

161 1732 311 1764 derentur
326 1734 535 1766 transiliendi.
560 1735 682 1766 Varro:
711 1740 732 1752 “
751 1734 837 1766 Pali-

161 1782 206 1813 lia
231 1789 296 1814 tam
320 1783 462 1826 publica,
487 1795 584 1826 quam
608 1784 730 1826 privata
752 1791 836 1816 sunt.

161 1832 203 1862 Et
218 1839 265 1863 est
286 1844 386 1874 genus
402 1832 569 1864 hilaritatis
593 1841 624 1864 et
643 1834 731 1865 lusus
751 1834 836 1876 apud

160 1882 305 1919 rusticos,
328 1888 364 1913 ut
392 1884 550 1926 congestis
574 1894 646 1915 cum
670 1884 756 1915 foeno
780 1884 836 1915 sti-

161 1931 258 1974 pulis,
277 1932 380 1974 ignem
407 1944 557 1974 magnum
581 1933 770 1970 transiliant,
789 1934 836 1965 his

160 1981 318 2013 Palilibus
329 1993 362 2014 se
375 1983 496 2025 expiari
509 1983 710 2014 credentes-3³
731 1983 835 2014 Lauro

160 2036 265 2063 autem
291 2032 375 2063 hunc
407 2042 495 2063 usum
527 2032 632 2068 fuisse,
659 2043 759 2074 quum
787 2033 834 2064 vis

161 2083 389 2114 averruncandi
403 2083 432 2113 ei
448 2081 551 2114 inesse
567 2083 759 2120 crederetur,
777 2085 834 2116 do-

159 2137 210 2163 cet
234 2133 374 2165 Casaub.
399 2133 438 2164 ad
462 2133 672 2175 Theophrast.
693 2134 834 2167 charact.

162 2184 212 2215 16.
245 2184 286 2214 Et
301 2195 388 2215 ramo
404 2184 483 2216 lauri
499 2184 687 2226 adspergere
703 2196 735 2217 se
751 2186 832 2217 sole-

159 2235 237 2266 bant
253 2245 338 2276 aqua
349 2235 473 2266 lustrali
487 2246 496 2273 3
512 2234 594 2265 infra
610 2246 640 2266 v.
654 2236 716 2266 677
733 2249 738 2266 :
763 2236 831 2267 Uda

150 2285 196 2325 fit
218 2285 290 2315 hinc
315 2285 442 2316 laurus:
469 2286 556 2316 lauro
580 2292 772 2327 sparguntur
796 2288 833 2317 ab

159 2336 237 2365 uda.
262 2335 489 2377 ,Quamquam
512 2335 604 2366 olivae
629 2337 725 2367 etiarn
755 2336 833 2367 rami

160 2383 306 2415 eamdem
336 2383 368 2414 in
399 2395 465 2415 rem
491 2384 746 2424 adhibebantur3
773 2387 830 2416 AE-

160 2433 246 2465 neid.
262 2433 306 2465 vi.
322 2435 385 2465 229
399 2446 405 2464 :
432 2439 453 2452 “
470 2434 561 2466 Idem
577 2441 624 2466 ter
640 2435 740 2466 socios
756 2446 835 2477 pura

161 2483 358 2515 circumtulit
381 2484 480 2521 unda,
499 2485 657 2527 Spargens
679 2495 746 2516 rore
772 2485 834 2517 levi

160 2539 193 2564 et
221 2544 308 2564 ramo
337 2533 439 2565 felicis
467 2534 595 2566 olivae.⁷’
643 2535 693 2565 De
725 2536 836 2566 roratis

161 2586 247 2625 aquis
261 2582 334 2615 vide
357 2584 399 2615 ad
415 2595 482 2615 ver.
500 2585 576 2616 778.
618 2585 677 2615 Pro
692 2596 834 2627 spargere

161 2643 246 2664 nunc
259 2639 307 2664 est
323 2636 451 2666 mittere.

205 2683 280 2715 729.
304 2683 367 2715 Hic
390 2689 484 2726 poeta
504 2695 631 2726 operam
653 2695 742 2716 suam
759 2695 832 2716 cum

163 2733 366 2775 navigatione
384 2745 489 2765 rursus
505 2740 689 2777 comparat3
712 2734 795 2765 conf.
811 2734 832 2765 i.

163 2784 194 2813 4.
209 2789 242 2813 et
264 2782 400 2814 Cerdam
425 2783 466 2815 ad
481 2783 571 2826 Virg.
586 2784 704 2826 Georg.
724 2785 757 2815 ii.
779 2785 832 2815 41.

207 2832 309 2864 VOL.
327 2833 370 2864 V.

912 1137 998 1172 -S'uos,
1019 1135 1186 1171 secundos,
1209 1142 1244 1166 ut
1268 1137 1315 1167 sui
1338 1136 1394 1165 Dii
1417 1139 1491 1165 sunt
1513 1143 1583 1175 pro—

910 1186 991 1228 pitii.

955 1236 1031 1266 731.
1056 1234 1222 1266 Suffirnina
1244 1245 1261 1265 e
1279 1235 1386 1265 Vestae
1411 1232 1529 1276 templo
1554 1238 1587 1264 et

911 1295 929 1315 a
960 1285 1145 1316 Vestalibus
1181 1285 1384 1327 petebantur,
1413 1294 1480 1314 ver.
1510 1284 1586 1314 639.

915 1335 976 1366 Pro
999 1337 1058 1366 eris
1080 1335 1211 1376 quidam
1234 1336 1308 1370 abis,
1325 1333 1409 1364 unde
1436 1332 1586 1364 Heinsius

910 1386 958 1416 ubi
988 1385 1128 1427 conjicit.
1175 1384 1295 1416 Melius
1324 1389 1419 1426 poeta
1454 1382 1585 1420 indicat,

910 1434 987 1477 quid
1015 1435 1154 1466 futurum
1183 1434 1235 1464 sit.
1281 1435 1343 1464 Pro
1366 1444 1476 1473 purus,
1499 1432 1585 1474 quod

910 1485 1197 1527 frequentissimum
1221 1483 1252 1515 in
1275 1483 1334 1514 hac
1359 1493 1402 1519 re,
1420 1483 1473 1514 alii
1494 1494 1584 1514 mun-

909 1538 976 1572 dus,
994 1543 1079 1567 tulus
1094 1541 1147 1567 aut
1166 1542 1254 1566 totus.
1284 1534 1364 1566 lnde
1382 1535 1585 1565 Burmannus

908 1586 990 1617 male
1003 1585 1131 1628 conjicit
1150 1586 1248 1621 lotus5
1268 1583 1386 1615 februis
1402 1583 1498 1619 enim,
1512 1594 1583 1625 quae

903 1637 970 1678 jam
994 1635 1207 1671 nominantur,
1225 1634 1323 1665 lavari
1346 1644 1408 1664 non
1429 1634 1584 1664 solebant.

908 1686 1042 1727 Sanguis
1056 1687 1134 1726 equi.
1162 1684 1316 1726 Neapolis
1330 1684 1490 1721 observat,
1507 1682 1581 1714 hinc

908 1735 1008 1767 refelli
1028 1735 1182 1771 Sohnum,
1198 1735 1252 1776 qui
1280 1733 1313 1764 id
1336 1739 1494 1764 servatum
1521 1738 1582 1764 tra-

907 1785 982 1816 dat:
1011 1790 1030 1802 ‘¹
1049 1785 1100 1815 Ne
1127 1794 1191 1826 qua
1218 1783 1319 1814 hostia
1340 1781 1499 1813 Parilibus
1519 1792 1581 1813 cae-

907 1836 1045 1871 deretur,
1062 1840 1097 1865 ut
1114 1834 1182 1865 dies
1198 1834 1256 1864 iste
1274 1844 1292 1863 a
1307 1832 1461 1874 sanguine
1485 1843 1582 1874 purus

905 1884 1024 1916 esset.’'
1073 1884 1191 1915 Verum
1207 1894 1300 1924 equus
1316 1893 1378 1913 non
1394 1892 1431 1913 eo
1450 1881 1501 1912 die
1517 1892 1579 1913 eae-

905 1946 958 1966 sus
973 1941 1029 1970 est,
1048 1934 1103 1965 sed
1118 1935 1243 1976 sanguis
1256 1933 1344 1964 intel.
1356 1931 1464 1974 quide
1478 1932 1582 1963 cauda

903 1987 984 2027 equi,
1002 1995 1109 2014 mense
1131 1982 1252 2014 octobri
1275 1982 1306 2013 in
1327 1992 1438 2024 campo
1459 1981 1579 2012 Martio

903 2034 1003 2065 Marti
1034 2032 1202 2069 immolati,
1233 2031 1461 2067 destillaverat,
1487 2038 1518 2061 et
1546 2030 1578 2061 in

904 2085 1011 2116 Vestae
1036 2083 1154 2125 templo
1177 2082 1382 2117 servabatur;
1408 2080 1480 2112 vide
1503 2080 1578 2111 Fes-

903 2141 970 2166 tum
987 2134 1018 2164 in
1037 2134 1141 2175 Equus
1155 2133 1292 2164 October.
1338 2130 1496 2162 Referunt
1517 2130 1577 2162 huc

903 2184 999 2215 etiam
1029 2184 1125 2214 verba
1163 2181 1332 2224 Propertii,
1373 2181 1436 2212 IV.
1466 2180 1486 2211 i.
1511 2181 1575 2211 29:

901 2239 922 2251 “
939 2234 1122 2275 Annuaque
1136 2243 1270 2264 accenso
1285 2231 1445 2263 celebrare
1457 2230 1574 2261 Palilia

901 2285 999 2321 foeno,
1024 2283 1143 2321 Qualia
1171 2293 1256 2314 nunc
1283 2287 1372 2314 curto
1396 2281 1494 2312 lustra
1520 2292 1574 2312 no-

903 2340 1016 2366 vantur
1054 2333 1168 2376 equo.’'
1219 2333 1349 2363 Culmen
1374 2342 1429 2374 pro
1460 2330 1576 2362 culmo.

905 2383 1015 2420 Inane,
1031 2383 1146 2414 demtis
1162 2382 1254 2414 fabis.

949 2435 1023 2466 735.
1047 2434 1279 2465 Lustrabantur
1299 2439 1332 2464 et
1350 2443 1425 2463 oves
1439 2438 1471 2463 et
1484 2431 1579 2463 ovilia

904 2485 962 2515 sub
993 2490 1131 2515 noctem.
1184 2483 1289 2514 Etiam
1319 2482 1351 2513 in
1382 2481 1578 2513 Kalendario

903 2539 1010 2565 vetere
1036 2533 1104 2564 haec
1128 2533 1272 2563 lustratio
1296 2537 1416 2563 notata.
1463 2530 1575 2561 Ritum

901 2586 1044 2615 vemendi
1064 2583 1096 2614 in
1120 2582 1205 2614 omni
1225 2593 1314 2614 sacro
1334 2581 1456 2613 lustrali
1478 2580 1575 2611 usita-

903 2641 969 2666 tum
985 2634 1092 2671 fuisse,
1110 2633 1262 2675 Neapolis
1277 2637 1394 2663 monet.
1433 2632 1474 2662 Et
1487 2641 1570 2661 ever-

901 2696 942 2716 rae
982 2684 1186 2726 purgationes
1225 2682 1338 2713 domus
1375 2681 1574 2711 dicebantur.

903 2734 1038 2765 Frondes
1062 2739 1094 2764 et
1109 2734 1190 2774 fixos
1209 2743 1306 2763 ramos
1327 2741 1417 2773 posse
1441 2728 1575 2760 Lenzius

901 2790 992 2826 putat
1015 2783 1202 2814 umbracula
1219 2781 1354 2823 intelligi
1381 2785 1454 2811 ante
1476 2778 1573 2811 ovilia

1032 2833 1094 2873 Gg
