<?xml version="1.0" encoding="UTF-8"?>
<!DOCTYPE html PUBLIC "-//W3C//DTD XHTML 1.0 Transitional//EN"
    "http://www.w3.org/TR/xhtml1/DTD/xhtml1-transitional.dtd">
<html xmlns="http://www.w3.org/1999/xhtml" xml:lang="en" lang="en">
 <head>
  <title>
</title>
<meta http-equiv="Content-Type" content="text/html;charset=utf-8" />
  <meta name='ocr-system' content='tesseract 3.04.00' />
  <meta name='ocr-capabilities' content='ocr_page ocr_carea ocr_par ocr_line ocrx_word'/>
</head>
<body>
  <div class='ocr_page' id='page_1' title='image "./povidiinasonisop05oviduoft_0033.png"; bbox 0 0 1830 3220; ppageno 0'>
   <div class='ocr_carea' id='block_1_1' title="bbox 565 190 1561 240">
    <p class='ocr_par' dir='ltr' id='par_1_1' title="bbox 565 190 1561 240">
     <span class='ocr_line' id='line_1_1' title="bbox 565 190 1561 240; baseline -0.001 -6"><span class='ocrx_word' id='word_1_1' title='bbox 565 190 916 234; x_wconf 82' lang='lat' dir='ltr'><strong>FASTORUM</strong></span> <span class='ocrx_word' id='word_1_2' title='bbox 948 190 1070 234; x_wconf 84' lang='lat' dir='ltr'>LIB.</span> <span class='ocrx_word' id='word_1_3' title='bbox 1106 191 1143 233; x_wconf 95' lang='lat' dir='ltr'>I.</span> <span class='ocrx_word' id='word_1_4' title='bbox 1533 200 1561 240; x_wconf 87' lang='grc'><em>5</em></span> 
     </span>
    </p>
   </div>
   <div class='ocr_carea' id='block_1_2' title="bbox 148 307 1558 842">
    <p class='ocr_par' dir='ltr' id='par_1_2' title="bbox 152 307 1532 450">
     <span class='ocr_line' id='line_1_2' title="bbox 152 307 1532 372; baseline 0.004 -17"><span class='ocrx_word' id='word_1_5' title='bbox 152 307 302 363; x_wconf 85' lang='lat' dir='ltr'>Quod</span> <span class='ocrx_word' id='word_1_6' title='bbox 328 308 450 356; x_wconf 90' lang='lat' dir='ltr'>satis</span> <span class='ocrx_word' id='word_1_7' title='bbox 476 314 571 365; x_wconf 88' lang='lat' dir='ltr'>est,</span> <span class='ocrx_word' id='word_1_8' title='bbox 600 315 742 356; x_wconf 87' lang='lat' dir='ltr'>utero</span> <span class='ocrx_word' id='word_1_9' title='bbox 767 307 940 355; x_wconf 89' lang='lat' dir='ltr'>matris</span> <span class='ocrx_word' id='word_1_10' title='bbox 962 307 1082 356; x_wconf 91' lang='lat' dir='ltr'>dum</span> <span class='ocrx_word' id='word_1_11' title='bbox 1109 309 1321 372; x_wconf 83' lang='lat' dir='ltr'>prodeat</span> <span class='ocrx_word' id='word_1_12' title='bbox 1346 310 1532 371; x_wconf 88' lang='lat' dir='ltr'>infans;</span> 
     </span>
     <span class='ocr_line' id='line_1_3' title="bbox 218 385 1259 450; baseline 0.001 -17"><span class='ocrx_word' id='word_1_13' title='bbox 218 385 330 434; x_wconf 88' lang='lat' dir='ltr'>Hoc</span> <span class='ocrx_word' id='word_1_14' title='bbox 357 403 488 434; x_wconf 91' lang='lat' dir='ltr'>anno</span> <span class='ocrx_word' id='word_1_15' title='bbox 513 387 690 435; x_wconf 81' lang='lat' dir='ltr'>statuit</span> <span class='ocrx_word' id='word_1_16' title='bbox 712 386 954 450; x_wconf 88' lang='lat' dir='ltr'>temporis</span> <span class='ocrx_word' id='word_1_17' title='bbox 980 402 1094 434; x_wconf 89' lang='lat' dir='ltr'>esse</span> <span class='ocrx_word' id='word_1_18' title='bbox 1120 387 1259 435; x_wconf 89' lang='lat' dir='ltr'>satis.</span> 
     </span>
    </p>

    <p class='ocr_par' dir='ltr' id='par_1_3' title="bbox 150 462 1557 604">
     <span class='ocr_line' id='line_1_4' title="bbox 150 462 1557 528; baseline 0.004 -18"><span class='ocrx_word' id='word_1_19' title='bbox 150 462 250 511; x_wconf 92' lang='lat' dir='ltr'>Per</span> <span class='ocrx_word' id='word_1_20' title='bbox 273 464 487 513; x_wconf 89' lang='lat' dir='ltr'>totidem</span> <span class='ocrx_word' id='word_1_21' title='bbox 507 480 709 512; x_wconf 87' lang='lat' dir='ltr'>menses</span> <span class='ocrx_word' id='word_1_22' title='bbox 736 479 764 511; x_wconf 89' lang='lat' dir='ltr'>a</span> <span class='ocrx_word' id='word_1_23' title='bbox 788 462 963 511; x_wconf 88' lang='lat' dir='ltr'>funere</span> <span class='ocrx_word' id='word_1_24' title='bbox 989 465 1219 528; x_wconf 83' lang='lat' dir='ltr'>conjugis</span> <span class='ocrx_word' id='word_1_25' title='bbox 1246 483 1374 514; x_wconf 82' lang='lat' dir='ltr'>uxor</span> <span class='ocrx_word' id='word_1_26' title='bbox 1495 472 1557 516; x_wconf 82' lang='lat'>35</span> 
     </span>
     <span class='ocr_line' id='line_1_5' title="bbox 219 541 1244 604; baseline 0.001 -15"><span class='ocrx_word' id='word_1_27' title='bbox 219 542 448 591; x_wconf 81' lang='lat' dir='ltr'>Sustinet</span> <span class='ocrx_word' id='word_1_28' title='bbox 472 543 524 590; x_wconf 93' lang='lat' dir='ltr'>in</span> <span class='ocrx_word' id='word_1_29' title='bbox 547 542 698 590; x_wconf 89' lang='lat' dir='ltr'>vidua</span> <span class='ocrx_word' id='word_1_30' title='bbox 722 541 886 588; x_wconf 88' lang='lat' dir='ltr'>tristia</span> <span class='ocrx_word' id='word_1_31' title='bbox 910 541 1056 604; x_wconf 84' lang='lat' dir='ltr'>signa</span> <span class='ocrx_word' id='word_1_32' title='bbox 1078 542 1244 591; x_wconf 88' lang='lat' dir='ltr'>domo.</span> 
     </span>
    </p>

    <p class='ocr_par' dir='ltr' id='par_1_4' title="bbox 150 619 1360 763">
     <span class='ocr_line' id='line_1_6' title="bbox 150 619 1210 684; baseline 0 -17"><span class='ocrx_word' id='word_1_33' title='bbox 150 619 263 668; x_wconf 93' lang='lat' dir='ltr'>Hoc</span> <span class='ocrx_word' id='word_1_34' title='bbox 290 620 442 684; x_wconf 85' lang='lat' dir='ltr'>igitur</span> <span class='ocrx_word' id='word_1_35' title='bbox 466 620 591 668; x_wconf 92' lang='lat' dir='ltr'>vidit</span> <span class='ocrx_word' id='word_1_36' title='bbox 611 620 825 668; x_wconf 81' lang='lat' dir='ltr'>trabeati</span> <span class='ocrx_word' id='word_1_37' title='bbox 851 636 972 668; x_wconf 89' lang='lat' dir='ltr'>cura</span> <span class='ocrx_word' id='word_1_38' title='bbox 997 619 1210 677; x_wconf 82' lang='lat' dir='ltr'>Quirini,</span> 
     </span>
     <span class='ocr_line' id='line_1_7' title="bbox 218 698 1360 763; baseline 0.001 -17"><span class='ocrx_word' id='word_1_39' title='bbox 218 698 388 754; x_wconf 81' lang='lat' dir='ltr'>Quum</span> <span class='ocrx_word' id='word_1_40' title='bbox 413 700 623 747; x_wconf 91' lang='lat' dir='ltr'>rudibus</span> <span class='ocrx_word' id='word_1_41' title='bbox 649 698 849 763; x_wconf 89' lang='lat' dir='ltr'>populis</span> <span class='ocrx_word' id='word_1_42' title='bbox 876 714 1042 745; x_wconf 86' lang='lat' dir='ltr'>annua</span> <span class='ocrx_word' id='word_1_43' title='bbox 1060 699 1176 761; x_wconf 88' lang='lat' dir='ltr'>jura</span> <span class='ocrx_word' id='word_1_44' title='bbox 1200 699 1360 748; x_wconf 87' lang='lat' dir='ltr'>daret.</span> 
     </span>
    </p>

    <p class='ocr_par' dir='ltr' id='par_1_5' title="bbox 148 775 1558 842">
     <span class='ocr_line' id='line_1_8' title="bbox 148 775 1558 842; baseline 0.003 -18"><span class='ocrx_word' id='word_1_45' title='bbox 148 775 330 825; x_wconf 86' lang='lat' dir='ltr'>Martis</span> <span class='ocrx_word' id='word_1_46' title='bbox 357 785 464 826; x_wconf 88' lang='lat' dir='ltr'>erat</span> <span class='ocrx_word' id='word_1_47' title='bbox 488 778 679 842; x_wconf 90' lang='lat' dir='ltr'>primus</span> <span class='ocrx_word' id='word_1_48' title='bbox 704 776 909 833; x_wconf 83' lang='lat' dir='ltr'>mensis,</span> <span class='ocrx_word' id='word_1_49' title='bbox 932 777 1248 841; x_wconf 87' lang='lat' dir='ltr'>Venerisque</span> <span class='ocrx_word' id='word_1_50' title='bbox 1275 780 1558 829; x_wconf 88' lang='lat' dir='ltr'>secundus:</span> 
     </span>
    </p>
   </div>
   <div class='ocr_carea' id='block_1_3' title="bbox 216 854 1337 921">
    <p class='ocr_par' dir='ltr' id='par_1_6' title="bbox 216 854 1337 921">
     <span class='ocr_line' id='line_1_9' title="bbox 216 854 1337 921; baseline 0.002 -19"><span class='ocrx_word' id='word_1_51' title='bbox 216 854 341 904; x_wconf 87' lang='lat' dir='ltr'>Haec</span> <span class='ocrx_word' id='word_1_52' title='bbox 368 856 566 920; x_wconf 85' lang='lat' dir='ltr'>generis</span> <span class='ocrx_word' id='word_1_53' title='bbox 592 856 845 921; x_wconf 87' lang='lat' dir='ltr'>princeps,</span> <span class='ocrx_word' id='word_1_54' title='bbox 873 855 1032 920; x_wconf 88' lang='lat' dir='ltr'>ipsius</span> <span class='ocrx_word' id='word_1_55' title='bbox 1058 856 1140 903; x_wconf 90' lang='lat' dir='ltr'>ille</span> <span class='ocrx_word' id='word_1_56' title='bbox 1166 862 1337 920; x_wconf 86' lang='lat' dir='ltr'>pater:</span> 
     </span>
    </p>
   </div>
   <div class='ocr_carea' id='block_1_4' title="bbox 1494 862 1560 906">
    <p class='ocr_par' dir='ltr' id='par_1_7' title="bbox 1494 862 1560 906">
     <span class='ocr_line' id='line_1_10' title="bbox 1494 862 1560 906; baseline 0.015 -1"><span class='ocrx_word' id='word_1_57' title='bbox 1494 862 1560 906; x_wconf 84' lang='lat'>40</span> 
     </span>
    </p>
   </div>
   <div class='ocr_carea' id='block_1_5' title="bbox 146 932 1556 1235">
    <p class='ocr_par' dir='ltr' id='par_1_8' title="bbox 147 932 1524 1078">
     <span class='ocr_line' id='line_1_11' title="bbox 147 932 1524 999; baseline 0.003 -18"><span class='ocrx_word' id='word_1_58' title='bbox 147 932 348 983; x_wconf 89' lang='lat' dir='ltr'>Tertius</span> <span class='ocrx_word' id='word_1_59' title='bbox 375 951 404 983; x_wconf 90' lang='lat' dir='ltr'>a</span> <span class='ocrx_word' id='word_1_60' title='bbox 428 936 663 994; x_wconf 89' lang='lat' dir='ltr'>senibus;</span> <span class='ocrx_word' id='word_1_61' title='bbox 699 936 944 999; x_wconf 84' lang='lat' dir='ltr'>juvenum</span> <span class='ocrx_word' id='word_1_62' title='bbox 969 934 1033 982; x_wconf 90' lang='lat' dir='ltr'>de</span> <span class='ocrx_word' id='word_1_63' title='bbox 1058 934 1260 983; x_wconf 90' lang='lat' dir='ltr'>nomine</span> <span class='ocrx_word' id='word_1_64' title='bbox 1286 943 1493 999; x_wconf 87' lang='lat' dir='ltr'>quartus</span> <span class='ocrx_word' id='word_1_65' title='bbox 1514 955 1524 985; x_wconf 92' lang='lat'>:</span> 
     </span>
     <span class='ocr_line' id='line_1_12' title="bbox 216 1012 1336 1078; baseline 0 -18"><span class='ocrx_word' id='word_1_66' title='bbox 216 1012 341 1067; x_wconf 82' lang='lat' dir='ltr'>Quae</span> <span class='ocrx_word' id='word_1_67' title='bbox 368 1014 597 1078; x_wconf 90' lang='lat' dir='ltr'>sequitur</span> <span class='ocrx_word' id='word_1_68' title='bbox 621 1029 829 1062; x_wconf 86' lang='lat' dir='ltr'>numero</span> <span class='ocrx_word' id='word_1_69' title='bbox 856 1013 1005 1060; x_wconf 87' lang='lat' dir='ltr'>turba</span> <span class='ocrx_word' id='word_1_70' title='bbox 1030 1019 1203 1061; x_wconf 89' lang='lat' dir='ltr'>notata</span> <span class='ocrx_word' id='word_1_71' title='bbox 1228 1012 1336 1061; x_wconf 88' lang='lat' dir='ltr'>fuit.</span> 
     </span>
    </p>

    <p class='ocr_par' dir='ltr' id='par_1_9' title="bbox 146 1089 1556 1235">
     <span class='ocr_line' id='line_1_13' title="bbox 146 1089 1556 1155; baseline 0.003 -18"><span class='ocrx_word' id='word_1_72' title='bbox 146 1089 218 1138; x_wconf 86' lang='lat' dir='ltr'>At</span> <span class='ocrx_word' id='word_1_73' title='bbox 244 1090 416 1140; x_wconf 88' lang='lat' dir='ltr'>Numa</span> <span class='ocrx_word' id='word_1_74' title='bbox 439 1108 532 1141; x_wconf 90' lang='lat' dir='ltr'>nec</span> <span class='ocrx_word' id='word_1_75' title='bbox 557 1091 587 1140; x_wconf 92' lang='lat' dir='ltr'>J</span> <span class='ocrx_word' id='word_1_76' title='bbox 593 1108 761 1148; x_wconf 89' lang='lat' dir='ltr'>anum,</span> <span class='ocrx_word' id='word_1_77' title='bbox 788 1107 882 1138; x_wconf 91' lang='lat' dir='ltr'>nec</span> <span class='ocrx_word' id='word_1_78' title='bbox 904 1091 1062 1139; x_wconf 89' lang='lat' dir='ltr'>avitas</span> <span class='ocrx_word' id='word_1_79' title='bbox 1088 1091 1311 1155; x_wconf 75' lang='lat' dir='ltr'>praeterit</span> <span class='ocrx_word' id='word_1_80' title='bbox 1335 1094 1556 1151; x_wconf 84' lang='lat' dir='ltr'>umbras,</span> 
     </span>
     <span class='ocr_line' id='line_1_14' title="bbox 216 1168 1268 1235; baseline 0.001 -19"><span class='ocrx_word' id='word_1_81' title='bbox 216 1168 483 1218; x_wconf 90' lang='lat' dir='ltr'>Mensibus</span> <span class='ocrx_word' id='word_1_82' title='bbox 509 1170 732 1235; x_wconf 86' lang='lat' dir='ltr'>antiquis</span> <span class='ocrx_word' id='word_1_83' title='bbox 759 1170 1099 1234; x_wconf 86' lang='lat' dir='ltr'>apposuitque</span> <span class='ocrx_word' id='word_1_84' title='bbox 1124 1170 1268 1218; x_wconf 91' lang='lat' dir='ltr'>duos.</span> 
     </span>
    </p>
   </div>
   <div class='ocr_carea' id='block_1_6' title="bbox 142 1336 821 2832">
    <p class='ocr_par' dir='ltr' id='par_1_10' title="bbox 142 1336 820 1976">
     <span class='ocr_line' id='line_1_15' title="bbox 146 1336 819 1381; baseline 0.001 -13"><span class='ocrx_word' id='word_1_85' title='bbox 146 1336 349 1373; x_wconf 82' lang='lat' dir='ltr'>Plutarchus,</span> <span class='ocrx_word' id='word_1_86' title='bbox 375 1337 475 1368; x_wconf 88' lang='lat' dir='ltr'>Num.</span> <span class='ocrx_word' id='word_1_87' title='bbox 495 1338 544 1369; x_wconf 85' lang='lat'>12.</span> <span class='ocrx_word' id='word_1_88' title='bbox 584 1338 699 1369; x_wconf 77' lang='lat' dir='ltr'>Tristia</span> <span class='ocrx_word' id='word_1_89' title='bbox 719 1340 819 1381; x_wconf 77' lang='lat' dir='ltr'>signa.</span> 
     </span>
     <span class='ocr_line' id='line_1_16' title="bbox 147 1386 818 1430; baseline 0.004 -14"><span class='ocrx_word' id='word_1_90' title='bbox 147 1386 222 1417; x_wconf 84' lang='lat' dir='ltr'>Non</span> <span class='ocrx_word' id='word_1_91' title='bbox 240 1386 410 1429; x_wconf 82' lang='lat' dir='ltr'>prodibant</span> <span class='ocrx_word' id='word_1_92' title='bbox 430 1386 462 1417; x_wconf 91' lang='lat' dir='ltr'>in</span> <span class='ocrx_word' id='word_1_93' title='bbox 483 1386 661 1430; x_wconf 91' lang='lat' dir='ltr'>publicum,</span> <span class='ocrx_word' id='word_1_94' title='bbox 680 1388 818 1419; x_wconf 80' lang='lat' dir='ltr'>abstine-</span> 
     </span>
     <span class='ocr_line' id='line_1_17' title="bbox 147 1436 819 1474; baseline 0.003 -7"><span class='ocrx_word' id='word_1_95' title='bbox 147 1436 225 1467; x_wconf 85' lang='lat' dir='ltr'>bant</span> <span class='ocrx_word' id='word_1_96' title='bbox 250 1447 269 1467; x_wconf 86' lang='lat' dir='ltr'>a</span> <span class='ocrx_word' id='word_1_97' title='bbox 291 1436 456 1474; x_wconf 88' lang='lat' dir='ltr'>conviviis,</span> <span class='ocrx_word' id='word_1_98' title='bbox 473 1438 575 1468; x_wconf 88' lang='lat' dir='ltr'>focum</span> <span class='ocrx_word' id='word_1_99' title='bbox 600 1449 663 1469; x_wconf 91' lang='lat' dir='ltr'>non</span> <span class='ocrx_word' id='word_1_100' title='bbox 685 1438 819 1469; x_wconf 87' lang='lat' dir='ltr'>instrue-</span> 
     </span>
     <span class='ocr_line' id='line_1_18' title="bbox 146 1486 819 1525; baseline 0.004 -8"><span class='ocrx_word' id='word_1_101' title='bbox 146 1487 247 1525; x_wconf 80' lang='lat' dir='ltr'>bant;</span> <span class='ocrx_word' id='word_1_102' title='bbox 280 1486 492 1518; x_wconf 83' lang='lat' dir='ltr'>Kirchmann.</span> <span class='ocrx_word' id='word_1_103' title='bbox 523 1487 563 1518; x_wconf 93' lang='lat' dir='ltr'>de</span> <span class='ocrx_word' id='word_1_104' title='bbox 592 1488 673 1519; x_wconf 91' lang='lat' dir='ltr'>Fun.</span> <span class='ocrx_word' id='word_1_105' title='bbox 698 1488 740 1520; x_wconf 89' lang='lat' dir='ltr'>iv.</span> <span class='ocrx_word' id='word_1_106' title='bbox 768 1489 819 1520; x_wconf 91' lang='lat' dir='ltr'>ll.</span> 
     </span>
     <span class='ocr_line' id='line_1_19' title="bbox 149 1537 819 1580; baseline 0.003 -13"><span class='ocrx_word' id='word_1_107' title='bbox 149 1539 234 1568; x_wconf 82' lang='lat' dir='ltr'>Cura</span> <span class='ocrx_word' id='word_1_108' title='bbox 247 1538 387 1578; x_wconf 50' lang='lat' dir='ltr'>Quirini,</span> <span class='ocrx_word' id='word_1_109' title='bbox 400 1537 466 1580; x_wconf 85' lang='lat' dir='ltr'>ipse</span> <span class='ocrx_word' id='word_1_110' title='bbox 477 1538 639 1576; x_wconf 77' lang='lat' dir='ltr'>Quirinus,</span> <span class='ocrx_word' id='word_1_111' title='bbox 655 1544 690 1570; x_wconf 88' lang='lat' dir='ltr'>ut</span> <span class='ocrx_word' id='word_1_112' title='bbox 705 1539 734 1569; x_wconf 88' lang='lat' dir='ltr'>I.</span> <span class='ocrx_word' id='word_1_113' title='bbox 746 1540 819 1570; x_wconf 88' lang='lat' dir='ltr'>Me-</span> 
     </span>
     <span class='ocr_line' id='line_1_20' title="bbox 146 1589 819 1620; baseline 0.003 -2"><span class='ocrx_word' id='word_1_114' title='bbox 146 1593 223 1618; x_wconf 88' lang='lat' dir='ltr'>tam.</span> <span class='ocrx_word' id='word_1_115' title='bbox 248 1589 301 1619; x_wconf 78' lang='lat'>47.</span> <span class='ocrx_word' id='word_1_116' title='bbox 325 1600 401 1619; x_wconf 80' lang='lat' dir='ltr'>cura</span> <span class='ocrx_word' id='word_1_117' title='bbox 419 1589 489 1620; x_wconf 79' lang='lat' dir='ltr'>Dei.</span> <span class='ocrx_word' id='word_1_118' title='bbox 551 1589 666 1620; x_wconf 78' lang='lat' dir='ltr'>Trabea</span> <span class='ocrx_word' id='word_1_119' title='bbox 697 1589 758 1620; x_wconf 87' lang='lat' dir='ltr'>suit</span> <span class='ocrx_word' id='word_1_120' title='bbox 786 1589 819 1620; x_wconf 92' lang='lat' dir='ltr'>in</span> 
     </span>
     <span class='ocr_line' id='line_1_21' title="bbox 146 1638 819 1680; baseline 0 -11"><span class='ocrx_word' id='word_1_121' title='bbox 146 1638 321 1679; x_wconf 82' lang='lat' dir='ltr'>insignibus</span> <span class='ocrx_word' id='word_1_122' title='bbox 350 1650 459 1680; x_wconf 85' lang='lat' dir='ltr'>regum</span> <span class='ocrx_word' id='word_1_123' title='bbox 487 1639 620 1678; x_wconf 87' lang='lat' dir='ltr'>Romae;</span> <span class='ocrx_word' id='word_1_124' title='bbox 654 1639 775 1675; x_wconf 90' lang='lat' dir='ltr'>Livius,</span> <span class='ocrx_word' id='word_1_125' title='bbox 797 1640 819 1670; x_wconf 92' lang='lat' dir='ltr'>i.</span> 
     </span>
     <span class='ocr_line' id='line_1_22' title="bbox 147 1688 820 1720; baseline 0.003 -2"><span class='ocrx_word' id='word_1_126' title='bbox 147 1688 202 1718; x_wconf 85' lang='lat'>41.</span> <span class='ocrx_word' id='word_1_127' title='bbox 227 1688 355 1719; x_wconf 74' lang='lat' dir='ltr'>Servius</span> <span class='ocrx_word' id='word_1_128' title='bbox 384 1700 452 1719; x_wconf 76' lang='lat' dir='ltr'>cum</span> <span class='ocrx_word' id='word_1_129' title='bbox 479 1690 581 1719; x_wconf 80' lang='lat' dir='ltr'>trabea</span> <span class='ocrx_word' id='word_1_130' title='bbox 606 1695 636 1719; x_wconf 81' lang='lat' dir='ltr'>et</span> <span class='ocrx_word' id='word_1_131' title='bbox 664 1690 820 1720; x_wconf 76' lang='lat' dir='ltr'>lictoribus</span> 
     </span>
     <span class='ocr_line' id='line_1_23' title="bbox 142 1738 819 1780; baseline 0.003 -12"><span class='ocrx_word' id='word_1_132' title='bbox 142 1740 256 1778; x_wconf 74' lang='lat' dir='ltr'>prodit.</span> <span class='ocrx_word' id='word_1_133' title='bbox 312 1738 400 1775; x_wconf 81' lang='lat' dir='ltr'>Quin</span> <span class='ocrx_word' id='word_1_134' title='bbox 431 1738 516 1780; x_wconf 90' lang='lat' dir='ltr'>apud</span> <span class='ocrx_word' id='word_1_135' title='bbox 546 1739 636 1780; x_wconf 85' lang='lat' dir='ltr'>Virg.</span> <span class='ocrx_word' id='word_1_136' title='bbox 663 1739 740 1770; x_wconf 83' lang='lat' dir='ltr'>AEn.</span> <span class='ocrx_word' id='word_1_137' title='bbox 766 1739 819 1770; x_wconf 92' lang='lat' dir='ltr'>vii.</span> 
     </span>
     <span class='ocr_line' id='line_1_24' title="bbox 150 1788 818 1830; baseline 0.001 -11"><span class='ocrx_word' id='word_1_138' title='bbox 150 1789 222 1819; x_wconf 81' lang='lat'>183.</span> <span class='ocrx_word' id='word_1_139' title='bbox 234 1788 301 1830; x_wconf 86' lang='lat' dir='ltr'>jam</span> <span class='ocrx_word' id='word_1_140' title='bbox 317 1788 415 1819; x_wconf 89' lang='lat' dir='ltr'>Picus</span> <span class='ocrx_word' id='word_1_141' title='bbox 431 1799 486 1819; x_wconf 85' lang='lat' dir='ltr'>rex</span> <span class='ocrx_word' id='word_1_142' title='bbox 510 1790 682 1820; x_wconf 70' lang='lat' dir='ltr'>succinctus</span> <span class='ocrx_word' id='word_1_143' title='bbox 702 1791 818 1829; x_wconf 52' lang='lat' dir='ltr'>trahea.</span> 
     </span>
     <span class='ocr_line' id='line_1_25' title="bbox 148 1838 820 1879; baseline 0.003 -11"><span class='ocrx_word' id='word_1_144' title='bbox 148 1839 274 1877; x_wconf 74' lang='lat' dir='ltr'>Populi,</span> <span class='ocrx_word' id='word_1_145' title='bbox 294 1839 392 1869; x_wconf 88' lang='lat' dir='ltr'>cives.</span> <span class='ocrx_word' id='word_1_146' title='bbox 429 1838 472 1869; x_wconf 88' lang='lat' dir='ltr'>I-li</span> <span class='ocrx_word' id='word_1_147' title='bbox 490 1849 507 1869; x_wconf 89' lang='lat' dir='ltr'>a</span> <span class='ocrx_word' id='word_1_148' title='bbox 523 1838 624 1875; x_wconf 88' lang='lat' dir='ltr'>Livio,</span> <span class='ocrx_word' id='word_1_149' title='bbox 641 1839 660 1870; x_wconf 90' lang='lat' dir='ltr'>i.</span> <span class='ocrx_word' id='word_1_150' title='bbox 678 1841 708 1870; x_wconf 87' lang='lat'>8.</span> <span class='ocrx_word' id='word_1_151' title='bbox 724 1851 820 1879; x_wconf 70' lang='lat' dir='ltr'>genus</span> 
     </span>
     <span class='ocr_line' id='line_1_26' title="bbox 146 1888 818 1929; baseline 0.004 -12"><span class='ocrx_word' id='word_1_152' title='bbox 146 1889 299 1918; x_wconf 74' lang='lat' dir='ltr'>hominnm</span> <span class='ocrx_word' id='word_1_153' title='bbox 317 1894 434 1929; x_wconf 75' lang='lat' dir='ltr'>agreste</span> <span class='ocrx_word' id='word_1_154' title='bbox 449 1893 612 1925; x_wconf 86' lang='lat' dir='ltr'>vocantur,</span> <span class='ocrx_word' id='word_1_155' title='bbox 630 1888 679 1920; x_wconf 89' lang='lat' dir='ltr'>cui</span> <span class='ocrx_word' id='word_1_156' title='bbox 696 1888 818 1920; x_wconf 88' lang='lat' dir='ltr'>Romu-</span> 
     </span>
     <span class='ocr_line' id='line_1_27' title="bbox 146 1937 431 1976; baseline 0.004 -8"><span class='ocrx_word' id='word_1_157' title='bbox 146 1937 283 1976; x_wconf 64' lang='lat' dir='ltr'>lusjara</span> <span class='ocrx_word' id='word_1_158' title='bbox 299 1937 431 1969; x_wconf 85' lang='lat' dir='ltr'>dederit.</span> 
     </span>
    </p>

    <p class='ocr_par' dir='ltr' id='par_1_11' title="bbox 145 1987 821 2832">
     <span class='ocr_line' id='line_1_28' title="bbox 190 1987 819 2030; baseline 0 -11"><span class='ocrx_word' id='word_1_159' title='bbox 190 1989 246 2019; x_wconf 88' lang='lat'>39.</span> <span class='ocrx_word' id='word_1_160' title='bbox 272 1988 299 2018; x_wconf 93' lang='lat' dir='ltr'>E</span> <span class='ocrx_word' id='word_1_161' title='bbox 325 1987 498 2019; x_wconf 84' lang='lat' dir='ltr'>Plutarcho</span> <span class='ocrx_word' id='word_1_162' title='bbox 522 1993 553 2019; x_wconf 85' lang='lat' dir='ltr'>et</span> <span class='ocrx_word' id='word_1_163' title='bbox 576 1987 742 2019; x_wconf 84' lang='lat' dir='ltr'>Macrobio</span> <span class='ocrx_word' id='word_1_164' title='bbox 764 1998 819 2030; x_wconf 80' lang='lat' dir='ltr'>ap-</span> 
     </span>
     <span class='ocr_line' id='line_1_29' title="bbox 147 2037 820 2079; baseline 0 -11"><span class='ocrx_word' id='word_1_165' title='bbox 147 2043 248 2079; x_wconf 81' lang='lat' dir='ltr'>paret,</span> <span class='ocrx_word' id='word_1_166' title='bbox 261 2037 327 2078; x_wconf 85' lang='lat' dir='ltr'>jam</span> <span class='ocrx_word' id='word_1_167' title='bbox 345 2037 538 2079; x_wconf 85' lang='lat' dir='ltr'>antiquiores</span> <span class='ocrx_word' id='word_1_168' title='bbox 553 2037 592 2069; x_wconf 91' lang='lat' dir='ltr'>de</span> <span class='ocrx_word' id='word_1_169' title='bbox 609 2037 718 2068; x_wconf 89' lang='lat' dir='ltr'>ordine</span> <span class='ocrx_word' id='word_1_170' title='bbox 732 2048 820 2068; x_wconf 89' lang='lat' dir='ltr'>men-</span> 
     </span>
     <span class='ocr_line' id='line_1_30' title="bbox 147 2087 821 2130; baseline 0.001 -13"><span class='ocrx_word' id='word_1_171' title='bbox 147 2087 228 2119; x_wconf 90' lang='lat' dir='ltr'>sium</span> <span class='ocrx_word' id='word_1_172' title='bbox 250 2087 353 2130; x_wconf 91' lang='lat' dir='ltr'>prisco</span> <span class='ocrx_word' id='word_1_173' title='bbox 374 2087 508 2118; x_wconf 86' lang='lat' dir='ltr'>multum</span> <span class='ocrx_word' id='word_1_174' title='bbox 530 2087 724 2129; x_wconf 83' lang='lat' dir='ltr'>quaesivisse.</span> <span class='ocrx_word' id='word_1_175' title='bbox 767 2088 821 2118; x_wconf 86' lang='lat' dir='ltr'>Ve-</span> 
     </span>
     <span class='ocr_line' id='line_1_31' title="bbox 145 2137 818 2178; baseline 0 -10"><span class='ocrx_word' id='word_1_176' title='bbox 145 2139 284 2178; x_wconf 69' lang='lat' dir='ltr'>nerisque</span> <span class='ocrx_word' id='word_1_177' title='bbox 310 2139 471 2169; x_wconf 75' lang='lat' dir='ltr'>secundus.</span> <span class='ocrx_word' id='word_1_178' title='bbox 525 2137 631 2168; x_wconf 88' lang='lat' dir='ltr'>Etiam</span> <span class='ocrx_word' id='word_1_179' title='bbox 657 2137 818 2174; x_wconf 84' lang='lat' dir='ltr'>Horatius,</span> 
     </span>
     <span class='ocr_line' id='line_1_32' title="bbox 148 2187 820 2221; baseline 0 -3"><span class='ocrx_word' id='word_1_180' title='bbox 148 2188 208 2221; x_wconf 79' lang='lat' dir='ltr'>IV.</span> <span class='ocrx_word' id='word_1_181' title='bbox 236 2187 300 2219; x_wconf 90' lang='lat' dir='ltr'>Od.</span> <span class='ocrx_word' id='word_1_182' title='bbox 326 2187 370 2218; x_wconf 78' lang='lat' dir='ltr'>xi.</span> <span class='ocrx_word' id='word_1_183' title='bbox 401 2188 459 2218; x_wconf 83' lang='lat'>15:</span> <span class='ocrx_word' id='word_1_184' title='bbox 494 2187 656 2218; x_wconf 85' lang='lat' dir='ltr'>“Mensis</span> <span class='ocrx_word' id='word_1_185' title='bbox 688 2187 820 2218; x_wconf 87' lang='lat' dir='ltr'>Veneris</span> 
     </span>
     <span class='ocr_line' id='line_1_33' title="bbox 148 2237 819 2269; baseline -0.003 0"><span class='ocrx_word' id='word_1_186' title='bbox 148 2237 312 2269; x_wconf 85' lang='lat' dir='ltr'>marinae.’&#39;</span> <span class='ocrx_word' id='word_1_187' title='bbox 350 2237 495 2269; x_wconf 85' lang='lat' dir='ltr'>Macrob.</span> <span class='ocrx_word' id='word_1_188' title='bbox 528 2242 549 2254; x_wconf 78' lang='lat'>‘¹</span> <span class='ocrx_word' id='word_1_189' title='bbox 567 2238 661 2268; x_wconf 84' lang='lat' dir='ltr'>Hanc</span> <span class='ocrx_word' id='word_1_190' title='bbox 688 2237 819 2268; x_wconf 85' lang='lat' dir='ltr'>Romuli</span> 
     </span>
     <span class='ocr_line' id='line_1_34' title="bbox 148 2286 818 2329; baseline 0 -11"><span class='ocrx_word' id='word_1_191' title='bbox 148 2292 292 2319; x_wconf 88' lang='lat' dir='ltr'>asserunt</span> <span class='ocrx_word' id='word_1_192' title='bbox 317 2286 412 2318; x_wconf 84' lang='lat' dir='ltr'>fuisse</span> <span class='ocrx_word' id='word_1_193' title='bbox 436 2286 601 2323; x_wconf 85' lang='lat' dir='ltr'>rationem,</span> <span class='ocrx_word' id='word_1_194' title='bbox 625 2294 660 2319; x_wconf 89' lang='lat' dir='ltr'>ut</span> <span class='ocrx_word' id='word_1_195' title='bbox 683 2286 818 2329; x_wconf 86' lang='lat' dir='ltr'>primum</span> 
     </span>
     <span class='ocr_line' id='line_1_35' title="bbox 148 2337 815 2380; baseline 0.001 -12"><span class='ocrx_word' id='word_1_196' title='bbox 148 2337 276 2379; x_wconf 89' lang='lat' dir='ltr'>quidem</span> <span class='ocrx_word' id='word_1_197' title='bbox 300 2347 440 2368; x_wconf 82' lang='lat' dir='ltr'>mensem</span> <span class='ocrx_word' id='word_1_198' title='bbox 464 2347 482 2368; x_wconf 84' lang='lat' dir='ltr'>a</span> <span class='ocrx_word' id='word_1_199' title='bbox 505 2343 593 2380; x_wconf 87' lang='lat' dir='ltr'>patre</span> <span class='ocrx_word' id='word_1_200' title='bbox 616 2348 672 2369; x_wconf 89' lang='lat' dir='ltr'>suo</span> <span class='ocrx_word' id='word_1_201' title='bbox 695 2338 815 2374; x_wconf 84' lang='lat' dir='ltr'>Marte,</span> 
     </span>
     <span class='ocr_line' id='line_1_36' title="bbox 148 2387 818 2419; baseline 0.001 -1"><span class='ocrx_word' id='word_1_202' title='bbox 148 2387 324 2418; x_wconf 84' lang='lat' dir='ltr'>secundum</span> <span class='ocrx_word' id='word_1_203' title='bbox 355 2388 395 2418; x_wconf 85' lang='lat' dir='ltr'>ab</span> <span class='ocrx_word' id='word_1_204' title='bbox 421 2388 531 2418; x_wconf 87' lang='lat' dir='ltr'>AEneae</span> <span class='ocrx_word' id='word_1_205' title='bbox 563 2393 662 2418; x_wconf 85' lang='lat' dir='ltr'>matre</span> <span class='ocrx_word' id='word_1_206' title='bbox 694 2389 818 2419; x_wconf 84' lang='lat' dir='ltr'>Venere</span> 
     </span>
     <span class='ocr_line' id='line_1_37' title="bbox 150 2436 818 2479; baseline 0.001 -12"><span class='ocrx_word' id='word_1_207' title='bbox 150 2436 335 2473; x_wconf 87' lang='lat' dir='ltr'>nominaret,</span> <span class='ocrx_word' id='word_1_208' title='bbox 347 2442 380 2468; x_wconf 88' lang='lat' dir='ltr'>et</span> <span class='ocrx_word' id='word_1_209' title='bbox 390 2436 422 2467; x_wconf 87' lang='lat' dir='ltr'>hi</span> <span class='ocrx_word' id='word_1_210' title='bbox 433 2437 628 2479; x_wconf 86' lang='lat' dir='ltr'>potissimum</span> <span class='ocrx_word' id='word_1_211' title='bbox 643 2437 717 2468; x_wconf 86' lang='lat' dir='ltr'>anni</span> <span class='ocrx_word' id='word_1_212' title='bbox 732 2437 818 2479; x_wconf 86' lang='lat' dir='ltr'>prin-</span> 
     </span>
     <span class='ocr_line' id='line_1_38' title="bbox 149 2485 819 2528; baseline 0.001 -11"><span class='ocrx_word' id='word_1_213' title='bbox 149 2485 235 2528; x_wconf 83' lang='lat' dir='ltr'>cipia</span> <span class='ocrx_word' id='word_1_214' title='bbox 256 2492 428 2523; x_wconf 86' lang='lat' dir='ltr'>servarent,</span> <span class='ocrx_word' id='word_1_215' title='bbox 450 2487 483 2517; x_wconf 88' lang='lat' dir='ltr'>in</span> <span class='ocrx_word' id='word_1_216' title='bbox 506 2486 622 2528; x_wconf 87' lang='lat' dir='ltr'>quibus</span> <span class='ocrx_word' id='word_1_217' title='bbox 644 2493 726 2518; x_wconf 88' lang='lat' dir='ltr'>esset</span> <span class='ocrx_word' id='word_1_218' title='bbox 752 2488 819 2518; x_wconf 81' lang='lat' dir='ltr'>Ro-</span> 
     </span>
     <span class='ocr_line' id='line_1_39' title="bbox 150 2535 819 2577; baseline 0 -11"><span class='ocrx_word' id='word_1_219' title='bbox 150 2535 235 2567; x_wconf 86' lang='lat' dir='ltr'>mani</span> <span class='ocrx_word' id='word_1_220' title='bbox 266 2535 402 2567; x_wconf 87' lang='lat' dir='ltr'>nominis</span> <span class='ocrx_word' id='word_1_221' title='bbox 426 2535 556 2577; x_wconf 80' lang='lat' dir='ltr'>origio.&#39;’</span> <span class='ocrx_word' id='word_1_222' title='bbox 612 2537 662 2567; x_wconf 83' lang='lat' dir='ltr'>Dc</span> <span class='ocrx_word' id='word_1_223' title='bbox 694 2536 819 2567; x_wconf 87' lang='lat' dir='ltr'>nomine</span> 
     </span>
     <span class='ocr_line' id='line_1_40' title="bbox 150 2585 819 2617; baseline 0 -1"><span class='ocrx_word' id='word_1_224' title='bbox 150 2585 260 2616; x_wconf 88' lang='lat' dir='ltr'>horum</span> <span class='ocrx_word' id='word_1_225' title='bbox 287 2586 421 2616; x_wconf 88' lang='lat' dir='ltr'>duorum</span> <span class='ocrx_word' id='word_1_226' title='bbox 439 2586 594 2616; x_wconf 86' lang='lat' dir='ltr'>mensium</span> <span class='ocrx_word' id='word_1_227' title='bbox 611 2586 682 2617; x_wconf 87' lang='lat' dir='ltr'>vide</span> <span class='ocrx_word' id='word_1_228' title='bbox 702 2586 768 2617; x_wconf 84' lang='lat'>111.</span> <span class='ocrx_word' id='word_1_229' title='bbox 787 2592 819 2617; x_wconf 90' lang='lat' dir='ltr'>et</span> 
     </span>
     <span class='ocr_line' id='line_1_41' title="bbox 149 2634 819 2676; baseline 0.003 -11"><span class='ocrx_word' id='word_1_230' title='bbox 149 2635 211 2666; x_wconf 87' lang='lat' dir='ltr'>lv.</span> <span class='ocrx_word' id='word_1_231' title='bbox 237 2635 307 2666; x_wconf 80' lang='lat' dir='ltr'>init..</span> <span class='ocrx_word' id='word_1_232' title='bbox 333 2634 435 2676; x_wconf 84' lang='lat' dir='ltr'>plura.</span> <span class='ocrx_word' id='word_1_233' title='bbox 493 2635 613 2666; x_wconf 76' lang='lat' dir='ltr'>Tertius</span> <span class='ocrx_word' id='word_1_234' title='bbox 642 2648 661 2666; x_wconf 91' lang='grc' dir='ltr'><em>α</em></span> <span class='ocrx_word' id='word_1_235' title='bbox 689 2638 819 2672; x_wconf 74' lang='lat' dir='ltr'>senibus,</span> 
     </span>
     <span class='ocr_line' id='line_1_42' title="bbox 149 2684 820 2718; baseline 0 -2"><span class='ocrx_word' id='word_1_236' title='bbox 149 2691 210 2718; x_wconf 87' lang='lat' dir='ltr'>etc.</span> <span class='ocrx_word' id='word_1_237' title='bbox 242 2685 347 2715; x_wconf 84' lang='lat' dir='ltr'>Etiam</span> <span class='ocrx_word' id='word_1_238' title='bbox 363 2684 493 2716; x_wconf 87' lang='lat' dir='ltr'>Fulvius</span> <span class='ocrx_word' id='word_1_239' title='bbox 509 2685 654 2716; x_wconf 83' lang='lat' dir='ltr'>Nobilior</span> <span class='ocrx_word' id='word_1_240' title='bbox 669 2685 702 2715; x_wconf 92' lang='lat' dir='ltr'>in</span> <span class='ocrx_word' id='word_1_241' title='bbox 718 2685 820 2716; x_wconf 85' lang='lat' dir='ltr'>Fastis</span> 
     </span>
     <span class='ocr_line' id='line_1_43' title="bbox 150 2734 818 2776; baseline 0 -11"><span class='ocrx_word' id='word_1_242' title='bbox 150 2739 259 2765; x_wconf 77' lang='lat' dir='ltr'>auctor</span> <span class='ocrx_word' id='word_1_243' title='bbox 272 2734 383 2770; x_wconf 82' lang='lat' dir='ltr'>fuerat,</span> <span class='ocrx_word' id='word_1_244' title='bbox 397 2735 568 2765; x_wconf 84' lang='lat' dir='ltr'>Romulum</span> <span class='ocrx_word' id='word_1_245' title='bbox 581 2740 748 2776; x_wconf 61' lang='lat' dir='ltr'>postquam</span> <span class='ocrx_word' id='word_1_246' title='bbox 765 2746 818 2776; x_wconf 85' lang='lat' dir='ltr'>po-</span> 
     </span>
     <span class='ocr_line' id='line_1_44' title="bbox 151 2784 818 2832; baseline 0.001 -17"><span class='ocrx_word' id='word_1_247' title='bbox 151 2784 261 2832; x_wconf 65' lang='lat' dir='ltr'>pulum</span> <span class='ocrx_word' id='word_1_248' title='bbox 277 2784 310 2815; x_wconf 87' lang='lat' dir='ltr'>in</span> <span class='ocrx_word' id='word_1_249' title='bbox 322 2787 445 2826; x_wconf 65' lang='lat' dir='ltr'>mnjores</span> <span class='ocrx_word' id='word_1_250' title='bbox 458 2786 635 2826; x_wconf 55' lang='lat' dir='ltr'>&amp;juniores</span> <span class='ocrx_word' id='word_1_251' title='bbox 651 2784 818 2821; x_wconf 69' lang='lat' dir='ltr'>divisisset,</span> 
     </span>
    </p>
   </div>
   <div class='ocr_carea' id='block_1_7' title="bbox 883 1336 1562 2824">
    <p class='ocr_par' dir='ltr' id='par_1_12' title="bbox 888 1336 1560 1424">
     <span class='ocr_line' id='line_1_45' title="bbox 888 1336 1560 1380; baseline 0.004 -13"><span class='ocrx_word' id='word_1_252' title='bbox 888 1336 921 1367; x_wconf 88' lang='lat' dir='ltr'>in</span> <span class='ocrx_word' id='word_1_253' title='bbox 947 1336 1095 1368; x_wconf 85' lang='lat' dir='ltr'>honorem</span> <span class='ocrx_word' id='word_1_254' title='bbox 1119 1336 1282 1379; x_wconf 85' lang='lat' dir='ltr'>utriusque</span> <span class='ocrx_word' id='word_1_255' title='bbox 1305 1338 1403 1380; x_wconf 84' lang='lat' dir='ltr'>partis</span> <span class='ocrx_word' id='word_1_256' title='bbox 1426 1337 1560 1370; x_wconf 83' lang='lat' dir='ltr'>alterum</span> 
     </span>
     <span class='ocr_line' id='line_1_46' title="bbox 889 1387 1471 1424; baseline 0.005 -7"><span class='ocrx_word' id='word_1_257' title='bbox 889 1387 1023 1424; x_wconf 62' lang='lat' dir='ltr'>BIaium,</span> <span class='ocrx_word' id='word_1_258' title='bbox 1034 1388 1167 1419; x_wconf 85' lang='lat' dir='ltr'>alterum</span> <span class='ocrx_word' id='word_1_259' title='bbox 1182 1388 1314 1418; x_wconf 73' lang='lat' dir='ltr'>Junium</span> <span class='ocrx_word' id='word_1_260' title='bbox 1330 1399 1471 1420; x_wconf 84' lang='lat' dir='ltr'>vocasse.</span> 
     </span>
    </p>

    <p class='ocr_par' dir='ltr' id='par_1_13' title="bbox 883 1437 1562 2824">
     <span class='ocr_line' id='line_1_47' title="bbox 932 1437 1560 1476; baseline 0.003 -9"><span class='ocrx_word' id='word_1_261' title='bbox 932 1437 986 1467; x_wconf 83' lang='lat'>43.</span> <span class='ocrx_word' id='word_1_262' title='bbox 1014 1438 1112 1468; x_wconf 84' lang='lat' dir='ltr'>Erant</span> <span class='ocrx_word' id='word_1_263' title='bbox 1127 1437 1213 1474; x_wconf 86' lang='lat' dir='ltr'>olim,</span> <span class='ocrx_word' id='word_1_264' title='bbox 1230 1444 1357 1469; x_wconf 87' lang='lat' dir='ltr'>auctore</span> <span class='ocrx_word' id='word_1_265' title='bbox 1376 1438 1560 1476; x_wconf 85' lang='lat' dir='ltr'>Cenosrino‚</span> 
     </span>
     <span class='ocr_line' id='line_1_48' title="bbox 889 1487 1560 1529; baseline 0.001 -11"><span class='ocrx_word' id='word_1_266' title='bbox 889 1497 959 1529; x_wconf 78' lang='lat' dir='ltr'>cap.</span> <span class='ocrx_word' id='word_1_267' title='bbox 971 1488 1023 1519; x_wconf 78' lang='lat'>20.</span> <span class='ocrx_word' id='word_1_268' title='bbox 1036 1487 1091 1529; x_wconf 87' lang='lat' dir='ltr'>qui</span> <span class='ocrx_word' id='word_1_269' title='bbox 1108 1488 1247 1519; x_wconf 78' lang='lat' dir='ltr'>Numam</span> <span class='ocrx_word' id='word_1_270' title='bbox 1264 1488 1406 1520; x_wconf 84' lang='lat' dir='ltr'>dicerent</span> <span class='ocrx_word' id='word_1_271' title='bbox 1420 1488 1560 1520; x_wconf 83' lang='lat' dir='ltr'>ordinem</span> 
     </span>
     <span class='ocr_line' id='line_1_49' title="bbox 888 1536 1559 1581; baseline 0.001 -14"><span class='ocrx_word' id='word_1_272' title='bbox 888 1542 1011 1568; x_wconf 84' lang='lat' dir='ltr'>tantum</span> <span class='ocrx_word' id='word_1_273' title='bbox 1042 1536 1197 1568; x_wconf 85' lang='lat' dir='ltr'>mensium</span> <span class='ocrx_word' id='word_1_274' title='bbox 1227 1536 1411 1574; x_wconf 75' lang='lat' dir='ltr'>retexuisse,</span> <span class='ocrx_word' id='word_1_275' title='bbox 1435 1543 1467 1569; x_wconf 84' lang='lat' dir='ltr'>et</span> <span class='ocrx_word' id='word_1_276' title='bbox 1495 1538 1559 1581; x_wconf 90' lang='lat' dir='ltr'>pri-</span> 
     </span>
     <span class='ocr_line' id='line_1_50' title="bbox 887 1586 1560 1628; baseline 0.003 -11"><span class='ocrx_word' id='word_1_277' title='bbox 887 1597 974 1617; x_wconf 88' lang='lat' dir='ltr'>mum</span> <span class='ocrx_word' id='word_1_278' title='bbox 990 1586 1143 1628; x_wconf 86' lang='lat' dir='ltr'>posuisse,</span> <span class='ocrx_word' id='word_1_279' title='bbox 1160 1587 1213 1628; x_wconf 90' lang='lat' dir='ltr'>qui</span> <span class='ocrx_word' id='word_1_280' title='bbox 1237 1587 1331 1618; x_wconf 84' lang='lat' dir='ltr'>fuerit</span> <span class='ocrx_word' id='word_1_281' title='bbox 1347 1589 1405 1618; x_wconf 89' lang='lat' dir='ltr'>sub</span> <span class='ocrx_word' id='word_1_282' title='bbox 1422 1588 1560 1619; x_wconf 79' lang='lat' dir='ltr'>Romulo</span> 
     </span>
     <span class='ocr_line' id='line_1_51' title="bbox 888 1636 1561 1679; baseline 0.001 -12"><span class='ocrx_word' id='word_1_283' title='bbox 888 1636 1087 1674; x_wconf 83' lang='lat' dir='ltr'>undecimus,</span> <span class='ocrx_word' id='word_1_284' title='bbox 1108 1636 1309 1674; x_wconf 86' lang='lat' dir='ltr'>Januarium,</span> <span class='ocrx_word' id='word_1_285' title='bbox 1332 1638 1381 1668; x_wconf 92' lang='lat' dir='ltr'>vel</span> <span class='ocrx_word' id='word_1_286' title='bbox 1405 1637 1481 1679; x_wconf 80' lang='lat' dir='ltr'>quia</span> <span class='ocrx_word' id='word_1_287' title='bbox 1503 1638 1561 1669; x_wconf 84' lang='lat' dir='ltr'>Ja-</span> 
     </span>
     <span class='ocr_line' id='line_1_52' title="bbox 887 1685 1559 1729; baseline 0.003 -13"><span class='ocrx_word' id='word_1_288' title='bbox 887 1697 958 1722; x_wconf 85' lang='lat' dir='ltr'>nus,</span> <span class='ocrx_word' id='word_1_289' title='bbox 987 1688 1077 1718; x_wconf 85' lang='lat' dir='ltr'>Deus</span> <span class='ocrx_word' id='word_1_290' title='bbox 1104 1685 1224 1729; x_wconf 84' lang='lat' dir='ltr'>biceps,</span> <span class='ocrx_word' id='word_1_291' title='bbox 1251 1692 1283 1718; x_wconf 88' lang='lat' dir='ltr'>et</span> <span class='ocrx_word' id='word_1_292' title='bbox 1308 1686 1459 1718; x_wconf 85' lang='lat' dir='ltr'>transacti</span> <span class='ocrx_word' id='word_1_293' title='bbox 1485 1686 1559 1718; x_wconf 83' lang='lat' dir='ltr'>anni</span> 
     </span>
     <span class='ocr_line' id='line_1_53' title="bbox 887 1736 1562 1779; baseline 0.003 -13"><span class='ocrx_word' id='word_1_294' title='bbox 887 1736 982 1767; x_wconf 84' lang='lat' dir='ltr'>finem</span> <span class='ocrx_word' id='word_1_295' title='bbox 1008 1736 1168 1779; x_wconf 81' lang='lat' dir='ltr'>respiciat,</span> <span class='ocrx_word' id='word_1_296' title='bbox 1198 1737 1360 1778; x_wconf 86' lang='lat' dir='ltr'>futurique</span> <span class='ocrx_word' id='word_1_297' title='bbox 1390 1736 1562 1779; x_wconf 83' lang='lat' dir='ltr'>prospiciat</span> 
     </span>
     <span class='ocr_line' id='line_1_54' title="bbox 887 1786 1562 1828; baseline 0.003 -12"><span class='ocrx_word' id='word_1_298' title='bbox 887 1786 1054 1828; x_wconf 85' lang='lat' dir='ltr'>principia,</span> <span class='ocrx_word' id='word_1_299' title='bbox 1072 1787 1120 1818; x_wconf 86' lang='lat' dir='ltr'>vel</span> <span class='ocrx_word' id='word_1_300' title='bbox 1138 1787 1214 1828; x_wconf 85' lang='lat' dir='ltr'>quia</span> <span class='ocrx_word' id='word_1_301' title='bbox 1229 1787 1338 1817; x_wconf 89' lang='lat' dir='ltr'>Numa</span> <span class='ocrx_word' id='word_1_302' title='bbox 1353 1792 1435 1818; x_wconf 84' lang='lat' dir='ltr'>artes</span> <span class='ocrx_word' id='word_1_303' title='bbox 1451 1786 1562 1818; x_wconf 84' lang='lat' dir='ltr'>civiles·</span> 
     </span>
     <span class='ocr_line' id='line_1_55' title="bbox 888 1835 1560 1878; baseline 0.001 -13"><span class='ocrx_word' id='word_1_304' title='bbox 888 1836 1032 1878; x_wconf 83' lang='lat' dir='ltr'>praeferre</span> <span class='ocrx_word' id='word_1_305' title='bbox 1046 1835 1180 1867; x_wconf 87' lang='lat' dir='ltr'>voluerit</span> <span class='ocrx_word' id='word_1_306' title='bbox 1192 1835 1328 1872; x_wconf 84' lang='lat' dir='ltr'>bellicis,</span> <span class='ocrx_word' id='word_1_307' title='bbox 1342 1836 1459 1867; x_wconf 81' lang='lat' dir='ltr'>Janum</span> <span class='ocrx_word' id='word_1_308' title='bbox 1475 1836 1560 1867; x_wconf 85' lang='lat' dir='ltr'>enim</span> 
     </span>
     <span class='ocr_line' id='line_1_56' title="bbox 887 1885 1562 1927; baseline 0.001 -12"><span class='ocrx_word' id='word_1_309' title='bbox 887 1885 1026 1916; x_wconf 87' lang='lat' dir='ltr'>civilium</span> <span class='ocrx_word' id='word_1_310' title='bbox 1045 1885 1140 1916; x_wconf 85' lang='lat' dir='ltr'>fuisse</span> <span class='ocrx_word' id='word_1_311' title='bbox 1160 1885 1324 1921; x_wconf 86' lang='lat' dir='ltr'>cultorem,</span> <span class='ocrx_word' id='word_1_312' title='bbox 1341 1885 1502 1927; x_wconf 84' lang='lat' dir='ltr'>vitamque</span> <span class='ocrx_word' id='word_1_313' title='bbox 1517 1885 1562 1916; x_wconf 88' lang='lat' dir='ltr'>fe-</span> 
     </span>
     <span class='ocr_line' id='line_1_57' title="bbox 887 1936 1561 1978; baseline 0.001 -11"><span class='ocrx_word' id='word_1_314' title='bbox 887 1947 954 1968; x_wconf 86' lang='lat' dir='ltr'>ram</span> <span class='ocrx_word' id='word_1_315' title='bbox 981 1936 1163 1967; x_wconf 89' lang='lat' dir='ltr'>mollivisse.</span> <span class='ocrx_word' id='word_1_316' title='bbox 1209 1936 1283 1978; x_wconf 90' lang='lat' dir='ltr'>Ipse</span> <span class='ocrx_word' id='word_1_317' title='bbox 1309 1936 1501 1967; x_wconf 81' lang='lat' dir='ltr'>Plutarchus</span> <span class='ocrx_word' id='word_1_318' title='bbox 1527 1936 1561 1968; x_wconf 88' lang='lat' dir='ltr'>in</span> 
     </span>
     <span class='ocr_line' id='line_1_58' title="bbox 888 1985 1562 2018; baseline 0.001 -1"><span class='ocrx_word' id='word_1_319' title='bbox 888 1997 958 2017; x_wconf 87' lang='lat' dir='ltr'>eam</span> <span class='ocrx_word' id='word_1_320' title='bbox 988 1986 1176 2017; x_wconf 80' lang='lat' dir='ltr'>sententiam</span> <span class='ocrx_word' id='word_1_321' title='bbox 1205 1985 1350 2017; x_wconf 82' lang='lat' dir='ltr'>inclinat.</span> <span class='ocrx_word' id='word_1_322' title='bbox 1404 1985 1465 2017; x_wconf 83' lang='lat' dir='ltr'>Sed</span> <span class='ocrx_word' id='word_1_323' title='bbox 1497 1986 1562 2018; x_wconf 86' lang='lat' dir='ltr'>vid.</span> 
     </span>
     <span class='ocr_line' id='line_1_59' title="bbox 888 2035 1560 2078; baseline -0.001 -11"><span class='ocrx_word' id='word_1_324' title='bbox 888 2036 992 2067; x_wconf 89' lang='lat' dir='ltr'>Ideler</span> <span class='ocrx_word' id='word_1_325' title='bbox 1010 2035 1044 2067; x_wconf 89' lang='lat' dir='ltr'>d.</span> <span class='ocrx_word' id='word_1_326' title='bbox 1059 2036 1083 2066; x_wconf 92' lang='lat' dir='ltr'>l.</span> <span class='ocrx_word' id='word_1_327' title='bbox 1100 2047 1133 2078; x_wconf 92' lang='lat' dir='ltr'>p.</span> <span class='ocrx_word' id='word_1_328' title='bbox 1151 2036 1227 2067; x_wconf 83' lang='lat'>347.</span> <span class='ocrx_word' id='word_1_329' title='bbox 1271 2035 1453 2066; x_wconf 83' lang='lat' dir='ltr'>Secundum</span> <span class='ocrx_word' id='word_1_330' title='bbox 1476 2036 1560 2066; x_wconf 93' lang='lat' dir='ltr'>Nos-</span> 
     </span>
     <span class='ocr_line' id='line_1_60' title="bbox 889 2084 1560 2126; baseline -0.003 -9"><span class='ocrx_word' id='word_1_331' title='bbox 889 2091 982 2123; x_wconf 90' lang='lat' dir='ltr'>trum,</span> <span class='ocrx_word' id='word_1_332' title='bbox 998 2085 1042 2117; x_wconf 90' lang='lat' dir='ltr'>iii.</span> <span class='ocrx_word' id='word_1_333' title='bbox 1061 2087 1135 2117; x_wconf 84' lang='lat'>153.</span> <span class='ocrx_word' id='word_1_334' title='bbox 1150 2085 1182 2116; x_wconf 88' lang='lat' dir='ltr'>id</span> <span class='ocrx_word' id='word_1_335' title='bbox 1198 2084 1275 2116; x_wconf 85' lang='lat' dir='ltr'>fecit</span> <span class='ocrx_word' id='word_1_336' title='bbox 1296 2091 1424 2116; x_wconf 87' lang='lat' dir='ltr'>auctore</span> <span class='ocrx_word' id='word_1_337' title='bbox 1440 2084 1560 2126; x_wconf 85' lang='lat' dir='ltr'>Pytha-</span> 
     </span>
     <span class='ocr_line' id='line_1_61' title="bbox 887 2134 1562 2178; baseline -0.001 -10"><span class='ocrx_word' id='word_1_338' title='bbox 887 2147 974 2178; x_wconf 86' lang='lat' dir='ltr'>gora.</span> <span class='ocrx_word' id='word_1_339' title='bbox 1033 2137 1140 2167; x_wconf 77' lang='lat' dir='ltr'>Avitus</span> <span class='ocrx_word' id='word_1_340' title='bbox 1168 2137 1300 2171; x_wconf 80' lang='lat' dir='ltr'>umbras,</span> <span class='ocrx_word' id='word_1_341' title='bbox 1331 2145 1444 2177; x_wconf 89' lang='lat' dir='ltr'>nempe</span> <span class='ocrx_word' id='word_1_342' title='bbox 1473 2134 1562 2176; x_wconf 83' lang='lat' dir='ltr'>justa</span> 
     </span>
     <span class='ocr_line' id='line_1_62' title="bbox 889 2184 1561 2223; baseline -0.001 -8"><span class='ocrx_word' id='word_1_343' title='bbox 889 2185 960 2216; x_wconf 86' lang='lat' dir='ltr'>Diis</span> <span class='ocrx_word' id='word_1_344' title='bbox 976 2185 1128 2216; x_wconf 86' lang='lat' dir='ltr'>Manibus</span> <span class='ocrx_word' id='word_1_345' title='bbox 1142 2184 1345 2216; x_wconf 81' lang='lat' dir='ltr'>solvebantur</span> <span class='ocrx_word' id='word_1_346' title='bbox 1355 2184 1413 2215; x_wconf 91' lang='lat' dir='ltr'>hoc</span> <span class='ocrx_word' id='word_1_347' title='bbox 1430 2194 1537 2215; x_wconf 87' lang='lat' dir='ltr'>mense</span> <span class='ocrx_word' id='word_1_348' title='bbox 1551 2196 1561 2223; x_wconf 88' lang='lat'>;</span> 
     </span>
     <span class='ocr_line' id='line_1_63' title="bbox 888 2233 1560 2277; baseline -0.004 -10"><span class='ocrx_word' id='word_1_349' title='bbox 888 2235 921 2267; x_wconf 91' lang='lat' dir='ltr'>ii.</span> <span class='ocrx_word' id='word_1_350' title='bbox 938 2237 1002 2267; x_wconf 84' lang='lat'>533</span> <span class='ocrx_word' id='word_1_351' title='bbox 1030 2246 1100 2277; x_wconf 88' lang='lat' dir='ltr'>sqq.</span> <span class='ocrx_word' id='word_1_352' title='bbox 1141 2235 1193 2266; x_wconf 91' lang='lat' dir='ltr'>De</span> <span class='ocrx_word' id='word_1_353' title='bbox 1216 2234 1341 2265; x_wconf 84' lang='lat' dir='ltr'>nomine</span> <span class='ocrx_word' id='word_1_354' title='bbox 1364 2234 1434 2265; x_wconf 90' lang='lat' dir='ltr'>vide</span> <span class='ocrx_word' id='word_1_355' title='bbox 1460 2233 1493 2265; x_wconf 91' lang='lat' dir='ltr'>ii.</span> <span class='ocrx_word' id='word_1_356' title='bbox 1522 2235 1560 2265; x_wconf 87' lang='lat'>19</span> 
     </span>
     <span class='ocr_line' id='line_1_64' title="bbox 887 2283 1560 2327; baseline -0.001 -11"><span class='ocrx_word' id='word_1_357' title='bbox 887 2297 959 2327; x_wconf 88' lang='lat' dir='ltr'>sqq.</span> <span class='ocrx_word' id='word_1_358' title='bbox 1000 2286 1212 2326; x_wconf 72' lang='lat' dir='ltr'>Apposuitque.</span> <span class='ocrx_word' id='word_1_359' title='bbox 1238 2284 1329 2314; x_wconf 83' lang='lat' dir='ltr'>Unus</span> <span class='ocrx_word' id='word_1_360' title='bbox 1344 2283 1462 2315; x_wconf 85' lang='lat' dir='ltr'>Moreti</span> <span class='ocrx_word' id='word_1_361' title='bbox 1480 2290 1560 2324; x_wconf 76' lang='lat' dir='ltr'>post-</span> 
     </span>
     <span class='ocr_line' id='line_1_65' title="bbox 886 2333 1559 2376; baseline 0 -11"><span class='ocrx_word' id='word_1_362' title='bbox 886 2338 1053 2376; x_wconf 77' lang='lat' dir='ltr'>posuitque,</span> <span class='ocrx_word' id='word_1_363' title='bbox 1070 2345 1168 2376; x_wconf 85' lang='lat' dir='ltr'>quum</span> <span class='ocrx_word' id='word_1_364' title='bbox 1183 2334 1276 2374; x_wconf 79' lang='lat' dir='ltr'>vulgo</span> <span class='ocrx_word' id='word_1_365' title='bbox 1292 2333 1462 2364; x_wconf 84' lang='lat' dir='ltr'>exhibeant</span> <span class='ocrx_word' id='word_1_366' title='bbox 1479 2345 1559 2374; x_wconf 82' lang='lat' dir='ltr'>prae·</span> 
     </span>
     <span class='ocr_line' id='line_1_66' title="bbox 887 2383 1561 2426; baseline -0.003 -9"><span class='ocrx_word' id='word_1_367' title='bbox 887 2388 1053 2426; x_wconf 63' lang='lat' dir='ltr'>posuitque.</span> <span class='ocrx_word' id='word_1_368' title='bbox 1100 2385 1224 2416; x_wconf 87' lang='lat' dir='ltr'>Neutra</span> <span class='ocrx_word' id='word_1_369' title='bbox 1238 2383 1332 2414; x_wconf 86' lang='lat' dir='ltr'>lectio</span> <span class='ocrx_word' id='word_1_370' title='bbox 1348 2384 1419 2414; x_wconf 82' lang='lat' dir='ltr'>ferri</span> <span class='ocrx_word' id='word_1_371' title='bbox 1436 2389 1561 2426; x_wconf 82' lang='lat' dir='ltr'>potest3</span> 
     </span>
     <span class='ocr_line' id='line_1_67' title="bbox 888 2433 1561 2478; baseline -0.004 -11"><span class='ocrx_word' id='word_1_372' title='bbox 888 2446 1025 2478; x_wconf 83' lang='lat' dir='ltr'>namque</span> <span class='ocrx_word' id='word_1_373' title='bbox 1049 2435 1157 2465; x_wconf 80' lang='lat' dir='ltr'>Numa</span> <span class='ocrx_word' id='word_1_374' title='bbox 1173 2433 1360 2466; x_wconf 81' lang='lat' dir='ltr'>Januarium</span> <span class='ocrx_word' id='word_1_375' title='bbox 1379 2433 1561 2476; x_wconf 79' lang='lat' dir='ltr'>praeposuit,</span> 
     </span>
     <span class='ocr_line' id='line_1_68' title="bbox 887 2482 1561 2516; baseline -0.001 0"><span class='ocrx_word' id='word_1_376' title='bbox 887 2484 1092 2516; x_wconf 82' lang='lat' dir='ltr'>Februarium</span> <span class='ocrx_word' id='word_1_377' title='bbox 1113 2490 1222 2515; x_wconf 86' lang='lat' dir='ltr'>contra</span> <span class='ocrx_word' id='word_1_378' title='bbox 1246 2483 1279 2513; x_wconf 91' lang='lat' dir='ltr'>in</span> <span class='ocrx_word' id='word_1_379' title='bbox 1300 2482 1374 2513; x_wconf 81' lang='lat' dir='ltr'>anni</span> <span class='ocrx_word' id='word_1_380' title='bbox 1396 2483 1491 2514; x_wconf 88' lang='lat' dir='ltr'>finem</span> <span class='ocrx_word' id='word_1_381' title='bbox 1512 2494 1561 2515; x_wconf 84' lang='lat' dir='ltr'>re-</span> 
     </span>
     <span class='ocr_line' id='line_1_69' title="bbox 883 2532 1560 2577; baseline -0.003 -12"><span class='ocrx_word' id='word_1_382' title='bbox 883 2535 973 2577; x_wconf 78' lang='lat' dir='ltr'>jecit,</span> <span class='ocrx_word' id='word_1_383' title='bbox 1000 2539 1035 2565; x_wconf 88' lang='lat' dir='ltr'>ut</span> <span class='ocrx_word' id='word_1_384' title='bbox 1066 2533 1182 2564; x_wconf 86' lang='lat' dir='ltr'>Noster</span> <span class='ocrx_word' id='word_1_385' title='bbox 1206 2533 1273 2575; x_wconf 85' lang='lat' dir='ltr'>ipse</span> <span class='ocrx_word' id='word_1_386' title='bbox 1302 2532 1336 2563; x_wconf 90' lang='lat' dir='ltr'>ii.</span> <span class='ocrx_word' id='word_1_387' title='bbox 1365 2533 1417 2564; x_wconf 72' lang='lat'>49.</span> <span class='ocrx_word' id='word_1_388' title='bbox 1443 2538 1560 2564; x_wconf 85' lang='lat' dir='ltr'>monet.</span> 
     </span>
     <span class='ocr_line' id='line_1_70' title="bbox 888 2582 1560 2615; baseline -0.001 0"><span class='ocrx_word' id='word_1_389' title='bbox 888 2585 979 2615; x_wconf 87' lang='lat' dir='ltr'>Alios</span> <span class='ocrx_word' id='word_1_390' title='bbox 1007 2590 1114 2615; x_wconf 79' lang='lat' dir='ltr'>tamen</span> <span class='ocrx_word' id='word_1_391' title='bbox 1137 2588 1281 2614; x_wconf 84' lang='lat' dir='ltr'>auctores</span> <span class='ocrx_word' id='word_1_392' title='bbox 1302 2582 1486 2613; x_wconf 84' lang='lat' dir='ltr'>Macrobius</span> <span class='ocrx_word' id='word_1_393' title='bbox 1512 2593 1560 2614; x_wconf 86' lang='lat' dir='ltr'>se-</span> 
     </span>
     <span class='ocr_line' id='line_1_71' title="bbox 888 2632 1561 2673; baseline -0.004 -8"><span class='ocrx_word' id='word_1_394' title='bbox 888 2640 980 2665; x_wconf 84' lang='lat' dir='ltr'>cutus</span> <span class='ocrx_word' id='word_1_395' title='bbox 1002 2639 1068 2673; x_wconf 73' lang='lat' dir='ltr'>est5</span> <span class='ocrx_word' id='word_1_396' title='bbox 1095 2633 1120 2663; x_wconf 88' lang='lat' dir='ltr'>is</span> <span class='ocrx_word' id='word_1_397' title='bbox 1139 2634 1234 2669; x_wconf 85' lang='lat' dir='ltr'>enirn,</span> <span class='ocrx_word' id='word_1_398' title='bbox 1252 2634 1429 2667; x_wconf 76' lang='lat' dir='ltr'>secundum,</span> <span class='ocrx_word' id='word_1_399' title='bbox 1445 2632 1561 2673; x_wconf 87' lang='lat' dir='ltr'>inquit,</span> 
     </span>
     <span class='ocr_line' id='line_1_72' title="bbox 888 2682 1558 2723; baseline -0.004 -8"><span class='ocrx_word' id='word_1_400' title='bbox 888 2684 997 2715; x_wconf 88' lang='lat' dir='ltr'>Numa</span> <span class='ocrx_word' id='word_1_401' title='bbox 1016 2686 1129 2715; x_wconf 78' lang='lat' dir='ltr'>dicavit</span> <span class='ocrx_word' id='word_1_402' title='bbox 1148 2683 1265 2714; x_wconf 83' lang='lat' dir='ltr'>Februo</span> <span class='ocrx_word' id='word_1_403' title='bbox 1283 2683 1357 2713; x_wconf 86' lang='lat' dir='ltr'>Deo.</span> <span class='ocrx_word' id='word_1_404' title='bbox 1396 2683 1498 2723; x_wconf 88' lang='lat' dir='ltr'>Prope</span> <span class='ocrx_word' id='word_1_405' title='bbox 1518 2682 1558 2712; x_wconf 80' lang='lat' dir='ltr'>ad</span> 
     </span>
     <span class='ocr_line' id='line_1_73' title="bbox 890 2730 1559 2772; baseline -0.006 -8"><span class='ocrx_word' id='word_1_406' title='bbox 890 2742 1024 2764; x_wconf 84' lang='lat' dir='ltr'>nostram</span> <span class='ocrx_word' id='word_1_407' title='bbox 1050 2733 1218 2764; x_wconf 86' lang='lat' dir='ltr'>lectionem</span> <span class='ocrx_word' id='word_1_408' title='bbox 1241 2732 1409 2767; x_wconf 76' lang='lat' dir='ltr'>accedunt,</span> <span class='ocrx_word' id='word_1_409' title='bbox 1429 2730 1482 2772; x_wconf 86' lang='lat' dir='ltr'>qui</span> <span class='ocrx_word' id='word_1_410' title='bbox 1503 2732 1559 2761; x_wconf 77' lang='lat' dir='ltr'>ml-</span> 
     </span>
     <span class='ocr_line' id='line_1_74' title="bbox 889 2780 1558 2824; baseline -0.003 -11"><span class='ocrx_word' id='word_1_411' title='bbox 889 2786 967 2816; x_wconf 71' lang='lat' dir='ltr'>didit</span> <span class='ocrx_word' id='word_1_412' title='bbox 991 2785 1043 2814; x_wconf 67' lang='lat' dir='ltr'>ille</span> <span class='ocrx_word' id='word_1_413' title='bbox 1064 2783 1237 2821; x_wconf 71' lang='lat' dir='ltr'>exliibent3</span> <span class='ocrx_word' id='word_1_414' title='bbox 1261 2792 1324 2824; x_wconf 85' lang='lat' dir='ltr'>quo</span> <span class='ocrx_word' id='word_1_415' title='bbox 1341 2782 1433 2813; x_wconf 54' lang='lat' dir='ltr'>tei-bo</span> <span class='ocrx_word' id='word_1_416' title='bbox 1454 2786 1485 2812; x_wconf 83' lang='lat' dir='ltr'>et</span> <span class='ocrx_word' id='word_1_417' title='bbox 1505 2780 1558 2811; x_wconf 85' lang='lat' dir='ltr'>alii</span> 
     </span>
    </p>
   </div>
  </div>
 </body>
</html>
