1830 3220
582 186 930 229 FASTORUM
964 186 1084 228 LIB.
1119 186 1201 228 VI.

1505 185 1592 227 353

185 302 396 361 Marcia,
425 305 651 353 sacrifico
677 305 950 353 deductum
976 321 1159 353 nomen
1185 304 1247 351 ab
1275 303 1432 360 Anco,

253 381 311 429 In
338 399 438 446 qua
462 400 553 448 par
577 383 731 432 facies
757 384 1017 431 nobilitate
1046 400 1151 431 sua.

185 459 286 508 Par
305 461 469 509 animo
490 478 694 526 quoque
710 462 867 510 forma
882 479 971 510 suo
989 463 1259 527 respondet
1275 462 1324 509 in
1340 461 1450 519 illa;
1490 463 1585 508 805

255 538 321 586 Et
345 556 520 601 genus,
548 548 598 587 et
623 539 791 594 facies,
820 540 1177 604 ingeniumque
1205 540 1371 588 simul.

185 615 312 674 Nec,
340 618 478 681 quod
502 619 764 666 laudamus
791 619 1018 674 formam,
1044 627 1147 667 tam
1172 627 1316 683 turpe
1343 618 1561 682 putaris:

253 694 539 743 Laudamus
566 713 773 759 magnas
799 698 892 744 hac
919 713 1123 761 quoque
1149 704 1291 762 parte
1316 697 1454 744 deas.

185 772 361 837 Nupta
383 774 476 822 fuit
500 776 755 839 quondam
781 784 1048 824 matertera
1075 776 1291 823 Caesaris
1311 775 1397 823 illi.

253 851 297 898 O
325 852 498 910 decus,
526 854 555 900 ὁ
581 870 723 902 sacra
746 854 932 902 femina
956 854 1109 917 digna
1132 853 1307 901 domo!

1491 855 1587 899 810

185 929 269 978 Sic
296 932 479 979 cecinit
506 932 647 981 Clio:
689 933 849 981 doctae
876 934 1146 982 adsensere
1173 948 1382 980 sorores.

249 1009 444 1058 Adnuit
468 1011 691 1068 Alcides,
720 1012 1071 1077 increpuitque
1096 1012 1273 1076 lyram.

182 1144 242 1175 fuit
255 1145 301 1176 vel
312 1145 389 1183 filia,
400 1146 449 1177 vel
464 1146 566 1189 neptis
578 1148 692 1179 Marcii
704 1148 850 1189 Philippi,

182 1205 276 1236 quen]
303 1195 439 1237 Augusti
463 1197 607 1228 vitricum
635 1198 728 1229 fuisse
757 1198 850 1240 vulgo

180 1245 396 1276 contendunt:
414 1256 523 1277 verum
540 1257 556 1277 e
573 1258 654 1278 vers.
672 1247 713 1278 65
729 1253 761 1278 et
777 1248 850 1278 809.

181 1301 323 1337 apparet,
363 1303 566 1332 materteram,
613 1308 674 1328 non
719 1304 851 1329 matrem

179 1343 329 1387 Augusti,
355 1352 487 1388 nuptam
512 1346 608 1379 fuisse
629 1348 752 1379 Marcio
776 1347 852 1379 Phi-

181 1394 290 1438 lipp0;
322 1397 404 1428 conf.
437 1397 464 1428 I.
496 1407 534 1427 ex
567 1397 678 1434 Ponto,
708 1397 742 1428 ii.
778 1399 850 1429 140.

180 1446 254 1477 Jam
287 1447 394 1478 Ovidii
425 1458 501 1478 uxor
529 1458 567 1478 ex
596 1448 686 1479 Fabii
716 1447 851 1479 Maximi

182 1495 303 1527 familia
332 1497 403 1533 fuit,
437 1497 646 1538 Marciamque
677 1504 853 1529 reverenter

183 1546 300 1586 coluit3
325 1547 391 1578 III.
408 1558 446 1578 ex
470 1548 582 1584 Ponto,
602 1547 622 1578 i.
644 1548 685 1579 75
705 1559 782 1590 sqq:
808 1547 853 1578 sic

181 1595 401 1639 intelligimus,
425 1607 480 1628 cur
503 1597 562 1628 hoc
590 1597 658 1629 loco
682 1598 715 1628 in
743 1597 854 1628 laudes

184 1647 324 1678 mulieris
344 1653 440 1691 poeta
463 1646 618 1686 excurri‘t3
640 1648 713 1679 vide
733 1647 772 1678 de
794 1647 854 1678 hac

184 1697 307 1728 Marcia
323 1697 467 1728 Masson.
483 1697 516 1728 in
528 1697 605 1728 Vita
621 1697 728 1729 Ovidii
744 1696 784 1728 ad
800 1708 854 1728 an-

183 1758 258 1778 num
276 1747 318 1779 U.
333 1747 371 1778 C.
388 1748 462 1778 767.
506 1747 618 1778 Ancus
637 1746 779 1778 Marcius
799 1757 854 1777 rex

181 1805 312 1829 vocatur
327 1799 492 1839 sacrificus,
503 1799 579 1840 quia
593 1797 685 1839 longe
702 1796 855 1839 antiquis-

185 1847 299 1879 simum
325 1852 412 1878 ratus
433 1853 492 1884 est,
516 1851 536 1865 “
553 1857 644 1878 sacra
660 1847 801 1888 publica,
821 1853 855 1877 ut

184 1898 224 1929 ab
255 1898 364 1929 Numa
401 1897 544 1928 instituta
580 1903 680 1933 erant,
709 1896 855 1933 facere;''

184 1947 305 1985 Livius,
322 1948 346 1979 i.
363 1949 426 1987 323
449 1946 633 1990 Dionysius,
649 1947 693 1978 iii.
708 1948 760 1978 36.
792 1947 855 1977 No-

185 2000 303 2029 bilitate
317 2010 393 2029 sua:
423 1997 497 2028 olim
527 1997 680 2028 edebatur
699 1997 792 2038 suit,·
824 2002 855 2028 at

184 2049 322 2086 Marcia,
351 2059 414 2091 quo
443 2054 583 2090 tempore
613 2047 749 2078 Ovidius
786 2047 854 2078 haec

183 2099 354 2136 scribebat,
379 2098 482 2130 adhuc
506 2104 573 2129 erat
597 2097 628 2129 in
652 2098 742 2129 vivis.
789 2098 855 2129 Par

183 2150 280 2182 etiarn
303 2161 375 2181 curn
402 2148 541 2181 ablativo
568 2148 717 2185 construi,
741 2149 856 2180 docent

186 2200 338 2232 Heinsius
367 2206 398 2231 et
427 2201 641 2231 Burmannus.
687 2200 801 2230 Verbis
828 2205 857 2230 et

182 2262 291 2293 genus,
312 2250 452 2293 etsaeies
474 2251 688 2291 ingeniumque
713 2250 802 2280 simul
825 2248 857 2280 in

185 2301 383 2332 Francofurt.
400 2300 609 2342 adscriptum:
637 2304 656 2317 “
673 2301 750 2331 Haec
767 2299 856 2331 adul-

187 2351 290 2382 terina
326 2350 431 2382 sunt.”
491 2351 542 2381 Sic
576 2350 724 2392 judicant
762 2351 858 2382 etiam

188 2399 426 2432 Brouckhusius
459 2405 491 2431 et
526 2401 740 2437 Burmannus,
785 2401 860 2442 quia

188 2457 282 2493 poeta
294 2451 377 2482 idem
389 2451 456 2493 jam
472 2450 604 2482 dixerat.

691 2625 807 2653 1³1le

235 2836 333 2868 voi..
352 2837 391 2867 V.

962 1149 1035 1179 812.
1060 1147 1215 1179 Hercules
1253 1149 1352 1189 lyram
1386 1147 1509 1184 pulsans
1543 1156 1591 1176 se-

917 1199 1004 1230 rioris
1045 1199 1119 1229 artis
1159 1199 1304 1240 frequens
1350 1203 1590 1238 argumentum3

918 1247 1063 1290 Heynius
1085 1247 1170 1279 dicto
1192 1248 1274 1278 loco.
1325 1246 1485 1287 Increpuit
1510 1248 1589 1287 lyra,

918 1299 985 1340 lyra
1010 1298 1117 1329 fortius
1141 1297 1266 1339 pulsata
1286 1297 1379 1327 finem
1402 1296 1504 1327 faeere
1522 1296 1590 1338 jus-

919 1348 976 1385 sit;
1014 1347 1058 1378 sic
1087 1346 1249 1382 Horatius,
1280 1346 1340 1376 IV.
1370 1345 1433 1376 Od.
1463 1356 1514 1375 xv.
1548 1346 1589 1375 l:

919 1402 940 1415 “
958 1398 1101 1429 Phoebus
1116 1397 1273 1428 volentem
1294 1396 1404 1438 praelia
1422 1407 1472 1426 me
1493 1395 1592 1437 loqui,

922 1447 1035 1479 Victus
1057 1454 1089 1478 et
1115 1448 1216 1483 urbes,
1235 1446 1391 1489 increpuit
1413 1446 1482 1487 lyra
1494 1445 1523 1484 ;'’
1548 1445 1591 1476 ibi

924 1498 986 1530 vid.
1014 1500 1089 1530 Jani
1115 1504 1146 1529 et
1176 1498 1354 1528 Mitscherl.
1401 1496 1592 1539 Disputatur

923 1555 1029 1580 autem
1053 1549 1111 1580 hoc
1134 1549 1203 1580 loco
1226 1555 1330 1579 utrum
1358 1547 1529 1589 legendum
1556 1547 1596 1578 sit

925 1599 1005 1640 lyra,
1036 1609 1087 1635 an,
1118 1598 1202 1640 quod
1231 1597 1383 1629 Heinsius
1408 1608 1446 1628 ex
1472 1597 1593 1634 Ursini,

924 1648 1110 1679 Sarraviano
1135 1653 1167 1678 et
1191 1647 1289 1678 tribus
1316 1647 1388 1678 aliis
1415 1646 1591 1689 adoptavit,

925 1700 1034 1739 lyram.
1080 1699 1212 1735 Putant,
1230 1700 1387 1738 increpare
1407 1699 1506 1739 lyram
1526 1708 1593 1729 esse

923 1748 1108 1791 simpliciter
1123 1748 1247 1791 pulsare
1263 1748 1375 1790 lyram,
1391 1755 1426 1780 ut
1441 1748 1599 1779 Heroidd.

923 1798 967 1831 iii.
995 1800 1072 1839 1183
1097 1798 1220 1830 Amorr.
1243 1800 1290 1830 II.
1314 1798 1358 1830 xi.
1381 1800 1444 1839 323
1469 1800 1523 1831 sed
1546 1802 1594 1831 in-

923 1860 1046 1888 crepare
1069 1850 1149 1890 lyra,
1172 1848 1297 1890 signum
1320 1848 1405 1885 dare,
1426 1849 1596 1882 admonere

924 1899 993 1941 lyra
1008 1899 1149 1941 asperius
1165 1899 1273 1941 pulsa:
1300 1898 1344 1929 sic
1361 1898 1456 1929 etiam
1472 1899 1597 1930 Schira-

925 1949 1014 1980 chius
1038 1954 1070 1980 et
1099 1948 1271 1987 Krebsius3
1299 1947 1354 1979 sed
1383 1949 1526 1991 Heynius
1556 1949 1596 1980 ad

924 1999 1108 2042 Virgilium,
1124 2000 1199 2030 AEn.
1214 2000 1244 2030 I.
1262 2000 1336 2030 747.
1353 1998 1386 2029 in
1408 2010 1486 2030 varr.
1506 1999 1599 2037 lectt,

925 2051 993 2091 lyra
1012 2051 1135 2090 pulsare
1157 2050 1257 2091 magis
1273 2050 1395 2092 poetice
1413 2049 1476 2080 dici
1495 2056 1597 2091 putat,

924 2111 1019 2142 quain
1039 2101 1149 2142 lyram.
1197 2100 1356 2131 Caeterum
1376 2098 1409 2130 in
1427 2100 1522 2130 MSS.
1537 2101 1598 2132 Ur—

925 2150 995 2187 sini,
1016 2150 1141 2182 duobus
1162 2150 1335 2186 Patavinis,
1356 2161 1419 2180 uno
1440 2150 1600 2182 Vaticano

926 2206 1021 2243 atque
1062 2200 1207 2232 Francof.
1250 2200 1409 2242 subjuncti
1450 2200 1600 2242 leguntur

926 2262 1033 2282 versus
1057 2251 1088 2281 hi
1113 2256 1265 2292 quatuor:
1298 2250 1330 2281 Si
1360 2261 1453 2281 novus
1479 2263 1498 2280 a
1523 2250 1601 2282 Jam'

925 2303 1018 2333 sacris
1053 2302 1268 2332 numerabitur
1302 2312 1413 2337 annus,
1452 2301 1602 2336 Quintilis

916 2352 1003 2394 falso
1021 2354 1139 2382 nomine
1159 2353 1259 2382 dictus
1276 2352 1346 2382 erit.
1394 2350 1541 2393 Sifacis;
1565 2357 1601 2382 ut

917 2402 1066 2443 fuerant,
1091 2403 1207 2442 primas
1241 2414 1260 2432 a
1299 2401 1403 2432 Marte
1433 2401 1601 2437 Kalendas,

932 2451 1087 2492 Tempora.

840 2626 1094 2654 FASTORUM.
