1809 3220
223 172 310 214 200

616 171 669 212 Ρ.
706 168 922 212 OVIDII
960 168 1247 212 NASONIS

221 287 374 336 Lacte
400 303 537 335 mero
561 294 757 334 veteres
784 287 860 334 usi
887 293 1326 354 memorantur,·et
1350 285 1538 342 herbis,

286 365 479 430 Sponte
506 380 597 412 sua
621 363 663 412 si
690 379 817 428 quas
844 372 978 412 terra
1002 364 1214 421 ferebat,
1243 365 1330 412 ait.

1540 366 1640 412 370

217 442 481 491 Candidus
507 442 644 490 elisae
671 442 912 490 miscetur
939 458 1120 490 caseus
1146 442 1334 499 herbae,

288 520 579 583 Cognoscat
604 519 796 584 priscos
823 527 879 567 ut
908 519 1020 567 Dea
1045 520 1214 584 prisca
1238 521 1396 568 cibos

218 597 479 644 PosmnA
509 613 667 661 quum
693 598 821 645 coelo
848 599 997 646 motis
1026 598 1308 646 Pallantias
1335 598 1482 646 astris

285 676 520 733 Fulserit,
549 684 600 724 et
625 677 796 724 niveos
825 676 967 725 Luna
992 679 1168 726 levarit
1193 694 1375 741 equos,

216 753 316 809 Qui
343 755 494 811 dicet,
523 755 782 818 quondam
809 763 1008 803 sacrata
1032 763 1111 803 est
1134 756 1264 803 colle
1293 754 1490 810 Quirini
1539 757 1638 803 375

285 830 397 879 Hac
427 831 650 879 Fortuna
674 832 755 880 die
783 832 1019 889 Publica,
1047 850 1194 881 verus
1221 833 1332 881 erit.

214 908 434 956 TERTIA
463 909 568 966 lux,
596 910 819 966 memini,
848 911 980 958 ludis
1008 919 1141 959 erat:
1184 918 1236 959 at
1262 911 1381 959 mihi
1409 910 1619 975 quidam

286 986 551 1051 Spectanti
579 987 760 1043 senior,
787 990 1163 1052 contiguusque
1191 989 1317 1045 loco,

216 1110 284 1146 dro,
301 1111 410 1147 bulbo,
428 1121 533 1146 caseo,
549 1110 620 1142 oleo
644 1118 677 1142 et
701 1118 792 1142 aceto
816 1122 890 1143 con-

217 1160 347 1197 sectum,
373 1171 436 1202 quo
459 1160 643 1192 stomachus
667 1161 891 1201 vellicaretur3

216 1210 288 1241 vide
312 1211 480 1242 Scholiast.
503 1211 707 1254 Aristophan.
727 1211 767 1242 ad
792 1213 891 1254 Vesp.

215 1261 290 1290 312.
329 1266 361 1291 et
399 1260 524 1302 Virgilii
563 1261 734 1292 Moretum.
787 1262 890 1293 Etiam

217 1309 371 1352 Neapolis
398 1310 456 1342 hoc
487 1311 557 1342 loco
586 1311 732 1352 quaedam
763 1312 803 1344 de
833 1312 891 1344 hoc

216 1359 289 1390 cibo
304 1360 446 1403 collegit.
494 1360 568 1396 Suu,
580 1361 669 1402 justa
685 1368 739 1392 aut
757 1362 892 1404 propria.

217 1408 250 1440 Si
273 1421 346 1450 quas
370 1420 431 1441 non
455 1409 632 1441 dubitantis
655 1418 713 1447 est,
729 1411 784 1442 sed
810 1412 892 1442 affir-

219 1459 335 1490 mantis
347 1470 412 1501 pro,
425 1470 516 1501 quas.
550 1459 650 1496 Elisae,
662 1461 804 1491 contritae
819 1471 890 1503 pas-

217 1508 295 1541 tillo.
344 1510 426 1541 Vide
452 1510 633 1541 Heinsium.
681 1510 719 1542 In
744 1511 891 1553 temporis

217 1559 340 1602 antiqui
358 1560 541 1591 memoriam
557 1561 659 1592 multa
679 1567 803 1592 servata
818 1567 891 1592 sunt

215 1609 248 1641 in
264 1609 362 1640 sacris
379 1615 532 1641 veterum.

260 1660 446 1691 373-388,
468 1660 546 1691 Haec
565 1670 691 1702 quoque
708 1660 748 1692 ad
765 1666 890 1703 tempus

216 1709 449 1751 Megalensium
475 1710 643 1751 pertinent.
661 1710 700 1741 ad
726 1710 794 1741 dies
810 1722 842 1741 v.
857 1717 889 1742 et

217 1759 257 1790 vi.
275 1759 405 1801 Aprilis,
423 1758 586 1800 obiterque
603 1769 651 1790 res
665 1758 745 1790 duas
761 1767 889 1791 narrant

215 1809 290 1840 olim
308 1808 374 1840 istis
389 1808 502 1840 diebus
518 1814 623 1850 gestas
637 1822 643 1839 :
669 1811 888 1841 dedicationem

216 1860 316 1899 templi
343 1858 486 1889 Fortunae
511 1859 658 1895 Publicae,
674 1865 706 1890 et
732 1861 887 1891 victoriam

218 1909 343 1940 Caesaris
364 1911 401 1940 de
413 1909 507 1945 Juba,
524 1915 587 1939 lum
610 1909 708 1940 Librae
729 1911 836 1940 imbres
857 1916 889 1941 et

218 1959 340 1990 Orionis
356 1970 502 1990 occasum.
546 1958 730 1995 Pallantias,
749 1960 888 1998 Aur0m3

216 2009 350 2040 Metam.
367 2008 409 2039 ix.
421 2009 496 2038 420.
521 2009 568 2039 Ea
582 2008 700 2039 oriente
714 2009 887 2052 diffugiunt

215 2059 320 2094 stellae,
338 2058 471 2089 Metam.
487 2057 521 2088 ii.
542 2059 602 2088 114
618 2070 625 2095 ;
652 2069 707 2100 pro
727 2069 789 2100 quo
805 2070 888 2090 nunc

214 2114 383 2143 moventur,
398 2106 466 2138 scil.
482 2107 615 2138 statione
633 2107 663 2138 in
681 2108 764 2140 coelo
780 2109 887 2151 expel-

214 2156 332 2193 luntur,
372 2162 406 2188 ut
444 2157 550 2188 hostes
591 2159 702 2188 moveri
741 2157 890 2189 dicuntur

216 2217 314 2248 quum
334 2217 351 2238 e
372 2208 483 2238 castris
505 2206 695 2248 ejiciuntur;
717 2207 788 2238 vide
805 2207 888 2239 Dra-

215 2257 311 2288 kenb.
337 2257 377 2288 ad
404 2257 473 2287 Liv.
498 2268 529 2288 x.
549 2258 580 2288 4.
628 2257 745 2289 Levarc
767 2257 890 2289 scilicet

210 2306 299 2348 jugo,
323 2307 456 2338 solvere.
502 2307 566 2338 An.
585 2307 626 2338 U.
641 2306 681 2339 C.
699 2308 777 2339 549.
800 2307 888 2339 Sem-

214 2356 345 2398 pronius
359 2367 422 2388 cos.
438 2356 592 2399 principio
607 2367 722 2398 pugnae
739 2357 889 2389 adversus

216 2405 442 2442 Hannibalem,
456 2405 557 2436 aedem
575 2405 720 2437 Fortuna·
736 2407 888 2449 Primige-

216 2457 273 2486 niae
289 2454 385 2491 vovit,
402 2465 536 2496 eamque
559 2455 671 2486 decem
695 2456 786 2487 annis
807 2463 886 2499 post,

214 2506 289 2536 colle
315 2505 474 2540 Quirinali
497 2507 643 2539 sacravit,
662 2505 823 2537 dedicavit
847 2507 887 2544 Q.

216 2554 353 2586 Martius
376 2553 476 2585 Ralla
498 2553 645 2585 duumvir
665 2555 705 2587 ad
730 2555 762 2586 id
785 2556 887 2598 ipsum

214 2608 358 2642 creatus;
389 2604 456 2635 Liv.
481 2603 568 2634 xxix.
597 2605 659 2643 363
690 2605 796 2635 xxxiv.
823 2607 887 2644 533

214 2653 271 2685 sed
287 2652 403 2684 Noster
417 2653 512 2684 etiam
529 2664 558 2684 v.
570 2653 645 2684 720.
661 2653 726 2684 viii.
745 2654 886 2686 Kalend.

215 2704 295 2734 Jun.
313 2703 456 2734 Furtunae
466 2703 601 2734 Publica*
611 2704 763 2744 templum
775 2704 886 2735 datum

217 2758 339 2791 narrat;
365 2758 460 2795 atque
486 2751 540 2788 ita,
557 2759 588 2783 et
610 2753 719 2784 eodem
743 2753 794 2784 die
820 2755 886 2785 Ka-

961 1111 1137 1143 lendarium
1147 1113 1310 1149 vetus,ubi
1323 1112 1518 1145 FORTVN.
1530 1112 1634 1144 PVB-

963 1162 1047 1194 LIC.
1064 1162 1134 1193 PR.
1151 1163 1200 1194 IN
1221 1163 1346 1195 COLL.
1362 1162 1395 1194 id
1421 1168 1480 1199 est,
1497 1162 1635 1194 Fortuna

962 1212 1099 1244 Publica
1128 1212 1321 1254 Primigenia
1349 1212 1380 1244 in
1411 1212 1504 1244 colle.
1550 1212 1635 1244 Hinc

962 1263 1114 1305 Neapolis
1139 1263 1280 1305 conjicit,
1303 1263 1384 1294 duas
1409 1263 1563 1294 Fortunas
1587 1262 1635 1294 iu-

962 1312 1074 1353 telligi,
1090 1323 1223 1355 quarum
1241 1313 1342 1344 altera
1361 1313 1491 1343 Publica
1511 1318 1636 1344 tantum

961 1361 1001 1392 sit
1017 1361 1115 1398 dicta,
1132 1362 1233 1393 altera
1248 1368 1280 1393 et
1299 1362 1487 1405 Primigenia
1504 1367 1535 1393 et
1553 1361 1636 1392 Pub-

963 1413 1044 1448 lica;
1074 1411 1168 1453 hujus
1192 1411 1292 1443 :edem
1318 1422 1426 1443 mense
1454 1411 1542 1442 Maio
1567 1421 1636 1443 esse

961 1461 1156 1497 dedicatam,
1196 1461 1281 1493 illius
1318 1461 1433 1504 Aprili.
1483 1461 1633 1493 Verrius:

962 1511 1045 1542 Ludi
1086 1512 1229 1543 Fortunae
1272 1512 1408 1543 Publica:
1448 1514 1635 1544 citerio—-in

960 1562 1045 1593 colle.
1081 1562 1215 1604 Foggin.
1232 1562 1360 1605 supplet
1375 1563 1524 1598 citeriori,
1538 1561 1636 1605 idque

960 1611 1055 1642 refert
1071 1611 1110 1642 ad
1129 1612 1297 1643 Fortunam
1311 1624 1321 1649 ,-
1342 1611 1514 1642 Fortunam
1529 1618 1636 1644 autem

958 1663 1127 1692 citeriorem
1158 1661 1246 1693 intel.
1274 1672 1357 1698 eam,
1384 1671 1480 1704 quam
1510 1661 1638 1693 Plutar-

959 1710 1048 1747 chus,
1065 1711 1243 1749 Quaestion.
1260 1711 1401 1742 Roman.
1424 1721 1463 1742 ex
1488 1721 1565 1743 voce
1588 1711 1635 1743 la-

959 1760 1026 1792 tina
1043 1760 1149 1792 Brevis
1165 1760 1291 1803 Βρέβεμ
1307 1761 1417 1792 vertit.

1003 1811 1077 1841 377.
1117 1811 1237 1842 Locum
1269 1821 1336 1853 seq.
1365 1811 1447 1842 bene
1482 1809 1637 1853 explicuit

959 1860 1101 1891 Masson.
1119 1860 1151 1891 in
1169 1860 1246 1892 Vita
1271 1859 1380 1891 Ovidii
1404 1859 1445 1891 ad
1470 1871 1523 1891 an.
1539 1860 1580 1892 U.
1596 1859 1636 1892 C.

958 1910 1035 1940 732.
1087 1909 1190 1941 Tertia
1216 1911 1280 1946 lm,
1296 1909 1364 1941 dies
1389 1909 1500 1941 tertius
1520 1910 1634 1952 Mega·

957 1959 1093 1990 lensium
1112 1960 1177 1991 sive
1195 1960 1237 1990 vi.
1253 1960 1322 1991 dies
1343 1959 1474 2001 Aprilis,
1496 1970 1558 1991 non
1580 1969 1636 1991 au-

957 2015 1018 2040 tem
1048 2009 1160 2039 tertius
1186 2010 1226 2039 ab
1255 2009 1331 2052 ipsis
1354 2008 1466 2039 Nonis.
1512 2008 1545 2040 Is
1567 2015 1635 2040 erat

958 2060 1049 2094 ludia,
1066 2069 1103 2089 eo
1120 2057 1296 2089 edebantur
1312 2057 1379 2089 ludi
1395 2057 1527 2090 scenici.
1554 2058 1633 2090 Vic-

958 2109 1056 2145 toriae,
1065 2119 1137 2150 quae
1148 2108 1216 2149 jam
1229 2114 1504 2145 commemoratur,
1515 2119 1635 2141 memo-

959 2159 1003 2190 ria
1020 2169 1082 2190 non
1100 2159 1321 2190 celebrabatur
1337 2159 1463 2190 Romae.
1499 2158 1636 2191 Ovidius

959 2214 1065 2239 tamen
1086 2208 1252 2239 commode
1273 2218 1343 2239 eam
1365 2214 1507 2251 repetere
1524 2208 1635 2246 voluit,

958 2258 1067 2300 itaque
1098 2258 1248 2300 figmento
1279 2257 1442 2300 ingenioso
1471 2269 1546 2290 usus
1572 2264 1633 2291 est.

961 2309 1145 2350 Contiguus,
1171 2319 1227 2350 pro
1251 2318 1314 2350 quo
1343 2308 1436 2340 multi
1458 2310 1635 2346 continuus,

958 2358 1038 2389 bene
1054 2369 1086 2389 se
1103 2358 1210 2389 habet.
1243 2358 1287 2389 Ut
1302 2360 1479 2402 contingere
1494 2358 1633 2401 aliquem

958 2407 1207 2450 propinquitate,
1224 2406 1366 2439 amicitia
1382 2407 1529 2445 dicimur,
1540 2407 1586 2440 sic
1602 2414 1635 2440 et

958 2459 1041 2494 loco,·
1081 2457 1288 2494 Claudianus,
1320 2457 1384 2489 viii.
1414 2458 1500 2489 481:
1539 2469 1633 2499 aquas

957 2510 1116 2550 contiguas
1142 2508 1293 2544 hostibus;
1328 2519 1358 2539 v.
1388 2508 1470 2539 219.-
1506 2508 1633 2540 Parcite

958 2560 1100 2599 contiguo
1117 2559 1205 2588 hosti.
1245 2557 1370 2594 Jubam,
1386 2568 1492 2600 regem
1508 2558 1633 2590 Mauri·
1697 2565 1701 2569 '

958 2608 1052 2637 taniae
1072 2607 1291 2639 fidelissimum
1312 2607 1456 2650 partibus
1476 2606 1632 2650 Pompeii,

957 2662 989 2687 et
1004 2656 1185 2698 Scipionem
1202 2658 1310 2689 Caesar
1325 2657 1402 2688 vicit
1417 2656 1458 2688 ad
1469 2657 1630 2699 Thapson.

956 2706 1032 2736 Post
1047 2705 1171 2737 cladem
1186 2713 1352 2749 acceptam
1361 2707 1380 2739 J
1387 2706 1449 2737 uba
1462 2705 1630 2748 magnifice

956 2756 1102 2798 epulatus
1115 2762 1162 2787 est
1174 2767 1246 2787 cum
1259 2756 1396 2793 Petreio,
1406 2755 1488 2798 fugae
1501 2755 1630 2792 comite,
