1809 3220
668 751 893 799 LIBRI
953 751 1245 806 QUINTI

737 908 1177 947 ARGUMENTUM.

249 1060 326 1090 Tres
350 1058 513 1090 sententiae
536 1058 575 1090 de
591 1059 716 1090 nomine
740 1058 833 1094 Maii,
852 1058 991 1089 1—110.
1039 1058 1136 1088 Ortus
1159 1056 1300 1099 Capellae
1316 1062 1349 1088 et
1363 1056 1460 1098 origo,
1478 1058 1659 1091 111—128.

293 1113 454 1144 Praestites
469 1113 576 1150 Lares,
595 1124 767 1156 eorumque
783 1123 837 1144 ara
853 1113 1036 1148 constituta,
1056 1112 1238 1143 129—146.
1284 1112 1382 1142 Bonae
1398 1112 1477 1143 Deae
1494 1113 1662 1154 templum,

294 1168 479 1199 147-158,
526 1168 676 1209 Argestes
691 1174 804 1199 ventus
819 1174 850 1199 et
866 1167 1017 1210 Hyadum
1039 1173 1105 1198 tam
1129 1172 1224 1203 ortus,
1241 1177 1337 1208 quam
1360 1167 1456 1208 origo,
1480 1168 1664 1199 159—182.

293 1220 376 1252 Ludi
392 1221 541 1258 Florales,
558 1222 635 1258 fata,
652 1222 804 1264 potentia,
824 1221 930 1252 cultus
950 1221 1050 1252 Florae
1070 1220 1155 1263 apud
1179 1220 1351 1257 Romanos,
1371 1220 1450 1252 ratio
1466 1221 1638 1252 Floralium
1653 1234 1663 1261 ;

294 1274 344 1306 his
356 1275 473 1306 inserta
488 1276 596 1307 fabula
612 1276 651 1308 de
666 1276 782 1307 Martis
797 1283 877 1312 ortu,
892 1276 1075 1307 183—378.
1115 1275 1268 1306 Centauri
1283 1274 1393 1306 sideris
1408 1280 1494 1307 ortus
1509 1281 1541 1306 et
1556 1275 1664 1307 fabula

295 1329 334 1360 de
349 1329 498 1366 Chirone,
513 1331 696 1362 379—414.
735 1332 824 1372 [yrae
839 1339 871 1362 et
886 1330 1006 1373 Scorpii
1020 1336 1116 1365 ortus,
1129 1330 1312 1360 415—418.
1350 1329 1498 1360 Lemuria
1510 1334 1665 1362 nocturna

296 1387 328 1413 et
343 1383 437 1414 Remi
453 1384 626 1425 sepultura,
643 1385 827 1416 419—492.
875 1385 1001 1417 Orionis
1020 1394 1162 1420 occasus,
1179 1383 1312 1419 natales,
1327 1383 1438 1414 relatio
1455 1383 1537 1415 inter
1550 1383 1665 1421 sidera,

296 1437 483 1468 493—544.
529 1438 697 1480 Templum
722 1439 836 1470 Martis
859 1439 988 1476 Ultoris,
1009 1438 1114 1470 Crassi
1138 1438 1257 1474 clades,
1273 1437 1363 1479 signa
1378 1448 1397 1469 a
1412 1438 1540 1469 Parthis
1552 1438 1664 1476 relata,

297 1492 481 1522 545—598.
525 1492 694 1523 Pleiadum
719 1499 804 1524 ortus
833 1498 865 1524 et
890 1492 1008 1524 aestatis
1036 1492 1172 1527 initium,
1201 1492 1386 1523 599—602.
1429 1491 1525 1523 Tauri
1554 1491 1666 1524 sideris

297 1551 382 1576 ortus
396 1552 427 1576 et
442 1545 539 1587 origo,
556 1546 742 1578 603—620.
788 1546 964 1578 Simulacra
985 1546 1106 1588 scirpea
1127 1545 1166 1576 de
1190 1551 1284 1587 ponte
1299 1545 1486 1585 mittuntur3
1510 1546 1667 1578 Hercules

297 1598 329 1629 in
345 1599 446 1635 Latio,
463 1600 646 1630 621—662.
692 1601 840 1642 Hymnus
859 1600 893 1631 in
909 1601 1104 1632 Mercurium
1119 1611 1127 1638 3
1150 1600 1218 1641 ejus
1233 1600 1345 1631 festum
1359 1612 1368 1639 3
1391 1610 1501 1642 preces
1514 1606 1668 1632 mercato-

297 1663 366 1683 rum
382 1653 422 1684 ad
437 1664 521 1690 eum,
537 1654 722 1686 663—692.
767 1654 818 1685 Sol
846 1654 958 1685 transit
984 1654 1015 1685 in
1033 1654 1206 1691 Geminos3
1230 1653 1341 1684 horum
1362 1653 1460 1695 origo,
1475 1654 1615 1686 Pollucis
1636 1661 1670 1687 et

298 1706 438 1738 Castoris
462 1718 569 1749 pugna
592 1718 664 1739 cum
692 1709 830 1750 Lynceo,
862 1708 1049 1739 693—720.
1095 1706 1256 1748 Agonalia
1279 1706 1414 1746 iterum3
1438 1707 1536 1739 Canis
1559 1708 1668 1740 sideris

297 1765 394 1797 ortus,
413 1762 598 1793 721—724.
643 1762 848 1798 Tubilustria,
861 1763 936 1798 725,
949 1762 1023 1792 726.
1069 1762 1214 1798 Quatuor
1228 1766 1309 1791 notae
1326 1761 1358 1791 in
1373 1761 1580 1798 Kalendario,
1591 1762 1667 1800 727,

300 1814 375 1845 728.
423 1815 567 1846 Fortunae
583 1816 727 1847 Publicae
742 1815 907 1858 templum,
921 1815 1106 1847 729-732.
1144 1814 1260 1846 Bootes
1274 1815 1402 1853 occidit,
1414 1815 1546 1858 Hyades
1558 1815 1664 1848 oriun-

301 1873 362 1904 tur,
381 1868 456 1905 733,
473 1869 548 1900 734.
