1809 3220
228 168 316 209 334

628 167 678 208 Ρ.
712 166 931 210 OVIDlI
966 167 1253 210 NASONIS

226 283 394 332 Lucus
420 289 557 332 erat:
593 283 822 341 dubium,
846 283 1063 332 Semelae
1093 284 1392 332 Stimulaene
1415 291 1644 341 vocetur;

292 360 556 409 Maenadas
583 360 835 410 Ausonias
861 361 1134 410 incoluisse
1160 361 1342 411 ferunt.

224 438 419 495 Quaerit
446 439 509 488 ab
536 438 613 487 his
640 438 750 497 Ino,
779 455 894 503 quae
924 456 1048 503 gens
1074 439 1231 489 foret:
1273 438 1500 488 Arcadas
1529 455 1644 487 esse

289 517 474 575 Audit;
516 523 568 565 et
589 515 881 565 Evandrum
908 524 1111 582 sceptra
1135 524 1312 567 tenere
1339 516 1454 566 loci.

1546 519 1644 564 506

223 595 559 643 Dissimulata
582 595 747 651 deam,
777 593 948 643 Latias
977 594 1219 644 Saturnia
1245 594 1478 643 Bacchas

290 673 581 721 Instimulat
604 672 734 721 fictis
761 673 1004 722 insidiosa
1029 674 1193 722 sonis:

223 752 267 800 O
296 752 505 800 nimium
530 752 722 809 faciles,
748 754 778 800 ὁ
803 760 908 801 toto
934 760 1143 817 pectore
1169 759 1352 817 captae,

291 831 407 878 Non
432 831 568 879 venit
589 831 698 878 haec
720 831 904 878 nostris
926 831 1113 895 hospes
1137 830 1302 878 amica
1319 829 1486 877 choris
1505 844 1515 876 :
1545 830 1645 876 510

222 909 420 957 Fraude
447 909 602 974 petit;
645 909 878 973 sacrique
906 918 1049 974 parat
1074 923 1383 972 cognoscere
1410 906 1579 954 ritum.

289 987 404 1043 Quo
430 989 592 1052 possit
617 1005 792 1052 poenas
820 989 1060 1053 pendere,
1089 988 1273 1052 pignus
1299 985 1472 1034 habet.

221 1065 320 1113 Vix
347 1067 478 1114 bene
503 1065 752 1124 desierat;
793 1067 1054 1131 complent
1079 1064 1355 1113 ululatibus
1381 1078 1529 1111 auras

285 1143 525 1208 Thyades
551 1144 725 1192 effusis
751 1161 841 1208 per
867 1160 960 1192 sua
984 1144 1116 1192 colla
1139 1143 1326 1200 comis;

1544 1142 1641 1188 514

219 1222 564 1286 Injiciuntque
580 1239 777 1278 manus,
798 1239 1117 1286 puerumque
1134 1221 1376 1270 revellere
1394 1226 1639 1284 pugnant.

288 1299 428 1355 Quos
455 1300 652 1364 ignorat
678 1301 862 1357 adhuc,
892 1301 1091 1349 invocat
1117 1300 1203 1348 illa
1226 1300 1377 1348 deos:

222 1378 408 1442 Dique,
435 1378 628 1443 virique
653 1379 766 1435 loci,
795 1380 991 1428 miserae
1018 1378 1296 1427 succurrite
1321 1376 1496 1425 matri!

287 1456 491 1505 Clamor
517 1456 754 1505 Aventini
781 1473 906 1505 saxa
930 1457 1216 1522 propinqua
1238 1455 1371 1504 ferit.

218 1533 502 1598 Adpulerat
526 1535 646 1598 ripae
674 1551 854 1582 vaccas
881 1534 1077 1582 OEtaeus
1105 1534 1309 1582 Iberas:

286 1612 446 1660 Audit
468 1632 478 1671 3
522 1620 572 1660 et
598 1613 660 1660 ad
686 1629 863 1661 vocem
891 1614 1118 1661 concitus
1147 1619 1293 1676 urget
1317 1612 1425 1659 iter.

258 1723 333 1754 503.
358 1722 478 1753 Semelae
513 1721 605 1754 lucus
643 1722 739 1754 etiam
778 1722 890 1754 Romae

216 1773 299 1811 fuit3
326 1772 398 1804 vide
423 1772 561 1815 Neapol.
585 1779 618 1804 et
641 1772 810 1804 Heinsium
836 1772 891 1815 qui

214 1823 322 1854 lucum
349 1822 464 1854 Fauuae
495 1823 602 1854 Fatuae
627 1823 694 1854 sive
715 1822 807 1854 Bonae
830 1824 891 1854 deae

215 1873 353 1915 intellig.
413 1873 560 1905 Semelen
592 1873 678 1904 enim
715 1883 733 1904 a
767 1872 891 1905 Boeotis

214 1921 316 1954 Fauni
342 1923 440 1954 filiam
465 1934 534 1955 esse
560 1922 718 1954 habitam.
776 1924 889 1954 Similae

216 1975 319 2004 lucum
334 1972 430 2004 habet
445 1972 564 2009 Livius,
579 1972 686 2004 xxxix.
704 1974 744 2005 12
759 1985 765 2003 ε
791 1977 812 1990 “
826 1972 890 2004 Ex-

213 2030 370 2066 promeret
400 2022 472 2059 sibi,
506 2033 577 2065 quae
609 2022 640 2053 in
671 2022 744 2054 luco
770 2022 889 2053 Similae

214 2072 475 2104 Bacchanalibus
499 2072 532 2103 in
553 2082 642 2103 sacro
663 2077 817 2103 nocturno
842 2083 891 2103 so-

212 2123 315 2154 lerent
336 2122 436 2153 fieri.’'
489 2123 586 2153 Porro
609 2122 773 2152 Stimulam
795 2121 890 2152 deam

213 2173 309 2204 etiam
335 2172 508 2214 Augustin.
539 2171 579 2202 de
602 2172 698 2203 Civit.
725 2171 799 2208 Dei,
825 2183 889 2203 me-

214 2229 328 2259 morat,
347 2223 479 2265 ejusque
496 2224 600 2253 lucum
620 2221 783 2253 scholiast.
829 2223 887 2253 Ju-

213 2273 335 2306 venalis
361 2272 402 2304 ad
426 2273 493 2303 Sat.
520 2272 553 2303 ii.
577 2273 615 2303 3:
646 2276 666 2290 “
684 2272 781 2303 Sacra
805 2273 890 2303 Bac-

213 2323 362 2356 chanalia
381 2333 420 2354 ex
440 2322 490 2354 SC
513 2322 665 2353 damnata
687 2327 773 2358 sunt,
789 2333 888 2363 quum

210 2374 380 2417 probatum
395 2378 476 2404 esset
496 2372 632 2408 senatui,
648 2371 886 2403 honestissimas

213 2423 347 2456 feminas
363 2422 403 2454 ad
419 2422 563 2454 Stimulae
580 2421 648 2453 deae
669 2422 778 2452 lucum
799 2421 884 2453 soede

213 2473 418 2506 adulterari.'’
464 2473 668 2503 Burmannus
690 2477 795 2513 putat,
822 2471 884 2502 Sti-

212 2526 308 2555 mules
337 2522 388 2554 vel
418 2523 557 2553 Stimulos
594 2522 702 2553 lucum
738 2531 757 2552 a
791 2521 885 2563 vulgo

213 2578 360 2616 corrupta
389 2571 644 2615 pronuntiatione
675 2582 730 2612 pro
760 2571 886 2602 Semeles

213 2622 421 2666 appellatum.
446 2621 530 2652 Vide
546 2627 578 2652 et
594 2621 732 2652 Gronov.
748 2620 787 2651 ad
804 2619 884 2650 Livii

213 2673 335 2704 dictum
350 2673 468 2704 locum.

255 2723 332 2754 509.
356 2722 474 2752 Faciles
505 2720 545 2751 ad
576 2719 786 2754 credendum,
818 2730 884 2750 cre-

211 2772 306 2803 dulae.
360 2771 399 2802 In
430 2771 526 2802 altero
555 2777 614 2800 toto
641 2776 761 2809 pectore
791 2775 884 2807 calme

1541 1613 1641 1659 520

963 1723 1124 1754 haeserunt
1140 1722 1277 1765 interpp.
1290 1719 1495 1752 Schirachius
1509 1732 1515 1751 :
1534 1724 1556 1738 ‘⁴
1570 1719 1640 1752 haec

961 1772 1058 1804 dictio
1073 1772 1098 1803 si
1111 1783 1210 1814 quam
1229 1772 1327 1803 habet
1340 1770 1415 1808 vim,
1425 1781 1507 1807 eam,
1519 1769 1638 1802 habet:

961 1833 1015 1854 vos
1030 1828 1103 1854 totae
1120 1822 1238 1854 deditae
1255 1821 1338 1859 aliis,
1354 1826 1390 1853 ut
1402 1821 1522 1853 ironice
1537 1819 1641 1852 hicsit

960 1872 1140 1904 adhibita.’'
1188 1872 1301 1906 Immo,
1327 1876 1363 1902 ut
1389 1881 1455 1902 ver.
1482 1871 1562 1902 204.
1589 1870 1640 1901 lu-

960 1924 1039 1954 mine
1052 1929 1159 1963 captus
1172 1927 1220 1953 est
1234 1932 1294 1953 usu
1308 1920 1471 1953 oculorum
1484 1919 1641 1963 privatus,

959 1971 1005 2003 ita
1031 1979 1152 2013 pectore
1177 1978 1272 2013 captae
1301 1976 1387 2008 sunt,
1417 1971 1548 2014 privatae
1579 1980 1640 2002 usu

960 2022 1098 2064 pectoris
1124 2022 1191 2053 sive
1218 2032 1324 2058 sensu,
1351 2021 1488 2053 stolidae.
1536 2019 1635 2055 Petit,

959 2070 1084 2102 invadit
1109 2081 1177 2107 vos,
1202 2071 1349 2113 decipere
1373 2081 1428 2102 vos
1452 2069 1543 2108 vult3
1567 2080 1637 2101 ver-

962 2120 1036 2151 bum
1066 2126 1207 2152 sumtum
1247 2131 1265 2151 a
1302 2119 1542 2162 gladiatoribus,
1580 2119 1636 2161 qui

957 2177 1059 2210 petere
1075 2170 1226 2202 dicuntur
1246 2181 1345 2212 quum
1364 2169 1465 2201 ictum
1486 2169 1638 2201 inferunt.

962 2221 1082 2263 Pignus
1097 2220 1223 2257 amoris,
1239 2220 1353 2252 filium.

1002 2272 1080 2303 515.
1106 2272 1287 2308 Revellere,·
1316 2270 1370 2302 alii
1405 2271 1554 2301 avellere.-
1588 2269 1634 2301 sic

959 2319 1029 2352 Cic.
1045 2331 1102 2362 pro
1117 2321 1209 2352 Font.
1227 2322 1286 2352 17:
1312 2325 1332 2338 ‘⁸
1350 2319 1403 2351 De
1423 2320 1532 2351 matris
1545 2329 1633 2351 com-

957 2370 1051 2412 plexu
1070 2370 1246 2403 avellere.'²

997 2422 1073 2452 519.
1098 2421 1149 2452 De
1165 2421 1312 2453 Herculis
1327 2431 1400 2452 cum
1421 2421 1518 2451 vaccis
1535 2419 1632 2451 Iberis

954 2471 1105 2507 adventu,
1122 2478 1252 2511 tempore
1270 2470 1423 2507 Evandri,
1440 2469 1513 2502 vide
1528 2468 1549 2500 i.
1565 2470 1630 2501 543

955 2532 1026 2564 sqq.
1052 2522 1167 2553 OEtoeus
1183 2521 1234 2552 hic
1246 2527 1376 2552 vocatur
1391 2531 1447 2562 per
1461 2519 1631 2562 prolepsin,

955 2572 1011 2613 qui
1026 2571 1125 2602 serius
1135 2582 1169 2602 se
1185 2571 1359 2602 combussit
1370 2571 1403 2602 in
1419 2570 1494 2601 OEta
1506 2574 1632 2608 monte3

955 2622 1037 2651 Met.
1052 2620 1095 2651 ix.
1110 2622 1189 2653 230.
1228 2621 1320 2652 Unus
1338 2620 1522 2661 Tirynthius
1536 2620 1630 2650 heros.

957 2670 1112 2707 Com-itus,
1126 2671 1292 2713 ὁρμηθεὶς,
1305 2670 1359 2713 qui
1370 2671 1434 2702 ruit
1448 2668 1630 2708 celerrime5

957 2720 998 2750 iv.
1016 2721 1090 2751 461.
