1830 3220
658 153 1132 197 HALIEUTICON.

173 346 392 405 Emicat,
420 355 575 412 atque
601 350 745 398 dolos
772 350 905 398 saltu
932 350 1130 398 deludit
1155 350 1364 399 inultus.

1520 156 1607 198 449

1062 273 1111 319 in
1139 287 1286 320 auras

1538 354 1603 399 25

242 426 310 474 Et
337 426 568 475 Muraena
593 428 752 484 ferox,
780 429 956 476 teretis
983 429 1078 476 sibi
1105 429 1311 477 conscia
1336 429 1480 493 tergi,

171 503 253 551 Ad
268 493 451 554 ‘laxata
475 506 638 569 magis
666 523 912 554 conversa
936 506 1181 555 foramina
1206 508 1344 565 retis,

170 581 402 632 Tandem
429 600 520 649 per
547 585 732 632 multos
756 584 927 633 evadit
953 584 1149 633 lubrica
1174 586 1356 642 flexus,

171 660 532 726 Exemploque
559 670 727 721 nocet,
756 664 955 712 cunctis
981 664 1254 712 intervenit
1280 681 1396 712 una.

239 739 309 788 At
334 748 511 788 contra
536 741 763 805 scopulis
789 742 965 790 crinali
992 759 1203 807 corpore
1230 743 1401 806 segnis

1538 747 1604 792 30

172 817 403 884 Polypus
430 820 604 877 haeret,
633 827 685 868 et
710 821 805 869 hac
832 822 993 869 eludit
1019 822 1145 869 retia
1169 821 1362 878 fraude,

172 895 241 944 Et
267 898 361 945 sub
389 898 502 961 lege
530 898 626 946 loci
654 900 810 947 sumit
836 908 1103 965 mutatque
1131 901 1383 958 colorem,

175 975 392 1041 Semper
407 977 453 1026 ei
471 977 665 1034 similis,
681 994 834 1042 quem
853 980 1089 1043 contigit:
1113 987 1269 1043 atque
1284 979 1604 1044 ubipraedam

176 1053 501 1104 Pendentem
529 1058 652 1104 setis
681 1058 856 1106 avidus
883 1057 1031 1123 rapit,
1060 1057 1140 1106 hic
1164 1074 1371 1122 quoque
1398 1058 1527 1106 fallit

172 1213 273 1240 arare,
286 1208 383 1245 atque
395 1202 439 1234 ita
453 1204 601 1237 conditus
612 1207 744 1239 transire
758 1206 857 1237 rete.‘'

172 1253 298 1296 Inepte.
328 1254 401 1284 Nou
431 1256 574 1287 conditus
603 1258 715 1300 plagas
745 1257 859 1289 transit

173 1304 278 1346 lupus,
309 1304 365 1335 sed
404 1307 561 1336 commum
591 1307 703 1350 lupum
742 1308 858 1350 plagae.

173 1354 244 1385 IIoe
283 1353 384 1385 voluit
414 1355 550 1387 Plinius.
575 1357 674 1388 er.
729 1358 858 1388 Thuan.

173 1410 204 1436 et
217 1404 330 1436 Ambr.
344 1407 425 1436 ¹ridet
441 1407 542 1437 arenis
559 1408 589 1437 in
609 1418 714 1439 auras.
761 1409 860 1449 Lege,

171 1456 245 1486 sidit
261 1456 384 1486 arenis:
411 1457 440 1486 in
458 1467 552 1486 auras
573 1458 735 1499 sequentis
751 1468 861 1489 versus

173 1505 246 1537 duae
271 1505 392 1536 ultimae
414 1512 488 1537 suut
508 1517 614 1539 voces.
661 1509 743 1540 Met.
760 1508 818 1539 lib.
836 1509 857 1540 i.

175 1556 252 1587 307.
263 1566 301 1587 ex
319 1555 460 1597 antiquis
473 1556 580 1588 libris:
609 1557 860 1600 “Quaesitisque

173 1605 229 1638 diu
253 1605 342 1637 terris
369 1605 422 1637 ubi
451 1608 548 1638 sidere
573 1607 701 1639 detur.”
751 1610 858 1646 Quum

171 1658 275 1688 sistere
291 1655 358 1687 illic
380 1656 539 1697 legeretur
555 1657 586 1688 in
604 1657 764 1698 vulgatis3
789 1670 859 1702 pos-

172 1707 213 1739 sit
229 1712 261 1738 et
278 1705 384 1743 scribi,
397 1717 426 1738 se
440 1708 493 1737 dat
511 1710 622 1739 arenis,
648 1709 691 1740 H.

219 1758 273 1789 25.
308 1757 401 1788 Dacos
435 1758 517 1788 saltu
552 1759 673 1790 deludit
708 1759 858 1801 inultus]

175 1809 276 1850 Lege,
303 1808 427 1839 inultos.
465 1809 547 1840 Met.
572 1809 616 1840 iv.
645 1810 731 1841 426:
765 1814 785 1827 “
804 1809 861 1841 Nil

175 1858 293 1900 poterit
308 1860 395 1891 Juno
412 1857 471 1889 nisi
487 1859 605 1891 inultos
617 1860 692 1891 flere
704 1859 862 1891 dolores.''

177 1909 242 1941 Ubi
257 1909 368 1940 mullos
388 1908 497 1951 scripti
513 1909 657 1952 plerique
674 1921 838 1953 perperam
854 1923 859 1941 :

174 1959 220 1991 sic
245 1965 277 1991 et
302 1959 389 2002 apud
415 1959 548 2002 Apulei.
570 1960 593 1991 i.
617 1961 698 1992 Met.
721 1962 861 1992 scriben-

175 2010 252 2042 dum
271 2011 394 2053 opinor,
411 2023 475 2052 quae
495 2022 588 2052 quum
609 2013 737 2043 subinde
754 2013 864 2043 inultis

174 2069 351 2095 nosceretur
373 2073 436 2093 non
460 2075 477 2092 ιι
503 2063 610 2093 multis
634 2070 866 2094 nosceretur.—

179 2114 326 2146 Deludit.
342 2113 470 2144 Diludit
483 2112 534 2143 ed.
546 2114 646 2145 Gesn.
660 2114 750 2147 Bers.
761 2113 864 2146 Vlitii.

221 2165 278 2196 26.
319 2164 361 2195 Et
394 2163 570 2204 Muraena]
619 2163 716 2194 Hunc
758 2163 865 2195 locum

179 2214 384 2255 adumbravit
412 2214 547 2251 Plinius,
574 2213 629 2244 lib.
653 2213 753 2245 xxxii.
779 2224 808 2244 c.
834 2214 865 2245 2.

175 2265 231 2297 ubi
248 2265 293 2296 ita
308 2270 376 2296 est:
404 2269 422 2282 “
436 2265 618 2295 Muraenam
642 2263 786 2295 maculas
807 2273 864 2305 ap-

177 2322 286 2360 petere
311 2315 411 2358 ipsas,
432 2315 593 2346 consciam
621 2315 730 2345 teretis
754 2324 791 2345 ac
815 2314 863 2345 lu-

175 2367 256 2399 brici
273 2366 366 2408 tergi,
379 2372 446 2397 tum
463 2365 634 2408 multiplici
648 2365 731 2396 flexu
743 2365 864 2400 laxare,

178 2417 280 2450 donec
298 2415 454 2448 evadat.''
482 2416 575 2448 Cior.

223 2469 279 2501 27.
308 2468 460 2499 Conversa
475 2467 669 2511 foramina]
707 2468 866 2499 Connexat

166 2520 277 2563 forma
293 2519 389 2550 MSS.
413 2518 518 2549 IDEM.

222 2571 277 2601 29.
304 2568 505 2609 Eremploque
529 2575 628 2605 nocet,
649 2567 730 2609 etc-J
757 2567 810 2599 Sic
834 2573 867 2599 et

179 2619 302 2662 scripti.
344 2618 577 2661 Castigandum
593 2618 740 2649 omnino:
768 2619 866 2649 “Ex-

180 2670 351 2713 emploque
377 2680 497 2701 nocens
520 2670 646 2701 cunctis
664 2669 725 2700 iter
745 2668 868 2701 invenit

180 2719 283 2751 una.’'
331 2719 486 2762 Apposite
503 2719 624 2756 Philas,
640 2719 680 2751 de
696 2720 846 2750 Muraena
860 2730 866 2750 2

177 2774 218 2803 “H
235 2771 297 2813 μὲν
315 2770 379 2814 γὰρ
394 2769 517 2804 ἑνθενδ’
534 2770 631 2810 εὐθὺς
649 2769 720 2802 ἀπὸ
736 2769 868 2812 μετρίου

224 2821 328 2853 VOL.
356 2821 400 2853 V.

928 1205 1048 1247 πόρου,
1065 1203 1196 1240 Διεξέὸυ
1216 1204 1368 1241 σώζουσα
1384 1206 1440 1237 καὶ
1454 1205 1516 1244 τὰς
1532 1217 1611 1237 συν-

926 1255 1061 1297 νόμους.
1086 1255 1131 1286 H.

973 1307 1026 1336 30.
1052 1306 1092 1336 At
1117 1312 1224 1337 contra
1251 1307 1381 1345 scopulis
1405 1307 1520 1337 crinali
1547 1318 1613 1338 cor-

928 1367 998 1395 pore
1021 1358 1120 1397 segnis
1138 1356 1275 1397 Polypus
1297 1356 1400 1392 lurret,
1416 1356 1494 1397 etc.]
1522 1356 1612 1388 Idem

930 1406 1026 1437 tradit
1040 1405 1202 1442 Ailianus,
1218 1405 1274 1437 lib.
1288 1405 1341 1436 vii.
1356 1417 1384 1437 c.
1402 1408 1436 1436 ll
1454 1419 1462 1445 3
1487 1412 1518 1438 et
1530 1407 1614 1438 Plin.

931 1455 987 1487 lib.
1004 1456 1047 1487 ix.
1064 1466 1135 1499 cap.
1152 1457 1215 1493 293
1240 1456 1295 1487 lib.
1312 1456 1411 1487 xxxii.
1428 1467 1499 1500 cap.
1519 1458 1568 1488 11.

975 1507 1030 1538 31.
1058 1506 1139 1538 Hac.
1164 1507 1259 1537 MSS.
1276 1507 1346 1537 haec.
1360 1506 1484 1538 Plinius
1498 1506 1538 1538 de
1555 1507 1615 1539 hac

930 1557 1041 1588 fraude
1064 1556 1154 1593 nihil,
1174 1557 1232 1587 nisi
1249 1557 1332 1599 quod
1351 1568 1420 1588 earn
1439 1557 1615 1600 respexisse

931 1607 1029 1639 videri
1054 1608 1162 1650 possit,
1184 1607 1242 1639 lib.
1263 1607 1307 1638 ix.
1324 1618 1395 1650 cap.
1418 1609 1472 1639 29.
1489 1608 1529 1639 de
1553 1608 1614 1640 Po-

931 1656 1036 1699 lypis:
1074 1657 1225 1688 “Cetero
1257 1668 1313 1699 per
1347 1657 1479 1689 brachia
1516 1658 1616 1690 veluti

932 1707 1109 1739 acetabulis
1129 1707 1279 1749 dispersis
1304 1713 1374 1738 astu
1398 1707 1536 1750 quodam
1561 1708 1616 1739 ad-

931 1757 1122 1794 haerescunt,
1141 1762 1316 1800 tenentque
1333 1758 1450 1800 supini,
1470 1765 1504 1790 ut
1521 1758 1617 1791 avelli

933 1818 994 1839 non
1019 1807 1180 1851 queant.'’
1228 1809 1260 1839 Si
1288 1809 1369 1840 bene
1396 1808 1442 1840 ita
1470 1808 1618 1851 conjicio.

931 1858 1060 1899 Vulgo:
1089 1860 1202 1890 haustu
1222 1861 1361 1900 quodam.
1410 1859 1462 1890 De
1486 1870 1549 1901 quo
1570 1860 1619 1891 ni-

932 1907 978 1939 hil
1003 1908 1203 1946 Aristoteles,
1227 1909 1286 1940 lib.
1312 1909 1354 1940 iv.
1383 1919 1453 1952 cap.
1479 1911 1507 1941 1.
1531 1910 1618 1942 unde

932 1959 988 1990 illa
1004 1959 1180 2002 desumpsit
1197 1959 1333 1990 Plinius.

979 2010 1032 2041 32.
1057 2010 1119 2040 Sub
1137 2011 1202 2052 lege
1218 2009 1305 2050 loci.]
1332 2009 1457 2041 Plinius
1473 2009 1592 2042 ibidem
1611 2024 1617 2041 :

934 2061 1061 2091 colorem
1092 2067 1193 2090 mutat
1220 2062 1260 2091 (τά
1286 2062 1520 2092 similitudinem
1548 2063 1618 2092 loci.

935 2111 1023 2142 Loci.
1084 2111 1248 2143 Ovidiana
1286 2110 1404 2142 locutio
1441 2111 1488 2142 iii.
1519 2111 1617 2143 Am.:

936 2162 1052 2193 “Haec
1082 2173 1116 2193 es·
1141 2164 1205 2204 lege
1233 2164 1289 2194 Ioci
1316 2161 1484 2193 commoda
1514 2162 1619 2194 circus

936 2212 1074 2244 liabet.’'
1114 2213 1391 2255 I{.—M¹1t‹1tq11e.
1440 2213 1615 2255 mittitque,

935 2261 1086 2294 Ambros.

977 2314 1032 2345 33.
1055 2315 1157 2355 Atque
1185 2315 1238 2344 ubi
1267 2315 1399 2355 praedam
1434 2313 1620 2345 Pendentem

933 2365 1007 2396 retis
1022 2365 1142 2401 avidus,
1160 2364 1244 2405 etc.]
1272 2364 1496 2405 Pantagathus
1508 2363 1619 2405 legen-

933 2414 1009 2446 dum
1038 2414 1176 2457 putavit,
1204 2417 1285 2451 setis,
1312 2425 1374 2445 non
1402 2418 1477 2446 retis
1494 2426 1502 2442 -·
1538 2425 1622 2446 vere.

933 2464 1070 2506 Equinis
1091 2465 1187 2502 enim,
1204 2471 1239 2496 ut
1258 2476 1342 2496 nunc
1365 2475 1493 2507 quoque
1509 2465 1556 2501 fit,
1573 2476 1623 2496 se-

933 2515 974 2547 tis
990 2515 1071 2547 albis
1090 2516 1130 2547 ad
1153 2516 1396 2559 suspendendos
1415 2515 1525 2547 hamos
1543 2527 1619 2559 cap-

936 2565 1042 2598 tandis
1074 2567 1216 2609 piscibus
1252 2577 1325 2598 usos
1362 2566 1493 2609 priscos,
1526 2566 1622 2598 docet

937 2617 1131 2649 Plutarchus
1167 2617 1200 2649 in
1237 2617 1346 2648 libello
1381 2617 1429 2648 De
1463 2618 1622 2648 industria

937 2669 1143 2706 animalium;
1168 2668 1300 2710 ejusque
1320 2666 1365 2698 rei
1386 2666 1541 2698 rationem
1561 2666 1618 2698 ad-

937 2719 998 2751 fert
1014 2718 1197 2762 Oppianus,
1216 2718 1296 2749 libro
1312 2716 1356 2748 iii.
1382 2717 1422 2749 C.

984 2770 1037 2801 34.
1063 2769 1176 2800 Fallit.
1205 2769 1297 2800 MSS.
1324 2769 1437 2800 stillit:
1467 2772 1499 2798 et
1526 2777 1621 2810 supra

1073 2821 1092 2851 3
1118 2821 1155 2850 M
