1830 3220
586 182 942 226 FASTORUM
977 183 1100 226 LIB.
1135 184 1229 226 III.

1535 186 1619 228 121

188 298 438 354 Quintum
462 299 759 358 Laurentes,
778 301 855 349 bis
877 302 1112 366 quintum
1133 302 1430 366 AEquicolus
1451 318 1616 368 asper,

254 377 300 425 A
327 378 486 426 tribus
512 378 647 426 hunc
668 379 886 443 primum
912 381 1062 428 turba
1090 380 1334 429 Curensis
1360 380 1544 430 habet:

189 455 256 503 Et
282 456 374 504 tibi
399 473 516 504 cum
543 457 759 521 proavis,
787 458 933 506 miles
961 458 1194 522 Peligne,
1226 458 1430 507 Sabinis

1555 462 1618 507 95

261 534 535 593 Convenit3
578 535 659 583 hic
687 535 827 598 genti
853 543 1066 600 quartus
1089 537 1292 601 utrique
1321 536 1481 586 Deus.

188 611 458 670 Romulus,
487 613 578 661 hos
605 629 780 661 omnes
806 621 863 661 ut
885 614 1111 662 vinceret
1134 615 1309 663 ordine
1336 616 1533 672 saltem,

259 690 532 754 Sanguinis
559 692 752 740 auctori
780 699 1012 757 tempora
1032 693 1194 757 prima
1219 693 1379 751 dedit,

188 768 300 818 Nec
316 769 529 818 totidem
545 779 759 827 vetereS,
779 778 906 834 quot
922 788 1076 829 nune,
1096 772 1320 820 habuere
1338 772 1618 821 Kalendas.

256 847 350 897 Ille
377 849 538 898 minor
563 850 778 913 geminis
804 850 1066 898 mensibus
1094 867 1257 899 annus
1284 859 1411 899 erat.

1525 855 1620 899 100

186 926 430 975 Nondum
455 928 739 977 tradideras
766 928 927 977 victas
953 929 1231 977 victoribus
1259 937 1410 986 artes,

257 1005 486 1064 Graecia3
526 1006 820 1063 facundum,
849 1008 940 1055 sed
966 1008 1099 1056 male
1125 1007 1253 1056 forte
1279 1025 1457 1072 genus.

185 1084 288 1140 Qui
314 1086 445 1134 bene
471 1094 739 1151 pugnarat,
769 1086 1058 1135 Romanam
1085 1093 1293 1135 noverat
1317 1094 1506 1135 artem:

258 1163 468 1213 Mittere
493 1165 581 1229 qui
607 1172 807 1230 poterat
832 1166 950 1230 pila,
978 1166 1200 1214 disertus
1228 1172 1350 1214 erat.

189 1241 317 1297 Quis
342 1249 464 1289 tunc
492 1250 580 1290 aut
608 1242 839 1308 Hyadas,
859 1252 946 1291 aut
969 1243 1209 1292 Pleiades
1230 1243 1499 1291 Atlanteas
1528 1245 1620 1290 105

262 1320 521 1379 Senserat,
551 1330 638 1370 aut
663 1322 892 1385 geminos
919 1338 1033 1371 esse
1060 1323 1154 1369 sub
1181 1337 1277 1369 axe
1304 1321 1483 1386 polos?

188 1484 262 1517 cet,
299 1478 386 1520 quod
415 1479 568 1511 Heinsius
598 1481 740 1522 quinque
771 1480 867 1512 MSS.

189 1528 286 1560 codd.
304 1529 494 1561 auctoritate
510 1530 543 1561 in
564 1538 705 1562 constant
721 1531 871 1562 mutavit.

188 1579 279 1611 Tunc
310 1580 433 1611 Albana
474 1586 608 1621 tempora
646 1586 720 1611 sunt
750 1580 871 1611 Albani

190 1639 330 1661 menses.
368 1629 513 1662 Durities
529 1636 638 1662 tamen
655 1630 806 1672 quaedam
822 1630 871 1661 in-

190 1685 240 1711 est
255 1678 289 1710 in
304 1678 361 1711 illa
377 1680 614 1722 conjunctione,
633 1680 794 1716 Aricinos,
814 1680 871 1710 Al-

188 1731 275 1762 bana
305 1736 459 1774 tempora,
490 1737 522 1762 et
551 1731 705 1773 Telegoni
742 1731 873 1762 moenia.

192 1781 373 1823 Telegonus,
413 1781 525 1813 Circes
561 1782 656 1818 filius,
695 1781 873 1812 Tusculum

193 1831 356 1871 condidit3
369 1831 478 1868 Silius,
488 1831 543 1863 vii.
553 1832 629 1863 692.
655 1831 731 1862 Vid.
742 1831 874 1863 Cluver.

192 1882 268 1914 Ital.
283 1881 417 1924 antiqua
433 1882 478 1913 iii.
495 1883 533 1912 4:
559 1887 591 1913 et
607 1881 690 1913 infra
706 1881 746 1912 ad
763 1881 806 1912 iv.
822 1882 874 1912 71.

235 1933 290 1964 93.
337 1933 504 1974 AEquz'colz',
535 1937 590 1963 aut
625 1932 787 1973 AE'quiculi
819 1937 875 1962 aut

194 1983 300 2024 AEwi,
316 1982 357 2013 ad
373 1988 543 2024 utramque
559 1981 694 2013 Anienis
709 1983 809 2024 ripam
826 1981 874 2012 in-

194 2033 350 2070 colentes,
370 2043 449 2074 gens
479 2032 547 2064 fera
577 2037 610 2063 et
635 2031 779 2072 agrestis,
803 2041 873 2073 quae

194 2088 318 2114 armata
345 2088 462 2114 terram
490 2082 673 2118 exercebat,
696 2088 815 2113 venatu
843 2086 876 2112 et

192 2139 284 2177 rapto
299 2133 428 2164 vivebat
442 2144 452 2172 3
468 2133 602 2165 AEneid.
619 2132 675 2164 vii.
689 2133 875 2164 746—749.

195 2184 281 2215 Hinc
305 2194 392 2224 asper
407 2183 613 2225 AEquieolus.
660 2183 737 2213 AEn.
753 2193 784 2213 v.
798 2183 875 2213 730.

195 2239 314 2276 “gens
347 2233 428 2265 dura
462 2239 559 2276 atque
593 2243 708 2276 aspera
741 2232 876 2264 cultu:''

196 2295 269 2327 quae
296 2284 360 2316 vita
388 2295 495 2324 aspera
517 2284 593 2315 AEn.
617 2283 662 2314 ix.
688 2283 877 2314 603—613.

196 2333 324 2377 plenius
347 2333 549 2365 describitur.
597 2334 684 2364 Ante
709 2331 879 2364 Heinsium

197 2384 291 2416 edeb.
306 2395 388 2415 acer.
425 2385 452 2415 A
469 2384 569 2414 tribus
582 2384 712 2423 primus,
727 2388 800 2425 post
817 2387 880 2413 tres

198 2444 324 2466 menses
340 2433 479 2476 primus,
491 2444 566 2475 ergo
581 2439 725 2475 quartus.
774 2432 880 2462 Turba

200 2485 357 2521 Curensis,
386 2483 499 2515 incolae
534 2482 680 2519 Curium,
709 2492 781 2524 quae
819 2481 881 2513 fuit

199 2534 384 2577 metropolis
398 2534 598 2565 Sabinorum.
638 2533 746 2574 Vulgo
761 2532 879 2563 Foren-

199 2588 238 2617 sis
249 2597 261 2624 ς
279 2590 356 2616 tunc
370 2584 524 2625 Scaliger,
536 2583 728 2615 assentiente
742 2583 774 2613 N
777 2582 882 2624 eapol.

199 2635 332 2667 Forulos
346 2634 560 2676 intelligebat,
577 2632 770 2664 Sabinorum
790 2630 881 2674 oppi-

202 2684 301 2724 dum3
331 2684 385 2715 sed
413 2683 484 2715 vide
509 2684 623 2715 Burm.
669 2682 776 2714 Sabini
801 2681 883 2713 anti-

202 2734 348 2777 quissimi
386 2733 493 2776 stirpis
521 2733 685 2765 Ausoniae.
739 2732 793 2764 Ad
829 2742 884 2764 eos

206 2785 333 2827 Peligni
345 2795 420 2816 cum
435 2784 506 2816 aliis
519 2784 676 2826 originem
689 2782 886 2822 referebant3

251 2836 355 2868 VOL.
379 2835 424 2866 V.

939 1480 1048 1523 Heyn.
1066 1481 1147 1511 Exc.
1162 1480 1206 1511 iv.
1225 1479 1266 1511 ad
1283 1480 1363 1510 AEn.
1381 1478 1436 1510 vii.
1460 1479 1624 1520 Metropo-

941 1530 979 1561 lis
1003 1541 1110 1561 eorum
1135 1530 1256 1565 Sulmo,
1273 1528 1378 1571 patria
1401 1527 1532 1567 Ovidii;
1557 1529 1624 1560 111.

941 1581 1069 1612 Amorr.
1087 1592 1139 1611 xv.
1157 1581 1188 1611 8.
1234 1579 1374 1621 Peligni,
1394 1585 1429 1610 ut
1449 1578 1551 1610 Marsi
1576 1578 1621 1609 vi-

941 1630 1017 1667 cini,
1036 1631 1132 1662 fortes
1150 1632 1260 1662 milites
1276 1636 1378 1661 erant.

986 1683 1040 1714 99.
1071 1682 1122 1712 De
1148 1690 1279 1712 numero
1309 1679 1466 1711 mensium
1494 1679 1622 1721 repetit,

943 1732 1030 1773 quod
1056 1731 1124 1773 jam
1153 1731 1173 1762 i.
1198 1732 1341 1762 27—44.
1366 1729 1528 1760 tractavit.
1575 1729 1626 1760 Ibi

942 1782 1078 1824 primam
1093 1781 1162 1824 ejus
1176 1781 1300 1811 numeri
1313 1778 1627 1816 causam,inscitiam

942 1837 1087 1862 veterum
1119 1832 1338 1862 Romanorum
1370 1830 1465 1860 verbo
1496 1833 1624 1859 tantum

944 1881 1061 1924 tetigit.
1108 1882 1227 1912 Veram
1253 1886 1372 1916 autem,
1390 1889 1505 1921 nempe
1523 1878 1625 1910 Alba-

944 1943 1001 1963 nos
1021 1931 1066 1964 ita
1091 1931 1236 1962 divisisse
1261 1941 1381 1962 annum
1402 1935 1536 1971 utroque
1557 1929 1627 1960 loco

944 1981 1063 2013 omisit.
1121 1981 1238 2012 Verbis
1265 1983 1362 2012 victas
1386 1980 1550 2011 victoribus
1578 1978 1627 2010 lu-

945 2031 1019 2062 dere
1036 2031 1148 2068 voluit,
1160 2037 1197 2061 ut
1212 2031 1325 2061 Horat.
1336 2030 1382 2061 H.
1396 2028 1498 2072 Epist.
1509 2028 1531 2059 i.
1546 2029 1625 2060 156:

945 2086 967 2099 “
986 2081 1114 2113 Graecia
1130 2086 1226 2124 capta
1243 2081 1344 2111 ferum
1362 2080 1515 2111 victorem
1531 2078 1629 2121 cepit,

946 2137 979 2163 et
1002 2138 1086 2163 artes
1110 2130 1225 2162 Intulit
1248 2130 1365 2172 agresti
1389 2128 1517 2160 Latio.''
1564 2127 1630 2159 Ubi

946 2181 1083 2224 populus
1093 2180 1245 2217 vincitur,
1258 2180 1429 2212 vincuntur
1441 2179 1539 2210 etiam
1556 2189 1629 2221 quae

947 2231 1017 2274 ejus
1043 2237 1129 2263 sunt.
1177 2229 1331 2262 Similiter
1355 2229 1453 2261 ovid.
1476 2240 1585 2271 supra.
1607 2229 1630 2260 i.

947 2283 1026 2313 523.
1039 2284 1120 2313 victa
1136 2288 1236 2313 tamen
1250 2283 1350 2312 vinces
1359 2280 1447 2311 lusit.
1472 2279 1630 2311 Krebsius

948 2333 1047 2363 victas
1082 2331 1213 2374 interpr.
1242 2336 1363 2374 spretas
1403 2341 1423 2361 a
1460 2329 1631 2362 Romanis.

951 2382 1037 2413 Male
1049 2381 1151 2424 forte,
1167 2392 1280 2424 parurn
1303 2380 1397 2417 forte,
1422 2379 1533 2417 molle,
1550 2389 1630 2422 qua-

949 2438 1042 2464 tenus
1056 2431 1228 2463 succubuit
1244 2430 1413 2462 Romanis.

997 2483 1070 2513 105.
1093 2480 1330 2513 Astronomiam
1352 2479 1553 2523 potissimum
1575 2491 1629 2511 no-

950 2532 1062 2569 minat,
1073 2531 1150 2574 quia
1164 2530 1240 2562 inde
1256 2529 1407 2573 temporis
1422 2529 1536 2561 divisio
1552 2540 1630 2572 pen-

950 2582 1018 2614 det.
1063 2582 1126 2613 Sub
1149 2593 1216 2618 axe,
1240 2581 1274 2612 in
1296 2581 1360 2612 fine
1389 2585 1524 2621 utroque
1550 2578 1632 2610 axis.

953 2632 1127 2673 Cynosura,
1163 2631 1280 2662 Arctos
1325 2629 1441 2661 minor.
1510 2628 1632 2670 Hygin.

956 2681 1046 2713 Poet.
1062 2681 1191 2713 Astron.
1213 2681 1247 2712 ii.
1264 2681 1298 2712 2.
1321 2690 1395 2723 pag.
1410 2679 1493 2711 366:
1519 2683 1540 2696 “
1553 2678 1632 2709 Om-

955 2743 1010 2763 nes
1034 2732 1089 2774 qui
1111 2732 1372 2774 Peloponnesum
1392 2728 1551 2765 incolunt,
1570 2727 1634 2771 pri-

953 2792 1006 2814 ore
1030 2786 1163 2813 utuntur
1183 2781 1304 2820 Arcto,
1330 2779 1502 2811 Phoenices
1525 2783 1633 2809 autem

1089 2831 1121 2862 R
