1830 3220
555 159 905 202 FASTORUM
942 161 1063 203 LIB.
1098 161 1183 205 VI.

1505 165 1592 207 329

164 274 403 324 Creditur
428 275 673 324 armiferae
700 277 903 341 signum
928 278 1135 327 coeleste
1164 277 1408 328 Minervae

232 353 382 402 Urbis
410 356 458 402 in
487 354 654 403 Iliacae
681 355 951 404 desiluisse
972 357 1115 420 juga.

162 431 300 480 Cura
324 432 494 481 videre
520 432 641 481 fuit:
682 433 783 480 vidi
811 434 1163 498 templumque
1189 436 1489 500 locumque;

227 509 339 558 Hoc
366 518 600 575 superest
626 510 725 558 illi:
770 509 985 560 Pallada
1012 511 1178 560 Roma
1202 520 1359 562 tenet.

159 587 456 637 Consulitur
469 589 787 643 Smintheus;
811 589 1030 653 lucoque
1046 590 1292 639 obscurus
1309 608 1472 657 opaco
1482 595 1581 641 425

225 666 334 715 Hos
362 684 463 716 non
489 668 701 717 mentito
729 668 952 716 reddidit
977 684 1062 716 ore
1088 686 1270 717 sonos:

154 745 435 795 AEtheriam
462 755 657 795 servate
682 747 859 805 deam;

902 748 1167 796 servabitis
1194 749 1370 797 urbem
1391 767 1401 797 :

223 824 501 889 Imperium
528 842 704 879 secum
730 825 1002 874 transferet
1027 826 1112 874 illa
1137 827 1250 875 loci.

154 903 350 961 Servat,
380 911 432 953 et
456 905 702 953 inclusam
730 921 929 952 sumnia
954 912 1096 953 tenet
1122 904 1229 952 Ilus
1257 904 1306 952 in
1333 922 1446 954 arce
1470 925 1480 964 ;

222 982 464 1047 Curaque
491 983 554 1031 ad
581 984 836 1032 haeredem
866 983 1215 1032 Laomedonta
1239 986 1391 1032 venit.

1478 988 1578 1033 430

153 1061 262 1109 Sub
288 1060 494 1110 Priamo
521 1074 719 1111 servata
743 1079 949 1127 parum:
993 1063 1064 1110 sic
1093 1063 1204 1126 ipsa
1227 1063 1449 1120 volebas,

221 1139 302 1188 Ex
328 1157 429 1205 quo
449 1142 644 1206 judicio
671 1141 831 1190 forma
855 1141 1046 1190 revicta
1070 1148 1159 1189 tua
1183 1148 1279 1189 est.

153 1220 257 1269 Seu
283 1237 444 1284 genus
471 1220 693 1278 Adrasti,
724 1238 811 1269 seu
838 1221 983 1269 furtis
1011 1227 1159 1285 aptus
1188 1220 1388 1276 Ulixes,

220 1298 323 1347 Seu
350 1300 463 1364 pius
489 1299 693 1355 AEneas,
722 1299 968 1364 eripuisse
997 1299 1163 1346 datur.

148 1377 341 1426 Auctor
366 1378 416 1424 in
443 1378 664 1426 incerto:
706 1394 785 1426 res
812 1384 892 1424 est
918 1376 1181 1434 Romana;
1224 1383 1396 1424 tuetur

1473 1380 1573 1425 435

217 1455 394 1514 Vesta,
424 1457 562 1521 quod
590 1457 805 1505 adsiduo
831 1456 1022 1504 lumine
1049 1462 1235 1504 cuncta
1259 1455 1412 1504 videt.

146 1667 357 1705 Dardaniam,
373 1669 482 1700 urbem
499 1668 539 1700 ad
557 1668 649 1700 Idam
666 1674 820 1704 montem,

145 1718 302 1750 condidit.
333 1719 412 1761 Ejus
439 1730 595 1762 pronepos
625 1719 691 1750 Ilus
715 1724 823 1750 autem

145 1780 225 1799 nova
251 1769 473 1811 moeniafecit,
501 1769 596 1801 Ilion.
644 1769 740 1806 Cura,
760 1775 823 1801 etc.

145 1819 211 1850 Iter
240 1818 316 1849 olim
343 1819 495 1851 Ovidium
528 1819 641 1851 fecisse
670 1819 702 1850 in
732 1818 823 1856 Asia,

145 1868 397 1911 magnificasque
413 1869 483 1911 ejus
499 1870 594 1901 urbes
614 1870 822 1912 perspexisse,

144 1929 184 1950 ex
202 1919 217 1949 I
233 1919 329 1951 Trist.
344 1919 379 1950 ii.
398 1920 452 1950 77.
470 1920 516 1952 ΙΙ.
532 1931 570 1951 ex
590 1920 705 1956 Ponto,
723 1932 753 1951 x.
767 1921 821 1952 21.

143 1974 288 2012 apparet.
339 1970 496 2010 Templum
518 1970 599 2001 illud
614 1970 663 2002 bis
678 1970 822 2002 deletum

143 2026 203 2056 est,
227 2020 313 2051 bello
332 2019 555 2052 Mithridatico
578 2027 610 2052 et
631 2031 649 2052 a
669 2020 821 2052 Fimbria.

143 2070 234 2102 Prius
257 2070 448 2102 instauravit
469 2071 689 2113 Lysimachu3‚
711 2077 816 2114 poste-

143 2121 209 2152 rius
224 2120 317 2152 aJius.

187 2171 266 2202 425.
291 2170 476 2206 Smintheus.
501 2172 674 2214 Σμινθεὺς,
701 2171 819 2215 Apollo

143 2219 332 2258 Sminthius,
346 2220 434 2252 haud
448 2221 545 2253 dubie
562 2232 581 2252 a
595 2221 740 2252 Sminthe
753 2222 819 2252 sive

142 2271 301 2317 S‘mintho,
331 2272 409 2302 urbe
441 2271 586 2308 Troadis,
617 2271 663 2303 sic
694 2271 819 2310 dictus3

143 2321 253 2363 Heyn.
273 2320 306 2351 in
331 2321 516 2353 Observatt.
533 2321 574 2352 ad
598 2322 695 2353 Hom.
714 2321 754 2352 Il.
775 2325 818 2353 A.

142 2372 199 2403 39.
245 2371 435 2407 AEtheream,
454 2382 494 2402 ex
510 2371 629 2403 aethere
644 2371 819 2414 delapsam.

142 2421 318 2457 Sei-vabitis,
335 2426 396 2452 etc.
417 2420 538 2462 Pignus
556 2420 679 2463 imperii
699 2421 818 2452 descri-

142 2470 238 2503 bitur.
271 2470 459 2512 Disputant,
470 2476 577 2502 utrum
588 2470 701 2502 eadem
713 2470 818 2507 fuerit,

141 2521 234 2564 cujus
255 2521 289 2551 in
311 2530 384 2551 arce
406 2520 458 2551 Ilii
480 2521 590 2563 positae
609 2521 744 2563 genibus
763 2531 819 2563 pe-

140 2571 230 2614 plum
247 2570 394 2613 Trojanae
414 2570 562 2602 mulieres
583 2575 759 2613 apponunt,
779 2570 820 2602 ΙΙ.

142 2625 178 2653 Ζ.
193 2622 270 2653 273.
291 2631 332 2652 an
351 2621 391 2652 ab
412 2631 452 2653 ea
470 2621 615 2660 diversa3
639 2621 712 2652 vide
730 2622 819 2663 Hey-

143 2671 188 2704 nii
202 2682 325 2703 excurs.
341 2671 387 2702 ix.
404 2671 444 2702 ad
461 2671 593 2703 AEneid.
611 2670 643 2703 ii.

187 2723 264 2753 432.
287 2722 339 2753 De
358 2723 485 2762 ,judicio
507 2721 632 2753 Paridis
655 2721 729 2753 vide
753 2733 820 2754 ver.

147 2773 198 2804 15.
244 2772 295 2804 De
325 2772 472 2804 Palladio
496 2777 587 2815 rapto
609 2772 702 2804 variae
729 2778 820 2804 erant

894 1666 1093 1699 traditiones.
1139 1667 1322 1699 Secundum
1340 1667 1430 1704 alios,
1444 1667 1574 1699 Diome-

892 1719 948 1750 des
969 1724 1001 1751 et
1022 1719 1153 1760 Ulysses
1175 1718 1376 1749 abstulerunt
1400 1724 1474 1749 ante
1493 1718 1572 1749 'l'ro-

887 1769 954 1811 jam
969 1775 1094 1811 captam
1110 1781 1117 1806 ;
1134 1769 1211 1799 AEn.
1227 1767 1260 1799 ii.
1280 1769 1340 1799 164
1355 1779 1436 1810 sqq:
1457 1779 1572 1800 secun-

892 1819 968 1850 dum
989 1819 1079 1855 alios,
1096 1819 1135 1849 ab
1155 1818 1317 1849 Antenore
1339 1819 1498 1860 proditum
1522 1824 1572 1850 est

892 1868 1036 1900 Achivis.
1094 1868 1210 1904 Furta,
1251 1878 1299 1898 res
1341 1868 1570 1907 clandestinae;

892 1919 974 1950 Met.
999 1917 1066 1949 xiii.
1094 1919 1167 1948 104.
1187 1918 1227 1948 de
1249 1917 1382 1959 Ulysse:
1410 1918 1499 1949 furtis
1522 1919 1570 1950 in-

892 1976 1023 2000 cautum
1054 1968 1174 2011 decipit
1204 1968 1364 1999 hostem.’'
1413 1968 1571 2000 Nonnulli

891 2018 1072 2054 tradebant,
1089 2018 1220 2049 Graecos
1232 2018 1436 2049 simulacrum
1450 2017 1490 2049 ad
1504 2018 1571 2049 veri

888 2067 1132 2100 similitudinem
1145 2067 1309 2110 eripuisse,
1322 2068 1450 2099 AEvneam
1462 2073 1570 2099 autem

887 2119 932 2151 rei
948 2129 1083 2160 gnarum
1104 2117 1257 2150 adtulisse
1275 2128 1381 2149 verum
1397 2131 1404 2157 ;
1429 2117 1566 2161 Dionys.

889 2169 1057 2200 Halicarn.
1074 2168 1107 2199 ii.
1123 2169 1176 2200 66.
1225 2169 1343 2205 Datur,
1364 2168 1397 2199 id
1417 2175 1475 2205 est,
1495 2178 1568 2200 nar-

889 2225 987 2251 ratur.

935 2271 1010 2301 435.
1041 2270 1147 2300 Locus
1181 2268 1258 2300 mihi
1296 2279 1392 2300 sanus
1429 2268 1566 2301 videtur.

890 2319 1086 2361 Quicunque
1109 2318 1292 2350 Palladium
1312 2319 1463 2361 rapuerit,
1480 2325 1567 2351 certe

890 2370 1003 2400 Romae
1033 2375 1092 2406 est,
1122 2369 1230 2411 ibique
1259 2376 1403 2400 servatur
1433 2369 1466 2400 in
1495 2369 1565 2401 aede

889 2420 1011 2456 Vestae,
1032 2429 1104 2461 quae
1129 2418 1162 2449 id
1186 2424 1307 2455 tuetur,
1335 2419 1411 2461 quia
1435 2419 1467 2450 in
1491 2418 1565 2461 igne

888 2476 1041 2512 perpetuo
1057 2469 1169 2513 templi
1185 2469 1234 2500 sui
1255 2469 1363 2501 omnia
1377 2469 1484 2510 videt3
1508 2470 1565 2502 sed

888 2520 1041 2552 Heinsius
1067 2520 1263 2562 corrigebat:
1294 2531 1399 2561 praeses
1423 2521 1565 2552 Romana

889 2578 1017 2610 tuetur;
1049 2573 1128 2614 quod
1154 2573 1284 2604 adsiduo
1314 2573 1431 2604 lumine
1443 2575 1563 2613 juncta

890 2623 945 2663 (ut
969 2621 1150 2653 Gronovius
1168 2621 1328 2662 suaserat)
1348 2623 1452 2659 waiet,-
1478 2621 1562 2664 quod

888 2671 975 2704 videt
986 2672 1135 2715 junctum
1147 2672 1254 2704 Vestae
1267 2672 1460 2708 Palladium,
1473 2682 1561 2703 nem-

887 2734 928 2765 pe
944 2722 1028 2765 quod
1044 2722 1156 2754 eodem
1174 2723 1292 2766 templo
1310 2728 1358 2754 est
1377 2723 1435 2754 sub
1454 2722 1560 2754 Vestae

890 2773 1003 2805 tutela.

1025 2824 1051 2854 U
1071 2834 1088 2854 u
