1809 3220
162 190 249 234 338
546 191 597 233 P.
633 189 840 233 OVIDII
873 190 1157 233 NASONIS

166 309 278 358 Lux
299 310 494 366 eadem,
518 309 755 367 Fortuna,
776 316 864 357 tua
878 316 972 367 est,
991 316 1285 372 auctorque,
1303 308 1579 371 locusque;

234 389 339 438 Sed
365 387 720 453 superinjectis
746 387 862 452 quis
889 388 1014 436 latet
1038 387 1146 435 aede
1172 386 1300 451 togis
1321 387 1340 434 ἲ
1485 388 1584 434 570

166 468 370 517 Servius
397 474 503 516 est:
545 467 641 515 hoc
669 474 869 515 constat
892 466 1056 525 enim3
1098 465 1189 514 sed
1216 481 1370 514 causa
1393 463 1585 513 latendi

233 546 534 611 Discrepat3
565 553 616 594 et
635 545 846 593 dubium
868 561 949 593 me
969 561 1173 609 quoque
1200 544 1383 592 mentis
1409 543 1581 592 habet.

164 625 301 674 Dum
327 625 425 673 dea
448 624 657 673 furtivos
684 624 860 673 timide
887 624 1150 689 profitetur
1174 640 1387 680 amores,

233 704 616 768 Coelestemque
641 703 833 751 homini
859 702 1197 751 concubuisse
1223 703 1414 768 pudet3

165 782 305 832 Arsit
330 783 465 832 enim
491 799 676 846 magna
701 789 933 847 correpta
956 781 1195 847 cupidine
1221 781 1369 844 regis,
1483 782 1580 828 575

233 862 489 927 Caecaque
517 862 566 909 in
592 862 687 910 hoc
714 878 815 909 uno
841 878 940 909 non
965 860 1059 908 fuit
1083 860 1169 908 illa
1191 861 1324 908 viro:

164 940 331 989 Nocte
355 941 561 989 domum
587 956 743 1005 parva
768 939 916 988 solita
940 946 1019 987 est
1050 939 1234 986 intrare
1260 937 1510 995 fenestra3

234 1019 386 1067 Unde
416 1019 717 1068 Fenestellae
744 1018 949 1066 nomina
974 1024 1119 1082 porta
1143 1024 1299 1066 tenet.

169 1097 320 1146 Nunc
348 1098 524 1164 pudet,
554 1106 604 1147 et
628 1099 796 1146 vultus
821 1098 1071 1146 velamine
1096 1097 1230 1146 celat
1253 1103 1476 1154 amatos3

235 1177 442 1242 Oraque
469 1185 586 1226 sunt
612 1178 771 1226 multa
795 1178 934 1242 regia
959 1184 1095 1226 tecta
1120 1184 1253 1240 toga.
1487 1177 1586 1223 580

165 1256 246 1304 An
271 1256 432 1321 magis
459 1264 537 1305 est
561 1273 749 1314 verum,
772 1264 888 1321 post
912 1255 1043 1304 Tulli
1063 1255 1240 1304 funera
1263 1255 1466 1321 plebem

236 1335 513 1385 Confusam
538 1336 725 1401 placidi
751 1343 910 1385 morte
936 1336 1092 1384 fuisse
1117 1335 1294 1384 ducis?

210 1539 398 1571 569—636.
425 1539 536 1571 Eodem
561 1542 610 1571 die
640 1540 763 1572 Servius
792 1552 843 1571 rer

165 1589 311 1621 Fortunae
341 1592 484 1631 templum
519 1593 682 1626 dedicarit,
713 1591 745 1621 in
780 1602 843 1633 quo

165 1639 245 1682 regis
275 1646 382 1672 statua
413 1641 494 1682 togis
520 1647 606 1672 tecta
643 1642 844 1673 cernebatur.

164 1691 282 1721 Eorum
312 1698 570 1732 tegumentorum
599 1702 712 1723 causas
741 1691 845 1722 adfert

163 1745 238 1777 treS‚
255 1746 351 1783 atque
369 1741 415 1772 ita
430 1741 587 1772 immiscet
604 1748 725 1784 partem
740 1752 843 1773 rerum

164 1790 206 1822 ad
221 1791 365 1822 Servium
382 1792 621 1834 pertinentium.
647 1793 718 1823 Lux
729 1795 842 1830 eadem,

164 1848 340 1883 auctorque.
359 1843 509 1884 locusque,
526 1842 611 1874 idem
633 1843 772 1879 Servius,
788 1843 843 1886 qui

164 1892 303 1924 Matutae
317 1892 469 1935 templum
483 1892 573 1924 dedit
584 1894 669 1935 (ver.
680 1893 773 1935 480.)
786 1894 844 1925 tibi

165 1952 294 1984 quoque
321 1942 433 1974 eodem
460 1942 543 1980 loco,
568 1942 600 1974 in
627 1942 692 1974 soro
719 1943 842 1981 boario,

164 1991 342 2034 eodemque
358 1991 422 2029 die,
439 1992 539 2024 aedem
555 1992 728 2025 dedicavit.
774 1994 844 2025 Ser-

164 2041 252 2072 vium
278 2041 425 2073 Fortunae
449 2041 583 2074 diversis
607 2043 666 2074 sub
692 2042 844 2075 nominib.

165 2090 288 2133 templa
303 2090 518 2134 dedisse‚jarn
535 2091 576 2123 ad
591 2092 632 2123 iv.
648 2093 721 2124 145.
734 2103 751 2124 e
766 2093 842 2124 Plu-

166 2140 288 2178 tarcho,
318 2141 444 2179 Quaest.
470 2142 608 2174 Roman.
633 2154 664 2185 p.
694 2144 767 2176 135.
792 2143 842 2174 ed.

166 2190 279 2223 Reisk.
297 2191 475 2225 docuimus.
523 2194 596 2224 Huc
615 2193 759 2236 inprimis
774 2204 844 2237 per-

167 2241 247 2274 tinet
264 2242 398 2285 Dionys.
411 2243 577 2275 Halicarn.
589 2243 631 2275 iv.
642 2245 696 2275 27.
710 2244 764 2276 ubi
781 2251 844 2276 tra-

167 2292 225 2330 dit,
253 2293 398 2324 Servium
427 2294 569 2325 Tullium
599 2295 756 2331 Fortunae,
781 2306 846 2338 qua

167 2353 294 2374 omnem
310 2354 365 2387 per
378 2344 474 2376 vitam
491 2345 633 2376 secunda
649 2356 724 2377 usus
740 2345 845 2383 suerit,

167 2393 288 2435 templa
304 2393 367 2424 duo
383 2393 568 2431 aedificasse,
585 2396 721 2427 alterum
742 2395 844 2427 scilic.

169 2442 202 2474 in
226 2443 334 2474 boario
358 2443 434 2480 foro,
452 2444 586 2476 alterum
610 2445 650 2476 ad
674 2445 776 2488 ripam
793 2445 846 2477 Ti-

166 2492 263 2530 beris,
279 2493 490 2536 eamdemque
511 2494 603 2526 deam
619 2495 754 2526 Virilem
773 2506 846 2527 eum

166 2543 357 2586 appellasse.
403 2543 507 2580 Idem,
532 2555 586 2587 cp.
608 2546 663 2576 40.
689 2545 789 2582 addit,
812 2546 845 2577 in

166 2593 267 2625 altero
290 2594 385 2625 fuisse
407 2599 545 2625 statuam
562 2594 631 2637 ejus
651 2594 792 2637 ligneam
811 2602 844 2628 et

166 2642 366 2683 inauratam3
397 2649 505 2675 statua
530 2643 587 2675 illa
612 2644 736 2676 duabus
762 2645 843 2688 togis

167 2692 388 2735 superinjectis
415 2699 502 2725 tecta
535 2700 615 2726 erat.
670 2695 772 2726 Varro
801 2695 842 2727 de

168 2741 248 2774 Vita
275 2743 384 2786 populi
416 2743 554 2775 Romani
584 2744 668 2788 apud
699 2745 842 2777 Nonium

169 2792 274 2826 Marc.
287 2801 481 2832 narraverat,
498 2794 557 2826 hoc
579 2795 704 2838 signum
720 2796 754 2827 in
773 2796 841 2827 Vir-

910 1543 993 1582 ginis
1008 1540 1104 1581 (sorte
1124 1537 1251 1579 Virilis)
1274 1538 1418 1569 Fortuna
1433 1538 1494 1568 crde
1509 1537 1586 1567 dua-

911 1591 964 1621 bus
980 1592 1142 1621 undulatis
1159 1592 1235 1633 togis
1249 1600 1307 1620 esse
1323 1594 1473 1629 opertum.
1519 1585 1586 1617 Pli-

911 1641 993 1677 nius,
1018 1641 1104 1671 Hist.
1130 1641 1245 1672 Natur.
1260 1639 1327 1671 viii.
1343 1639 1404 1670 74:
1430 1636 1586 1668 “factam

912 1691 951 1722 ab
971 1701 1010 1722 ea
1026 1690 1234 1733 (Tarmquile)
1255 1696 1361 1731 togam
1382 1688 1501 1730 regiam
1526 1697 1584 1718 un-

912 1740 1056 1772 dulatam
1073 1741 1105 1772 in
1121 1740 1190 1772 aede
1207 1741 1365 1777 Fortunae,
1381 1749 1446 1782 qua
1460 1737 1588 1770 Servius

911 1790 1037 1822 Tullius
1052 1790 1155 1822 suerat
1172 1791 1281 1823 usus.'’

957 1841 1035 1872 572.
1062 1841 1236 1882 Discreput,
1252 1851 1315 1872 non
1340 1850 1404 1871 uno
1422 1837 1516 1871 modo
1533 1837 1590 1870 ad-

913 1892 1022 1923 fertur.
1069 1892 1191 1923 Dubius
1206 1894 1324 1928 mentis,
1338 1897 1373 1922 ut
1383 1890 1503 1928 Livius,
1519 1889 1540 1921 i.
1557 1890 1589 1921 7.

912 1944 1049 1974 incertus
1063 1944 1173 1974 animi.
1207 1942 1293 1981 Quia
1306 1942 1433 1974 Servius
1448 1942 1589 1973 Fortuna

913 2003 1037 2036 semper
1053 2004 1127 2025 usus
1149 2000 1218 2025 erat
1239 1993 1392 2030 secunda,
1407 1992 1482 2024 inde
1496 1991 1589 2024 fluxit

913 2043 1031 2075 fabella
1051 2043 1132 2081 haec,
1155 2054 1250 2086 quam
1278 2045 1374 2076 etiam
1395 2043 1588 2075 Plutarchus

913 2092 953 2125 de
981 2094 1069 2125 Fort.
1099 2094 1239 2126 Roman.
1265 2101 1342 2127 tom.
1368 2093 1422 2125 vii.
1451 2105 1484 2137 p.
1510 2094 1586 2126 279.

912 2143 1024 2175 Reisk.
1061 2145 1176 2176 refert:
1205 2145 1307 2177 ‘'Qare
1345 2146 1400 2176 καὶ
1436 2146 1586 2176 συνεῖναι

913 2192 1023 2226 δοκεῖν
1041 2195 1134 2237 αὐτῷ
1154 2196 1220 2235 τὴν
1236 2195 1347 2238 τύχην
1360 2193 1411 2227 διά
1427 2207 1518 2233 τινος
1532 2195 1588 2228 Θυ-

912 2243 1002 2287 ρίόος
1030 2244 1309 2287 καταβαίνουσαν
1336 2246 1381 2284 εἰς
1408 2246 1445 2277 τὸ
1479 2244 1588 2289 δωμά-

914 2307 998 2331 τιον,
1014 2296 1031 2326 ὃ
1055 2296 1120 2327 νῦν
1143 2295 1375 2328 Φενεστέλλαν
1395 2295 1513 2335 πύλην
1528 2307 1585 2327 κα-

913 2346 1043 2377 λοῦσιν.
1090 2346 1184 2377 Conf.
1213 2346 1310 2384 idem,
1339 2347 1463 2385 Quaest.
1490 2345 1587 2378 Rom.

913 2406 987 2438 pag.
1010 2396 1085 2427 106.

958 2447 1034 2478 581.
1055 2446 1168 2479 Altera
1193 2458 1309 2479 causa:
1336 2446 1434 2478 etiarn
1461 2447 1587 2491 Riony-

913 2495 989 2534 sius,
1005 2497 1047 2528 iv.
1064 2498 1118 2528 40.
1140 2503 1258 2536 narrat,
1283 2498 1446 2540 ingentem
1466 2498 1588 2530 tumul-

914 2553 983 2578 tum
1013 2554 1045 2579 et
1074 2548 1232 2580 ululatum
1258 2549 1298 2581 ob
1327 2548 1428 2580 Servii
1454 2553 1587 2582 mortem

911 2603 1014 2628 ortum
1033 2607 1103 2629 esse
1122 2609 1176 2640 per
1200 2604 1299 2630 totam
1316 2599 1438 2630 urbem.
1476 2599 1585 2631 Placi-

912 2649 969 2679 dus
996 2650 1081 2686 dtu,-
1119 2648 1308 2691 Dionysius,
1345 2649 1491 2689 ἐπιεικὴς
1527 2651 1583 2682 καὶ

910 2697 1039 2741 μέτριος
1056 2698 1157 2742 ἀνὴρ.
1195 2701 1237 2732 Et
1258 2701 1352 2741 plebis
1371 2699 1514 2744 inprimis
1526 2711 1581 2732 vo-

910 2747 1067 2780 luntatem
1096 2749 1155 2781 sibi
1187 2749 1436 2790 conciliaverat3
1462 2749 1584 2788 Livius,

910 2796 931 2828 i.
949 2799 1002 2831 46.
