<?xml version="1.0" encoding="UTF-8"?>
<!DOCTYPE html PUBLIC "-//W3C//DTD XHTML 1.0 Transitional//EN"
    "http://www.w3.org/TR/xhtml1/DTD/xhtml1-transitional.dtd">
<html xmlns="http://www.w3.org/1999/xhtml" xml:lang="en" lang="en">
 <head>
  <title>
</title>
<meta http-equiv="Content-Type" content="text/html;charset=utf-8" />
  <meta name='ocr-system' content='tesseract 3.04.00' />
  <meta name='ocr-capabilities' content='ocr_page ocr_carea ocr_par ocr_line ocrx_word'/>
</head>
<body>
  <div class='ocr_page' id='page_1' title='image "./povidiinasonisop05oviduoft_0393.png"; bbox 0 0 1830 3220; ppageno 0'>
   <div class='ocr_carea' id='block_1_1' title="bbox 590 180 1611 226">
    <p class='ocr_par' dir='ltr' id='par_1_1' title="bbox 590 180 1611 226">
     <span class='ocr_line' id='line_1_1' title="bbox 590 180 1611 226; baseline -0.006 1"><span class='ocrx_word' id='word_1_1' title='bbox 590 184 661 226; x_wconf 85' lang='lat' dir='ltr'>IN</span> <span class='ocrx_word' id='word_1_2' title='bbox 696 182 914 226; x_wconf 88' lang='lat' dir='ltr'>OVIDII</span> <span class='ocrx_word' id='word_1_3' title='bbox 951 180 1204 224; x_wconf 81' lang='lat' dir='ltr'>FASTOS.</span> <span class='ocrx_word' id='word_1_4' title='bbox 1524 181 1611 222; x_wconf 74' lang='lat'>365</span> 
     </span>
    </p>
   </div>
   <div class='ocr_carea' id='block_1_2' title="bbox 184 297 1634 2530">
    <p class='ocr_par' dir='ltr' id='par_1_2' title="bbox 184 297 1629 1968">
     <span class='ocr_line' id='line_1_2' title="bbox 185 297 1609 349; baseline -0.005 -4"><span class='ocrx_word' id='word_1_5' title='bbox 185 303 355 346; x_wconf 86' lang='lat' dir='ltr'>Callim.</span> <span class='ocrx_word' id='word_1_6' title='bbox 382 317 479 344; x_wconf 86' lang='lat' dir='ltr'>cnm</span> <span class='ocrx_word' id='word_1_7' title='bbox 503 302 655 343; x_wconf 89' lang='lat' dir='ltr'>eadem</span> <span class='ocrx_word' id='word_1_8' title='bbox 681 303 722 343; x_wconf 92' lang='lat' dir='ltr'>in</span> <span class='ocrx_word' id='word_1_9' title='bbox 744 301 920 349; x_wconf 90' lang='lat' dir='ltr'>Ovidio,</span> <span class='ocrx_word' id='word_1_10' title='bbox 945 300 1000 341; x_wconf 90' lang='lat' dir='ltr'>vi.</span> <span class='ocrx_word' id='word_1_11' title='bbox 1021 299 1122 342; x_wconf 82' lang='lat'>730.</span> <span class='ocrx_word' id='word_1_12' title='bbox 1149 297 1409 347; x_wconf 86' lang='lat' dir='ltr'>consentire,</span> <span class='ocrx_word' id='word_1_13' title='bbox 1433 302 1481 339; x_wconf 88' lang='lat' dir='ltr'>ut</span> <span class='ocrx_word' id='word_1_14' title='bbox 1503 302 1548 338; x_wconf 90' lang='lat' dir='ltr'>et</span> <span class='ocrx_word' id='word_1_15' title='bbox 1569 298 1609 338; x_wconf 88' lang='lat' dir='ltr'>in</span> 
     </span>
     <span class='ocr_line' id='line_1_3' title="bbox 184 368 1611 425; baseline -0.004 -10"><span class='ocrx_word' id='word_1_16' title='bbox 184 375 314 415; x_wconf 89' lang='lat' dir='ltr'>rebus</span> <span class='ocrx_word' id='word_1_17' title='bbox 357 373 526 415; x_wconf 84' lang='lat' dir='ltr'>Graecis</span> <span class='ocrx_word' id='word_1_18' title='bbox 573 387 671 414; x_wconf 88' lang='lat' dir='ltr'>eum</span> <span class='ocrx_word' id='word_1_19' title='bbox 720 372 937 413; x_wconf 82' lang='lat' dir='ltr'>interdum</span> <span class='ocrx_word' id='word_1_20' title='bbox 980 370 1226 425; x_wconf 79' lang='lat' dir='ltr'>respexisse</span> <span class='ocrx_word' id='word_1_21' title='bbox 1270 368 1407 410; x_wconf 88' lang='lat' dir='ltr'>videri</span> <span class='ocrx_word' id='word_1_22' title='bbox 1450 374 1611 424; x_wconf 89' lang='lat' dir='ltr'>posset.</span> 
     </span>
     <span class='ocr_line' id='line_1_4' title="bbox 185 437 1612 498; baseline -0.004 -15"><span class='ocrx_word' id='word_1_23' title='bbox 185 441 393 484; x_wconf 83' lang='lat' dir='ltr'>Attamen</span> <span class='ocrx_word' id='word_1_24' title='bbox 435 442 572 498; x_wconf 82' lang='lat' dir='ltr'>magis</span> <span class='ocrx_word' id='word_1_25' title='bbox 612 442 815 489; x_wconf 83' lang='lat' dir='ltr'>colorem,</span> <span class='ocrx_word' id='word_1_26' title='bbox 858 440 1083 488; x_wconf 84' lang='lat' dir='ltr'>rationem,</span> <span class='ocrx_word' id='word_1_27' title='bbox 1125 445 1169 481; x_wconf 89' lang='lat' dir='ltr'>et</span> <span class='ocrx_word' id='word_1_28' title='bbox 1210 440 1390 480; x_wconf 86' lang='lat' dir='ltr'>formam</span> <span class='ocrx_word' id='word_1_29' title='bbox 1435 453 1491 479; x_wconf 84' lang='lat' dir='ltr'>ex</span> <span class='ocrx_word' id='word_1_30' title='bbox 1533 437 1612 479; x_wconf 89' lang='lat' dir='ltr'>hoc</span> 
     </span>
     <span class='ocr_line' id='line_1_5' title="bbox 184 509 1615 567; baseline -0.003 -13"><span class='ocrx_word' id='word_1_31' title='bbox 184 513 407 567; x_wconf 82' lang='lat' dir='ltr'>scriptore,</span> <span class='ocrx_word' id='word_1_32' title='bbox 440 512 662 554; x_wconf 85' lang='lat' dir='ltr'>materiam</span> <span class='ocrx_word' id='word_1_33' title='bbox 696 512 787 553; x_wconf 87' lang='lat' dir='ltr'>sine</span> <span class='ocrx_word' id='word_1_34' title='bbox 818 512 948 553; x_wconf 89' lang='lat' dir='ltr'>dubio</span> <span class='ocrx_word' id='word_1_35' title='bbox 986 511 1252 566; x_wconf 85' lang='lat' dir='ltr'>potissimum</span> <span class='ocrx_word' id='word_1_36' title='bbox 1282 524 1338 551; x_wconf 82' lang='lat' dir='ltr'>ex</span> <span class='ocrx_word' id='word_1_37' title='bbox 1367 509 1474 558; x_wconf 90' lang='lat' dir='ltr'>aliis,</span> <span class='ocrx_word' id='word_1_38' title='bbox 1507 523 1615 564; x_wconf 93' lang='lat' dir='ltr'>quos</span> 
     </span>
     <span class='ocr_line' id='line_1_6' title="bbox 186 580 1617 636; baseline -0.003 -12"><span class='ocrx_word' id='word_1_39' title='bbox 186 583 389 632; x_wconf 87' lang='lat' dir='ltr'>diximus,</span> <span class='ocrx_word' id='word_1_40' title='bbox 416 583 644 624; x_wconf 88' lang='lat' dir='ltr'>Fastorum</span> <span class='ocrx_word' id='word_1_41' title='bbox 676 582 791 623; x_wconf 90' lang='lat' dir='ltr'>libris</span> <span class='ocrx_word' id='word_1_42' title='bbox 824 589 1015 624; x_wconf 85' lang='lat' dir='ltr'>mutuam</span> <span class='ocrx_word' id='word_1_43' title='bbox 1043 582 1226 636; x_wconf 82' lang='lat' dir='ltr'>accepit.</span> <span class='ocrx_word' id='word_1_44' title='bbox 1292 580 1350 622; x_wconf 88' lang='lat' dir='ltr'>Et</span> <span class='ocrx_word' id='word_1_45' title='bbox 1374 580 1617 621; x_wconf 83' lang='lat' dir='ltr'>luculenter</span> 
     </span>
     <span class='ocr_line' id='line_1_7' title="bbox 186 650 1617 707; baseline -0.003 -13"><span class='ocrx_word' id='word_1_46' title='bbox 186 651 264 694; x_wconf 85' lang='lat' dir='ltr'>hoc</span> <span class='ocrx_word' id='word_1_47' title='bbox 288 667 345 694; x_wconf 78' lang='lat' dir='ltr'>ex</span> <span class='ocrx_word' id='word_1_48' title='bbox 367 667 418 693; x_wconf 88' lang='lat' dir='ltr'>eo</span> <span class='ocrx_word' id='word_1_49' title='bbox 437 658 633 707; x_wconf 87' lang='lat' dir='ltr'>apparet,</span> <span class='ocrx_word' id='word_1_50' title='bbox 652 653 768 707; x_wconf 87' lang='lat' dir='ltr'>quod</span> <span class='ocrx_word' id='word_1_51' title='bbox 791 667 875 693; x_wconf 90' lang='lat' dir='ltr'>non</span> <span class='ocrx_word' id='word_1_52' title='bbox 900 652 1035 692; x_wconf 90' lang='lat' dir='ltr'>solum</span> <span class='ocrx_word' id='word_1_53' title='bbox 1058 652 1099 692; x_wconf 88' lang='lat' dir='ltr'>in</span> <span class='ocrx_word' id='word_1_54' title='bbox 1123 650 1385 705; x_wconf 88' lang='lat' dir='ltr'>explicanda</span> <span class='ocrx_word' id='word_1_55' title='bbox 1406 650 1550 705; x_wconf 89' lang='lat' dir='ltr'>aliqua</span> <span class='ocrx_word' id='word_1_56' title='bbox 1571 664 1617 691; x_wconf 91' lang='lat' dir='ltr'>re</span> 
     </span>
     <span class='ocr_line' id='line_1_8' title="bbox 186 721 1618 784; baseline -0.001 -22"><span class='ocrx_word' id='word_1_57' title='bbox 186 722 565 784; x_wconf 28' lang='lat' dir='ltr'>easdemxsemper</span> <span class='ocrx_word' id='word_1_58' title='bbox 597 737 694 764; x_wconf 91' lang='lat' dir='ltr'>cum</span> <span class='ocrx_word' id='word_1_59' title='bbox 724 722 804 762; x_wconf 89' lang='lat' dir='ltr'>illis</span> <span class='ocrx_word' id='word_1_60' title='bbox 835 722 998 763; x_wconf 88' lang='lat' dir='ltr'>referre</span> <span class='ocrx_word' id='word_1_61' title='bbox 1027 722 1136 763; x_wconf 88' lang='lat' dir='ltr'>solet</span> <span class='ocrx_word' id='word_1_62' title='bbox 1162 721 1414 768; x_wconf 87' lang='lat' dir='ltr'>sententias,</span> <span class='ocrx_word' id='word_1_63' title='bbox 1439 721 1515 761; x_wconf 91' lang='lat' dir='ltr'>sed</span> <span class='ocrx_word' id='word_1_64' title='bbox 1540 735 1618 761; x_wconf 78' lang='lat' dir='ltr'>sae-</span> 
     </span>
     <span class='ocr_line' id='line_1_9' title="bbox 184 790 1619 846; baseline -0.001 -14"><span class='ocrx_word' id='word_1_65' title='bbox 184 791 359 846; x_wconf 87' lang='lat' dir='ltr'>pissime</span> <span class='ocrx_word' id='word_1_66' title='bbox 401 792 517 833; x_wconf 89' lang='lat' dir='ltr'>idem</span> <span class='ocrx_word' id='word_1_67' title='bbox 559 798 605 834; x_wconf 88' lang='lat' dir='ltr'>et</span> <span class='ocrx_word' id='word_1_68' title='bbox 644 792 797 833; x_wconf 81' lang='lat' dir='ltr'>eodem</span> <span class='ocrx_word' id='word_1_69' title='bbox 833 792 926 833; x_wconf 90' lang='lat' dir='ltr'>loco</span> <span class='ocrx_word' id='word_1_70' title='bbox 960 798 1005 833; x_wconf 86' lang='lat' dir='ltr'>et</span> <span class='ocrx_word' id='word_1_71' title='bbox 1041 791 1206 839; x_wconf 83' lang='lat' dir='ltr'>ordine,</span> <span class='ocrx_word' id='word_1_72' title='bbox 1244 805 1329 845; x_wconf 90' lang='lat' dir='ltr'>quo</span> <span class='ocrx_word' id='word_1_73' title='bbox 1366 790 1425 830; x_wconf 91' lang='lat' dir='ltr'>illi</span> <span class='ocrx_word' id='word_1_74' title='bbox 1465 791 1619 831; x_wconf 84' lang='lat' dir='ltr'>afferre</span> 
     </span>
     <span class='ocr_line' id='line_1_10' title="bbox 187 859 1620 903; baseline -0.001 -2"><span class='ocrx_word' id='word_1_75' title='bbox 187 861 340 903; x_wconf 87' lang='lat' dir='ltr'>solent.</span> <span class='ocrx_word' id='word_1_76' title='bbox 410 862 585 903; x_wconf 88' lang='lat' dir='ltr'>Docent</span> <span class='ocrx_word' id='word_1_77' title='bbox 629 861 708 903; x_wconf 91' lang='lat' dir='ltr'>hoc</span> <span class='ocrx_word' id='word_1_78' title='bbox 743 861 812 903; x_wconf 92' lang='lat' dir='ltr'>vel</span> <span class='ocrx_word' id='word_1_79' title='bbox 854 862 1008 903; x_wconf 89' lang='lat' dir='ltr'>breves</span> <span class='ocrx_word' id='word_1_80' title='bbox 1046 860 1192 902; x_wconf 88' lang='lat' dir='ltr'>Verrii</span> <span class='ocrx_word' id='word_1_81' title='bbox 1229 859 1528 901; x_wconf 84' lang='lat' dir='ltr'>adnotationes</span> <span class='ocrx_word' id='word_1_82' title='bbox 1565 860 1620 901; x_wconf 91' lang='lat' dir='ltr'>ad</span> 
     </span>
     <span class='ocr_line' id='line_1_11' title="bbox 190 929 1618 981; baseline 0 -9"><span class='ocrx_word' id='word_1_83' title='bbox 190 930 309 972; x_wconf 90' lang='lat' dir='ltr'>Fast.</span> <span class='ocrx_word' id='word_1_84' title='bbox 341 932 368 972; x_wconf 92' lang='lat' dir='ltr'>i.</span> <span class='ocrx_word' id='word_1_85' title='bbox 399 931 483 981; x_wconf 75' lang='lat'>45;</span> <span class='ocrx_word' id='word_1_86' title='bbox 515 932 628 973; x_wconf 89' lang='lat' dir='ltr'>conf.</span> <span class='ocrx_word' id='word_1_87' title='bbox 656 931 838 973; x_wconf 90' lang='lat' dir='ltr'>Verrius</span> <span class='ocrx_word' id='word_1_88' title='bbox 870 931 921 972; x_wconf 85' lang='lat' dir='ltr'>ad</span> <span class='ocrx_word' id='word_1_89' title='bbox 957 931 998 972; x_wconf 87' lang='lat' dir='ltr'>d.</span> <span class='ocrx_word' id='word_1_90' title='bbox 1031 930 1059 972; x_wconf 79' lang='grc'>2</span> <span class='ocrx_word' id='word_1_91' title='bbox 1086 930 1186 972; x_wconf 88' lang='lat' dir='ltr'>Jan.</span> <span class='ocrx_word' id='word_1_92' title='bbox 1216 931 1267 972; x_wconf 91' lang='lat' dir='ltr'>ad</span> <span class='ocrx_word' id='word_1_93' title='bbox 1299 930 1357 971; x_wconf 88' lang='lat' dir='ltr'>iii.</span> <span class='ocrx_word' id='word_1_94' title='bbox 1385 929 1469 971; x_wconf 82' lang='lat'>97:</span> <span class='ocrx_word' id='word_1_95' title='bbox 1503 930 1618 972; x_wconf 91' lang='lat' dir='ltr'>conf.</span> 
     </span>
     <span class='ocr_line' id='line_1_12' title="bbox 188 999 1619 1049; baseline -0.001 -7"><span class='ocrx_word' id='word_1_96' title='bbox 188 1000 317 1042; x_wconf 88' lang='lat' dir='ltr'>Verr.</span> <span class='ocrx_word' id='word_1_97' title='bbox 344 1001 466 1042; x_wconf 85' lang='lat' dir='ltr'>initio</span> <span class='ocrx_word' id='word_1_98' title='bbox 495 1001 642 1048; x_wconf 72' lang='lat' dir='ltr'>Martii</span> <span class='ocrx_word' id='word_1_99' title='bbox 672 1002 846 1049; x_wconf 88' lang='lat' dir='ltr'>mensis,</span> <span class='ocrx_word' id='word_1_100' title='bbox 872 1000 946 1042; x_wconf 91' lang='lat' dir='ltr'>ubi</span> <span class='ocrx_word' id='word_1_101' title='bbox 975 999 1067 1041; x_wconf 90' lang='lat' dir='ltr'>fere</span> <span class='ocrx_word' id='word_1_102' title='bbox 1095 1000 1250 1041; x_wconf 87' lang='lat' dir='ltr'>eadem</span> <span class='ocrx_word' id='word_1_103' title='bbox 1279 1000 1433 1041; x_wconf 91' lang='lat' dir='ltr'>iisdem</span> <span class='ocrx_word' id='word_1_104' title='bbox 1463 1000 1619 1041; x_wconf 88' lang='lat' dir='ltr'>verbis.</span> 
     </span>
     <span class='ocr_line' id='line_1_13' title="bbox 187 1068 1621 1126; baseline -0.001 -14"><span class='ocrx_word' id='word_1_105' title='bbox 187 1070 320 1112; x_wconf 89' lang='lat' dir='ltr'>Adde</span> <span class='ocrx_word' id='word_1_106' title='bbox 340 1070 474 1112; x_wconf 84' lang='lat' dir='ltr'>multa</span> <span class='ocrx_word' id='word_1_107' title='bbox 491 1086 546 1113; x_wconf 83' lang='lat' dir='ltr'>ex</span> <span class='ocrx_word' id='word_1_108' title='bbox 566 1071 629 1120; x_wconf 87' lang='lat' dir='ltr'>iis,</span> <span class='ocrx_word' id='word_1_109' title='bbox 647 1086 746 1126; x_wconf 80' lang='lat' dir='ltr'>quae</span> <span class='ocrx_word' id='word_1_110' title='bbox 769 1076 922 1126; x_wconf 86' lang='lat' dir='ltr'>postea</span> <span class='ocrx_word' id='word_1_111' title='bbox 945 1085 1000 1111; x_wconf 90' lang='lat' dir='ltr'>ex</span> <span class='ocrx_word' id='word_1_112' title='bbox 1019 1068 1175 1111; x_wconf 89' lang='lat' dir='ltr'>Verrio</span> <span class='ocrx_word' id='word_1_113' title='bbox 1198 1070 1513 1126; x_wconf 84' lang='lat' dir='ltr'>excerpsimus.</span> <span class='ocrx_word' id='word_1_114' title='bbox 1547 1069 1621 1111; x_wconf 87' lang='lat' dir='ltr'>Ad.</span> 
     </span>
     <span class='ocr_line' id='line_1_14' title="bbox 191 1139 1622 1196; baseline 0.001 -15"><span class='ocrx_word' id='word_1_115' title='bbox 191 1140 399 1182; x_wconf 88' lang='lat' dir='ltr'>Ovidium</span> <span class='ocrx_word' id='word_1_116' title='bbox 427 1141 481 1182; x_wconf 90' lang='lat' dir='ltr'>de</span> <span class='ocrx_word' id='word_1_117' title='bbox 512 1141 731 1182; x_wconf 88' lang='lat' dir='ltr'>mensibus</span> <span class='ocrx_word' id='word_1_118' title='bbox 753 1141 911 1196; x_wconf 83' lang='lat' dir='ltr'>Aprili,</span> <span class='ocrx_word' id='word_1_119' title='bbox 938 1140 1055 1182; x_wconf 88' lang='lat' dir='ltr'>Maio</span> <span class='ocrx_word' id='word_1_120' title='bbox 1083 1146 1129 1181; x_wconf 90' lang='lat' dir='ltr'>et</span> <span class='ocrx_word' id='word_1_121' title='bbox 1149 1139 1284 1182; x_wconf 85' lang='lat' dir='ltr'>Junio</span> <span class='ocrx_word' id='word_1_122' title='bbox 1312 1141 1425 1182; x_wconf 92' lang='lat' dir='ltr'>conf.</span> <span class='ocrx_word' id='word_1_123' title='bbox 1452 1140 1622 1182; x_wconf 87' lang='lat' dir='ltr'>Fastor.</span> 
     </span>
     <span class='ocr_line' id='line_1_15' title="bbox 193 1210 1622 1266; baseline 0 -15"><span class='ocrx_word' id='word_1_124' title='bbox 193 1211 438 1252; x_wconf 87' lang='lat' dir='ltr'>conditores</span> <span class='ocrx_word' id='word_1_125' title='bbox 476 1211 592 1266; x_wconf 89' lang='lat' dir='ltr'>apud</span> <span class='ocrx_word' id='word_1_126' title='bbox 630 1210 824 1252; x_wconf 89' lang='lat' dir='ltr'>Macrob.</span> <span class='ocrx_word' id='word_1_127' title='bbox 856 1210 884 1251; x_wconf 93' lang='lat' dir='ltr'>i.</span> <span class='ocrx_word' id='word_1_128' title='bbox 914 1210 982 1252; x_wconf 73' lang='lat'>12.</span> <span class='ocrx_word' id='word_1_129' title='bbox 1015 1216 1101 1252; x_wconf 90' lang='lat' dir='ltr'>etc.</span> <span class='ocrx_word' id='word_1_130' title='bbox 1134 1216 1218 1252; x_wconf 89' lang='lat' dir='ltr'>etc.</span> <span class='ocrx_word' id='word_1_131' title='bbox 1282 1210 1449 1252; x_wconf 81' lang='lat' dir='ltr'>Tamen</span> <span class='ocrx_word' id='word_1_132' title='bbox 1481 1210 1622 1266; x_wconf 91' lang='lat' dir='ltr'>ipsum</span> 
     </span>
     <span class='ocr_line' id='line_1_16' title="bbox 191 1280 1626 1336; baseline 0 -14"><span class='ocrx_word' id='word_1_133' title='bbox 191 1280 354 1322; x_wconf 86' lang='lat' dir='ltr'>notitiis</span> <span class='ocrx_word' id='word_1_134' title='bbox 381 1280 555 1322; x_wconf 87' lang='lat' dir='ltr'>aliunde</span> <span class='ocrx_word' id='word_1_135' title='bbox 583 1280 890 1335; x_wconf 87' lang='lat' dir='ltr'>conquirendis</span> <span class='ocrx_word' id='word_1_136' title='bbox 916 1280 1130 1321; x_wconf 89' lang='lat' dir='ltr'>intentum</span> <span class='ocrx_word' id='word_1_137' title='bbox 1153 1280 1286 1321; x_wconf 85' lang='lat' dir='ltr'>fuisse</span> <span class='ocrx_word' id='word_1_138' title='bbox 1308 1281 1401 1336; x_wconf 77' lang='lat' dir='ltr'>ipse</span> <span class='ocrx_word' id='word_1_139' title='bbox 1426 1281 1547 1322; x_wconf 88' lang='lat' dir='ltr'>Fast.</span> <span class='ocrx_word' id='word_1_140' title='bbox 1569 1281 1626 1322; x_wconf 90' lang='lat' dir='ltr'>iv.</span> 
     </span>
     <span class='ocr_line' id='line_1_17' title="bbox 189 1350 1624 1408; baseline 0 -16"><span class='ocrx_word' id='word_1_141' title='bbox 189 1350 278 1393; x_wconf 81' lang='lat'>378</span> <span class='ocrx_word' id='word_1_142' title='bbox 300 1357 344 1393; x_wconf 91' lang='lat' dir='ltr'>et</span> <span class='ocrx_word' id='word_1_143' title='bbox 363 1351 465 1393; x_wconf 72' lang='lat'>(590.</span> <span class='ocrx_word' id='word_1_144' title='bbox 490 1352 633 1400; x_wconf 84' lang='lat' dir='ltr'>docet,</span> <span class='ocrx_word' id='word_1_145' title='bbox 659 1357 704 1392; x_wconf 89' lang='lat' dir='ltr'>et</span> <span class='ocrx_word' id='word_1_146' title='bbox 726 1365 859 1406; x_wconf 90' lang='lat' dir='ltr'>quum</span> <span class='ocrx_word' id='word_1_147' title='bbox 888 1350 961 1392; x_wconf 93' lang='lat' dir='ltr'>diu</span> <span class='ocrx_word' id='word_1_148' title='bbox 992 1350 1034 1391; x_wconf 92' lang='lat' dir='ltr'>in</span> <span class='ocrx_word' id='word_1_149' title='bbox 1062 1365 1194 1405; x_wconf 88' lang='lat' dir='ltr'>opere</span> <span class='ocrx_word' id='word_1_150' title='bbox 1222 1365 1299 1392; x_wconf 92' lang='lat' dir='ltr'>suo</span> <span class='ocrx_word' id='word_1_151' title='bbox 1325 1351 1514 1393; x_wconf 89' lang='lat' dir='ltr'>limando</span> <span class='ocrx_word' id='word_1_152' title='bbox 1539 1357 1624 1408; x_wconf 86' lang='lat' dir='ltr'>sty-</span> 
     </span>
     <span class='ocr_line' id='line_1_18' title="bbox 190 1420 1626 1477; baseline -0.001 -15"><span class='ocrx_word' id='word_1_153' title='bbox 190 1421 278 1462; x_wconf 90' lang='lat' dir='ltr'>lum</span> <span class='ocrx_word' id='word_1_154' title='bbox 304 1426 511 1470; x_wconf 88' lang='lat' dir='ltr'>verteret,</span> <span class='ocrx_word' id='word_1_155' title='bbox 539 1436 605 1470; x_wconf 87' lang='lat' dir='ltr'>ea,</span> <span class='ocrx_word' id='word_1_156' title='bbox 638 1435 736 1477; x_wconf 88' lang='lat' dir='ltr'>quae</span> <span class='ocrx_word' id='word_1_157' title='bbox 767 1435 920 1462; x_wconf 91' lang='lat' dir='ltr'>recens</span> <span class='ocrx_word' id='word_1_158' title='bbox 954 1426 1242 1468; x_wconf 84' lang='lat' dir='ltr'>accesserant,</span> <span class='ocrx_word' id='word_1_159' title='bbox 1268 1420 1309 1461; x_wconf 92' lang='lat' dir='ltr'>in</span> <span class='ocrx_word' id='word_1_160' title='bbox 1340 1420 1461 1461; x_wconf 81' lang='lat' dir='ltr'>fastis</span> <span class='ocrx_word' id='word_1_161' title='bbox 1486 1421 1626 1462; x_wconf 86' lang='lat' dir='ltr'>donec</span> 
     </span>
     <span class='ocr_line' id='line_1_19' title="bbox 191 1490 1626 1548; baseline 0 -16"><span class='ocrx_word' id='word_1_162' title='bbox 191 1491 429 1547; x_wconf 85' lang='lat' dir='ltr'>prodirent,</span> <span class='ocrx_word' id='word_1_163' title='bbox 464 1491 699 1548; x_wconf 83' lang='lat' dir='ltr'>diligenter</span> <span class='ocrx_word' id='word_1_164' title='bbox 734 1491 943 1532; x_wconf 84' lang='lat' dir='ltr'>adnotare</span> <span class='ocrx_word' id='word_1_165' title='bbox 976 1497 1021 1532; x_wconf 87' lang='lat' dir='ltr'>et</span> <span class='ocrx_word' id='word_1_166' title='bbox 1052 1490 1243 1532; x_wconf 88' lang='lat' dir='ltr'>inserere</span> <span class='ocrx_word' id='word_1_167' title='bbox 1278 1490 1456 1532; x_wconf 85' lang='lat' dir='ltr'>solebat.</span> <span class='ocrx_word' id='word_1_168' title='bbox 1522 1490 1626 1532; x_wconf 85' lang='lat' dir='ltr'>Huc</span> 
     </span>
     <span class='ocr_line' id='line_1_20' title="bbox 192 1559 1627 1617; baseline 0.001 -15"><span class='ocrx_word' id='word_1_169' title='bbox 192 1561 398 1617; x_wconf 86' lang='lat' dir='ltr'>pertinet,</span> <span class='ocrx_word' id='word_1_170' title='bbox 427 1569 588 1617; x_wconf 87' lang='lat' dir='ltr'>praeter</span> <span class='ocrx_word' id='word_1_171' title='bbox 618 1562 700 1603; x_wconf 88' lang='lat' dir='ltr'>alia</span> <span class='ocrx_word' id='word_1_172' title='bbox 731 1576 829 1617; x_wconf 86' lang='lat' dir='ltr'>quae</span> <span class='ocrx_word' id='word_1_173' title='bbox 862 1562 916 1602; x_wconf 85' lang='lat' dir='ltr'>de</span> <span class='ocrx_word' id='word_1_174' title='bbox 948 1560 1201 1603; x_wconf 81' lang='lat' dir='ltr'>Germanici</span> <span class='ocrx_word' id='word_1_175' title='bbox 1233 1559 1448 1616; x_wconf 88' lang='lat' dir='ltr'>triumpho</span> <span class='ocrx_word' id='word_1_176' title='bbox 1475 1561 1502 1602; x_wconf 89' lang='lat' dir='ltr'>i.</span> <span class='ocrx_word' id='word_1_177' title='bbox 1526 1559 1627 1603; x_wconf 68' lang='lat'>285.</span> 
     </span>
     <span class='ocr_line' id='line_1_21' title="bbox 194 1630 1625 1681; baseline -0.001 -8"><span class='ocrx_word' id='word_1_178' title='bbox 194 1631 249 1673; x_wconf 89' lang='lat' dir='ltr'>de</span> <span class='ocrx_word' id='word_1_179' title='bbox 273 1631 532 1674; x_wconf 83' lang='lat' dir='ltr'>Concordiae</span> <span class='ocrx_word' id='word_1_180' title='bbox 559 1633 653 1674; x_wconf 82' lang='lat' dir='ltr'>aede</span> <span class='ocrx_word' id='word_1_181' title='bbox 681 1633 707 1674; x_wconf 86' lang='lat' dir='ltr'>i.</span> <span class='ocrx_word' id='word_1_182' title='bbox 731 1632 981 1674; x_wconf 81' lang='lat'>637—650.</span> <span class='ocrx_word' id='word_1_183' title='bbox 1006 1646 1074 1673; x_wconf 87' lang='lat' dir='ltr'>an.</span> <span class='ocrx_word' id='word_1_184' title='bbox 1100 1630 1159 1673; x_wconf 92' lang='lat' dir='ltr'>U.</span> <span class='ocrx_word' id='word_1_185' title='bbox 1185 1630 1236 1673; x_wconf 93' lang='lat' dir='ltr'>C.</span> <span class='ocrx_word' id='word_1_186' title='bbox 1260 1631 1361 1672; x_wconf 76' lang='lat'>762.</span> <span class='ocrx_word' id='word_1_187' title='bbox 1386 1637 1625 1681; x_wconf 85' lang='lat' dir='ltr'>exstructa,</span> 
     </span>
     <span class='ocr_line' id='line_1_22' title="bbox 194 1701 1629 1757; baseline -0.001 -14"><span class='ocrx_word' id='word_1_188' title='bbox 194 1702 324 1751; x_wconf 88' lang='lat' dir='ltr'>canit,</span> <span class='ocrx_word' id='word_1_189' title='bbox 351 1717 449 1757; x_wconf 85' lang='lat' dir='ltr'>quae</span> <span class='ocrx_word' id='word_1_190' title='bbox 480 1717 537 1744; x_wconf 85' lang='lat' dir='ltr'>ex</span> <span class='ocrx_word' id='word_1_191' title='bbox 567 1702 728 1743; x_wconf 80' lang='lat' dir='ltr'>notitiis</span> <span class='ocrx_word' id='word_1_192' title='bbox 760 1702 814 1743; x_wconf 90' lang='lat' dir='ltr'>ad</span> <span class='ocrx_word' id='word_1_193' title='bbox 844 1701 992 1743; x_wconf 87' lang='lat' dir='ltr'>amieis</span> <span class='ocrx_word' id='word_1_194' title='bbox 1019 1716 1166 1743; x_wconf 87' lang='lat' dir='ltr'>secum</span> <span class='ocrx_word' id='word_1_195' title='bbox 1193 1701 1536 1751; x_wconf 90' lang='lat' dir='ltr'>communicatis,</span> <span class='ocrx_word' id='word_1_196' title='bbox 1562 1701 1629 1743; x_wconf 93' lang='lat' dir='ltr'>vel</span> 
     </span>
     <span class='ocr_line' id='line_1_23' title="bbox 194 1770 1628 1827; baseline 0.001 -14"><span class='ocrx_word' id='word_1_197' title='bbox 194 1786 218 1812; x_wconf 86' lang='lat' dir='ltr'>e</span> <span class='ocrx_word' id='word_1_198' title='bbox 237 1772 358 1813; x_wconf 90' lang='lat' dir='ltr'>novis</span> <span class='ocrx_word' id='word_1_199' title='bbox 376 1772 498 1813; x_wconf 89' lang='lat' dir='ltr'>fastis</span> <span class='ocrx_word' id='word_1_200' title='bbox 516 1772 558 1813; x_wconf 93' lang='lat' dir='ltr'>in</span> <span class='ocrx_word' id='word_1_201' title='bbox 575 1771 727 1814; x_wconf 87' lang='lat' dir='ltr'>exsilio</span> <span class='ocrx_word' id='word_1_202' title='bbox 744 1772 1006 1827; x_wconf 86' lang='lat' dir='ltr'>interpolare</span> <span class='ocrx_word' id='word_1_203' title='bbox 1025 1771 1189 1813; x_wconf 89' lang='lat' dir='ltr'>debuit.</span> <span class='ocrx_word' id='word_1_204' title='bbox 1223 1770 1363 1812; x_wconf 89' lang='lat' dir='ltr'>Refer</span> <span class='ocrx_word' id='word_1_205' title='bbox 1380 1770 1462 1813; x_wconf 91' lang='lat' dir='ltr'>huc</span> <span class='ocrx_word' id='word_1_206' title='bbox 1481 1772 1628 1822; x_wconf 88' lang='lat' dir='ltr'>etiam,</span> 
     </span>
     <span class='ocr_line' id='line_1_24' title="bbox 195 1840 1625 1897; baseline 0.001 -15"><span class='ocrx_word' id='word_1_207' title='bbox 195 1856 292 1896; x_wconf 85' lang='lat' dir='ltr'>quae</span> <span class='ocrx_word' id='word_1_208' title='bbox 329 1842 384 1883; x_wconf 89' lang='lat' dir='ltr'>de</span> <span class='ocrx_word' id='word_1_209' title='bbox 418 1842 592 1884; x_wconf 90' lang='lat' dir='ltr'>Tiberio</span> <span class='ocrx_word' id='word_1_210' title='bbox 627 1842 888 1897; x_wconf 81' lang='lat' dir='ltr'>imperatore</span> <span class='ocrx_word' id='word_1_211' title='bbox 922 1841 1038 1883; x_wconf 85' lang='lat' dir='ltr'>canit</span> <span class='ocrx_word' id='word_1_212' title='bbox 1071 1842 1098 1883; x_wconf 85' lang='lat' dir='ltr'>i.</span> <span class='ocrx_word' id='word_1_213' title='bbox 1134 1840 1248 1889; x_wconf 54' lang='lat'>53&amp;</span> <span class='ocrx_word' id='word_1_214' title='bbox 1291 1841 1346 1882; x_wconf 89' lang='lat' dir='ltr'>de</span> <span class='ocrx_word' id='word_1_215' title='bbox 1379 1841 1500 1884; x_wconf 78' lang='lat' dir='ltr'>‚Iulia</span> <span class='ocrx_word' id='word_1_216' title='bbox 1533 1841 1625 1884; x_wconf 86' lang='lat' dir='ltr'>Au-</span> 
     </span>
     <span class='ocr_line' id='line_1_25' title="bbox 196 1913 515 1968; baseline 0.003 -14"><span class='ocrx_word' id='word_1_217' title='bbox 196 1920 337 1968; x_wconf 85' lang='lat' dir='ltr'>gusta,</span> <span class='ocrx_word' id='word_1_218' title='bbox 362 1913 389 1955; x_wconf 90' lang='lat' dir='ltr'>i.</span> <span class='ocrx_word' id='word_1_219' title='bbox 414 1913 515 1955; x_wconf 83' lang='lat'>536.</span> 
     </span>
    </p>

    <p class='ocr_par' dir='ltr' id='par_1_3' title="bbox 196 1983 1634 2530">
     <span class='ocr_line' id='line_1_26' title="bbox 255 1983 1629 2040; baseline 0 -16"><span class='ocrx_word' id='word_1_220' title='bbox 255 1983 321 2025; x_wconf 91' lang='lat' dir='ltr'>Eo</span> <span class='ocrx_word' id='word_1_221' title='bbox 366 1990 512 2025; x_wconf 81' lang='lat' dir='ltr'>autem</span> <span class='ocrx_word' id='word_1_222' title='bbox 552 1985 688 2039; x_wconf 82' lang='lat' dir='ltr'>magis</span> <span class='ocrx_word' id='word_1_223' title='bbox 729 1984 808 2026; x_wconf 90' lang='lat' dir='ltr'>hoc</span> <span class='ocrx_word' id='word_1_224' title='bbox 849 1990 1152 2040; x_wconf 83' lang='lat' dir='ltr'>argumentum</span> <span class='ocrx_word' id='word_1_225' title='bbox 1192 1983 1393 2025; x_wconf 86' lang='lat' dir='ltr'>carminis</span> <span class='ocrx_word' id='word_1_226' title='bbox 1430 1983 1629 2024; x_wconf 83' lang='lat' dir='ltr'>varietati</span> 
     </span>
     <span class='ocr_line' id='line_1_27' title="bbox 198 2053 1630 2110; baseline 0 -16"><span class='ocrx_word' id='word_1_227' title='bbox 198 2058 347 2109; x_wconf 88' lang='lat' dir='ltr'>aptum</span> <span class='ocrx_word' id='word_1_228' title='bbox 377 2060 484 2102; x_wconf 85' lang='lat' dir='ltr'>erat,</span> <span class='ocrx_word' id='word_1_229' title='bbox 521 2069 655 2109; x_wconf 89' lang='lat' dir='ltr'>quum</span> <span class='ocrx_word' id='word_1_230' title='bbox 686 2069 710 2096; x_wconf 85' lang='lat' dir='ltr'>a</span> <span class='ocrx_word' id='word_1_231' title='bbox 740 2054 945 2110; x_wconf 88' lang='lat' dir='ltr'>temporis</span> <span class='ocrx_word' id='word_1_232' title='bbox 975 2055 1041 2096; x_wconf 88' lang='lat' dir='ltr'>sui</span> <span class='ocrx_word' id='word_1_233' title='bbox 1074 2054 1205 2095; x_wconf 88' lang='lat' dir='ltr'>sacris</span> <span class='ocrx_word' id='word_1_234' title='bbox 1239 2054 1293 2095; x_wconf 90' lang='lat' dir='ltr'>ad</span> <span class='ocrx_word' id='word_1_235' title='bbox 1323 2053 1630 2095; x_wconf 88' lang='lat' dir='ltr'>remotissimos</span> 
     </span>
     <span class='ocr_line' id='line_1_28' title="bbox 196 2123 1634 2180; baseline 0.001 -16"><span class='ocrx_word' id='word_1_236' title='bbox 196 2124 350 2180; x_wconf 81' lang='lat' dir='ltr'>patriae</span> <span class='ocrx_word' id='word_1_237' title='bbox 387 2123 657 2179; x_wconf 85' lang='lat' dir='ltr'>antiquitatis</span> <span class='ocrx_word' id='word_1_238' title='bbox 694 2124 876 2180; x_wconf 88' lang='lat' dir='ltr'>mythos,</span> <span class='ocrx_word' id='word_1_239' title='bbox 916 2125 969 2165; x_wconf 90' lang='lat' dir='ltr'>ab</span> <span class='ocrx_word' id='word_1_240' title='bbox 1009 2124 1212 2179; x_wconf 87' lang='lat' dir='ltr'>operibus</span> <span class='ocrx_word' id='word_1_241' title='bbox 1250 2130 1295 2165; x_wconf 86' lang='lat' dir='ltr'>et</span> <span class='ocrx_word' id='word_1_242' title='bbox 1332 2123 1459 2164; x_wconf 89' lang='lat' dir='ltr'>rebus</span> <span class='ocrx_word' id='word_1_243' title='bbox 1499 2123 1634 2180; x_wconf 84' lang='lat' dir='ltr'>gestis</span> 
     </span>
     <span class='ocr_line' id='line_1_29' title="bbox 197 2193 1633 2249; baseline -0.001 -14"><span class='ocrx_word' id='word_1_244' title='bbox 197 2194 439 2249; x_wconf 89' lang='lat' dir='ltr'>principum</span> <span class='ocrx_word' id='word_1_245' title='bbox 472 2194 525 2235; x_wconf 89' lang='lat' dir='ltr'>ad</span> <span class='ocrx_word' id='word_1_246' title='bbox 564 2194 738 2236; x_wconf 86' lang='lat' dir='ltr'>laudem</span> <span class='ocrx_word' id='word_1_247' title='bbox 771 2200 816 2236; x_wconf 87' lang='lat' dir='ltr'>et</span> <span class='ocrx_word' id='word_1_248' title='bbox 847 2194 1140 2235; x_wconf 88' lang='lat' dir='ltr'>adulationem</span> <span class='ocrx_word' id='word_1_249' title='bbox 1173 2207 1321 2234; x_wconf 88' lang='lat' dir='ltr'>eorum</span> <span class='ocrx_word' id='word_1_250' title='bbox 1356 2193 1633 2248; x_wconf 85' lang='lat' dir='ltr'>exspatiandi</span> 
     </span>
     <span class='ocr_line' id='line_1_30' title="bbox 197 2262 1631 2320; baseline -0.001 -15"><span class='ocrx_word' id='word_1_251' title='bbox 197 2264 470 2306; x_wconf 88' lang='lat' dir='ltr'>occasionem</span> <span class='ocrx_word' id='word_1_252' title='bbox 503 2265 734 2320; x_wconf 83' lang='lat' dir='ltr'>praeberet.</span> <span class='ocrx_word' id='word_1_253' title='bbox 799 2263 858 2305; x_wconf 87' lang='lat' dir='ltr'>Et</span> <span class='ocrx_word' id='word_1_254' title='bbox 889 2278 988 2305; x_wconf 92' lang='lat' dir='ltr'>cum</span> <span class='ocrx_word' id='word_1_255' title='bbox 1015 2263 1200 2319; x_wconf 88' lang='lat' dir='ltr'>Virgilio</span> <span class='ocrx_word' id='word_1_256' title='bbox 1234 2262 1440 2312; x_wconf 85' lang='lat' dir='ltr'>sentiens,</span> <span class='ocrx_word' id='word_1_257' title='bbox 1476 2262 1550 2318; x_wconf 89' lang='lat' dir='ltr'>qui</span> <span class='ocrx_word' id='word_1_258' title='bbox 1587 2263 1631 2304; x_wconf 92' lang='lat' dir='ltr'>in</span> 
     </span>
     <span class='ocr_line' id='line_1_31' title="bbox 199 2333 1632 2389; baseline -0.001 -13"><span class='ocrx_word' id='word_1_259' title='bbox 199 2333 455 2376; x_wconf 81' lang='lat' dir='ltr'>Graecarum</span> <span class='ocrx_word' id='word_1_260' title='bbox 472 2334 715 2376; x_wconf 87' lang='lat' dir='ltr'>fabularum</span> <span class='ocrx_word' id='word_1_261' title='bbox 732 2334 896 2376; x_wconf 86' lang='lat' dir='ltr'>lusibus</span> <span class='ocrx_word' id='word_1_262' title='bbox 913 2334 1017 2376; x_wconf 88' lang='lat' dir='ltr'>satis</span> <span class='ocrx_word' id='word_1_263' title='bbox 1029 2334 1120 2389; x_wconf 87' lang='lat' dir='ltr'>jam</span> <span class='ocrx_word' id='word_1_264' title='bbox 1140 2333 1382 2375; x_wconf 89' lang='lat' dir='ltr'>decantatis</span> <span class='ocrx_word' id='word_1_265' title='bbox 1397 2333 1471 2374; x_wconf 82' lang='lat' dir='ltr'>vix</span> <span class='ocrx_word' id='word_1_266' title='bbox 1487 2347 1632 2375; x_wconf 89' lang='lat' dir='ltr'>veram</span> 
     </span>
     <span class='ocr_line' id='line_1_32' title="bbox 198 2403 1633 2460; baseline -0.001 -15"><span class='ocrx_word' id='word_1_267' title='bbox 198 2404 374 2446; x_wconf 89' lang='lat' dir='ltr'>laudem</span> <span class='ocrx_word' id='word_1_268' title='bbox 403 2404 543 2446; x_wconf 91' lang='lat' dir='ltr'>adhuc</span> <span class='ocrx_word' id='word_1_269' title='bbox 573 2406 710 2460; x_wconf 81' lang='lat' dir='ltr'>quaeri</span> <span class='ocrx_word' id='word_1_270' title='bbox 736 2419 862 2460; x_wconf 89' lang='lat' dir='ltr'>posse</span> <span class='ocrx_word' id='word_1_271' title='bbox 890 2404 1161 2452; x_wconf 74' lang='lat' dir='ltr'>cecineratm,</span> <span class='ocrx_word' id='word_1_272' title='bbox 1181 2403 1288 2445; x_wconf 87' lang='lat' dir='ltr'>hanc</span> <span class='ocrx_word' id='word_1_273' title='bbox 1314 2403 1393 2444; x_wconf 91' lang='lat' dir='ltr'>sibi</span> <span class='ocrx_word' id='word_1_274' title='bbox 1419 2403 1531 2444; x_wconf 88' lang='lat' dir='ltr'>viam</span> <span class='ocrx_word' id='word_1_275' title='bbox 1558 2404 1633 2445; x_wconf 91' lang='lat' dir='ltr'>de-</span> 
     </span>
     <span class='ocr_line' id='line_1_33' title="bbox 198 2473 1631 2530; baseline -0.001 -14"><span class='ocrx_word' id='word_1_276' title='bbox 198 2473 380 2530; x_wconf 88' lang='lat' dir='ltr'>legerat,</span> <span class='ocrx_word' id='word_1_277' title='bbox 404 2474 792 2516; x_wconf 89' lang='lat' dir='ltr'>fructuosissimam</span> <span class='ocrx_word' id='word_1_278' title='bbox 822 2489 925 2516; x_wconf 88' lang='lat' dir='ltr'>sane</span> <span class='ocrx_word' id='word_1_279' title='bbox 956 2475 1011 2516; x_wconf 88' lang='lat' dir='ltr'>ad</span> <span class='ocrx_word' id='word_1_280' title='bbox 1040 2474 1223 2530; x_wconf 88' lang='lat' dir='ltr'>gratiam</span> <span class='ocrx_word' id='word_1_281' title='bbox 1251 2474 1485 2515; x_wconf 89' lang='lat' dir='ltr'>ineundam</span> <span class='ocrx_word' id='word_1_282' title='bbox 1515 2474 1631 2528; x_wconf 90' lang='lat' dir='ltr'>apud</span> 
     </span>
    </p>
   </div>
   <div class='ocr_carea' id='block_1_3' title="bbox 201 2627 1635 2825">
    <p class='ocr_par' dir='ltr' id='par_1_4' title="bbox 201 2627 1635 2825">
     <span class='ocr_line' id='line_1_34' title="bbox 245 2627 1634 2673; baseline -0.002 -12"><span class='ocrx_word' id='word_1_283' title='bbox 245 2635 268 2650; x_wconf 83' lang='lat'>¹¹¹</span> <span class='ocrx_word' id='word_1_284' title='bbox 293 2629 356 2661; x_wconf 85' lang='lat' dir='ltr'>Sed</span> <span class='ocrx_word' id='word_1_285' title='bbox 378 2629 541 2671; x_wconf 85' lang='lat' dir='ltr'>grandiori</span> <span class='ocrx_word' id='word_1_286' title='bbox 564 2630 658 2673; x_wconf 85' lang='lat' dir='ltr'>sty10,</span> <span class='ocrx_word' id='word_1_287' title='bbox 678 2630 796 2672; x_wconf 85' lang='lat' dir='ltr'>Georg.</span> <span class='ocrx_word' id='word_1_288' title='bbox 813 2630 881 2662; x_wconf 88' lang='lat'>111.</span> <span class='ocrx_word' id='word_1_289' title='bbox 952 2628 1019 2662; x_wconf 84' lang='lat' dir='ltr'>dati</span> <span class='ocrx_word' id='word_1_290' title='bbox 1050 2628 1152 2661; x_wconf 87' lang='lat' dir='ltr'>nescit</span> <span class='ocrx_word' id='word_1_291' title='bbox 1178 2627 1335 2661; x_wconf 81' lang='lat' dir='ltr'>Busiridis</span> <span class='ocrx_word' id='word_1_292' title='bbox 1366 2630 1456 2659; x_wconf 67' lang='lat' dir='ltr'>aras?</span> <span class='ocrx_word' id='word_1_293' title='bbox 1477 2651 1485 2658; x_wconf 97' lang='lat'>.</span> <span class='ocrx_word' id='word_1_294' title='bbox 1499 2651 1526 2659; x_wconf 91' lang='lat'>..</span> <span class='ocrx_word' id='word_1_295' title='bbox 1550 2627 1634 2659; x_wconf 88' lang='lat' dir='ltr'>Ten-</span> 
     </span>
     <span class='ocr_line' id='line_1_35' title="bbox 201 2678 1635 2723; baseline -0.001 -12"><span class='ocrx_word' id='word_1_296' title='bbox 201 2681 241 2712; x_wconf 85' lang='lat'>3:</span> <span class='ocrx_word' id='word_1_297' title='bbox 270 2684 290 2697; x_wconf 88' lang='lat'>“</span> <span class='ocrx_word' id='word_1_298' title='bbox 308 2681 447 2717; x_wconf 85' lang='lat' dir='ltr'>Caetera,</span> <span class='ocrx_word' id='word_1_299' title='bbox 466 2691 538 2723; x_wconf 80' lang='lat' dir='ltr'>quae</span> <span class='ocrx_word' id='word_1_300' title='bbox 563 2692 682 2712; x_wconf 86' lang='lat' dir='ltr'>vacuas</span> <span class='ocrx_word' id='word_1_301' title='bbox 705 2680 884 2713; x_wconf 85' lang='lat' dir='ltr'>tenuissent</span> <span class='ocrx_word' id='word_1_302' title='bbox 952 2680 1052 2712; x_wconf 84' lang='lat' dir='ltr'>tanda</span> <span class='ocrx_word' id='word_1_303' title='bbox 1070 2680 1124 2712; x_wconf 82' lang='lat' dir='ltr'>via</span> <span class='ocrx_word' id='word_1_304' title='bbox 1144 2685 1205 2717; x_wconf 86' lang='lat' dir='ltr'>est,</span> <span class='ocrx_word' id='word_1_305' title='bbox 1223 2691 1287 2722; x_wconf 88' lang='lat' dir='ltr'>qua</span> <span class='ocrx_word' id='word_1_306' title='bbox 1304 2690 1354 2710; x_wconf 85' lang='lat' dir='ltr'>me</span> <span class='ocrx_word' id='word_1_307' title='bbox 1371 2689 1497 2721; x_wconf 88' lang='lat' dir='ltr'>quoque</span> <span class='ocrx_word' id='word_1_308' title='bbox 1518 2678 1635 2721; x_wconf 84' lang='lat' dir='ltr'>possim</span> 
     </span>
     <span class='ocr_line' id='line_1_36' title="bbox 201 2728 1635 2774; baseline -0.001 -12"><span class='ocrx_word' id='word_1_309' title='bbox 201 2730 342 2763; x_wconf 86' lang='lat' dir='ltr'>carmine</span> <span class='ocrx_word' id='word_1_310' title='bbox 364 2737 488 2763; x_wconf 78' lang='lat' dir='ltr'>mentes</span> <span class='ocrx_word' id='word_1_311' title='bbox 513 2731 632 2764; x_wconf 84' lang='lat' dir='ltr'>Omnia</span> <span class='ocrx_word' id='word_1_312' title='bbox 649 2732 717 2774; x_wconf 82' lang='lat' dir='ltr'>jam</span> <span class='ocrx_word' id='word_1_313' title='bbox 742 2731 883 2774; x_wconf 83' lang='lat' dir='ltr'>vulgata.</span> <span class='ocrx_word' id='word_1_314' title='bbox 952 2731 1077 2763; x_wconf 84' lang='lat' dir='ltr'>Tollere</span> <span class='ocrx_word' id='word_1_315' title='bbox 1096 2728 1489 2772; x_wconf 83' lang='lat' dir='ltr'>humo‚victorquevirum</span> <span class='ocrx_word' id='word_1_316' title='bbox 1503 2728 1635 2761; x_wconf 82' lang='lat' dir='ltr'>volitare</span> 
     </span>
     <span class='ocr_line' id='line_1_37' title="bbox 201 2781 1113 2825; baseline -0.002 -11"><span class='ocrx_word' id='word_1_317' title='bbox 201 2781 284 2821; x_wconf 76' lang='lat' dir='ltr'>Quis</span> <span class='ocrx_word' id='word_1_318' title='bbox 303 2788 358 2814; x_wconf 81' lang='lat' dir='ltr'>aut</span> <span class='ocrx_word' id='word_1_319' title='bbox 374 2782 553 2825; x_wconf 79' lang='lat' dir='ltr'>Eurysthea</span> <span class='ocrx_word' id='word_1_320' title='bbox 573 2782 685 2814; x_wconf 83' lang='lat' dir='ltr'>durum</span> <span class='ocrx_word' id='word_1_321' title='bbox 700 2782 769 2814; x_wconf 83' lang='lat' dir='ltr'>Aut</span> <span class='ocrx_word' id='word_1_322' title='bbox 788 2782 882 2815; x_wconf 86' lang='lat' dir='ltr'>illau-</span> <span class='ocrx_word' id='word_1_323' title='bbox 954 2792 1010 2824; x_wconf 81' lang='lat' dir='ltr'>per</span> <span class='ocrx_word' id='word_1_324' title='bbox 1025 2781 1113 2813; x_wconf 79' lang='lat' dir='ltr'>ora.‘&#39;</span> 
     </span>
    </p>
   </div>
  </div>
 </body>
</html>
