1830 3220
645 172 809 224 NUX,
843 172 1098 215 ELEGIA.

1493 174 1580 216 473

162 281 312 347 Saepe
338 300 477 334 meas
503 294 652 335 vento
677 287 881 336 frondes
906 289 1173 337 tremuisse
1197 289 1446 353 putastis:
1482 292 1574 337 175

232 360 336 410 Sed
362 370 528 412 metus
554 365 604 412 in
630 367 774 414 nobis
800 383 955 414 eausa
979 366 1209 415 tremoris
1234 375 1358 414 erat.

163 437 219 485 Si
244 440 420 496 merui,
447 441 722 506 videorque
747 460 952 500 nocens,
981 444 1223 507 imponite
1249 443 1494 502 flammae3

232 515 524 582 Nostraque
548 518 757 567 fumosis
782 519 911 567 urite
937 520 1164 568 membra
1189 519 1331 568 fociS.

163 593 218 640 Si
244 594 419 651 merui,
446 595 719 660 videorque
745 612 951 654 nocens,
978 597 1201 645 excidite
1226 597 1371 654 ferro,

230 670 298 719 Et
322 672 473 720 liceat
496 674 691 721 miserae
717 674 942 722 dedecus
968 691 1081 722 esse
1108 676 1281 723 semel.

1481 677 1574 721 180

165 748 220 796 Si
246 765 340 797 nec
365 766 454 797 eur
479 766 609 807 urar,
637 767 730 798 nec
757 767 846 798 cur
871 752 1094 808 excidar,
1121 752 1337 807 habetis,

231 825 466 875 Parcite:
507 827 578 874 sic
604 835 828 892 coeptum
854 828 1128 892 perficiatis
1154 829 1274 877 iter!

211 971 283 1002 177.
308 971 458 1011 Imponite
472 972 637 1013 flamma]
674 972 766 1003 Forte
793 974 837 1004 le-

163 1020 316 1063 gendum,
336 1023 477 1062 imponite
483 1022 662 1063 flammam.-
687 1028 722 1054 ut
741 1022 836 1054 intel-

164 1069 293 1112 ligatur,
310 1070 451 1102 arborem
471 1070 627 1102 succisam
651 1071 754 1102 exuri.
802 1071 839 1102 Id

167 1119 193 1151 si
212 1130 276 1151 non
298 1121 414 1163 placet,
436 1120 652 1162 intelligamus
673 1120 761 1152 illam
786 1132 840 1152 ex-

167 1169 278 1207 cisam,
293 1169 360 1201 illic
376 1169 476 1207 exuri,
494 1170 547 1201 ubi
561 1176 637 1201 nata
649 1177 710 1201 est.

215 1219 288 1250 178.
312 1219 634 1261 Nostraquesumosis,
649 1220 726 1260 etc.]
753 1219 839 1256 Quo-

168 1279 238 1300 rum
251 1268 416 1311 deplorata
433 1268 556 1300 malitia
571 1274 629 1306 est,
643 1268 756 1310 capitis
765 1278 839 1310 sup-

168 1317 264 1361 plicio
280 1317 369 1350 velut
384 1324 590 1360 amputantur
611 1329 630 1350 a
652 1328 779 1360 corpore
796 1318 840 1348 ci-

168 1368 254 1400 vium
268 1379 274 1398 :
295 1366 329 1398 in
346 1367 509 1398 arboribus
521 1367 706 1410 deploratiS,
721 1366 840 1408 duplex

169 1421 218 1448 est
237 1426 335 1459 poena
357 1414 489 1458 capitis:
516 1421 572 1447 aut
591 1415 675 1447 enim
696 1416 840 1446 excidun-

171 1473 236 1504 tur,
252 1471 288 1497 ut
303 1465 531 1497 admoveantur
545 1466 622 1497 focis
634 1478 643 1504 3
668 1471 723 1497 aut
738 1465 764 1496 si
780 1476 842 1496 non

170 1521 219 1548 est
242 1515 333 1553 tanti,
354 1523 543 1553 exuruntur,
564 1516 682 1559 injecta
703 1516 843 1552 flamma,

170 1571 207 1597 ut
234 1564 403 1607 vestigium
437 1570 556 1597 exustae
587 1570 720 1597 testetur
749 1565 844 1596 fuisse

171 1615 309 1648 noxiam.
364 1615 480 1646 Facete
516 1625 590 1647 vero
626 1625 729 1647 ramos
766 1614 848 1646 dixit

232 2815 258 2846 V
265 2815 292 2847 O
297 2815 331 2846 L.
356 2814 384 2846 V
392 2837 399 2844 .

908 974 1129 1003 membra.—Si
1148 975 1259 1003 merui.
1308 972 1468 1004 Convenit
1487 971 1583 1003 affec-

908 1021 953 1052 tui
970 1021 1126 1063 repetitio.
1145 1021 1277 1052 ΕιιΑεΜ.

958 1071 1028 1101 180.
1055 1071 1096 1101 Et
1122 1072 1210 1101 liceat
1233 1072 1346 1101 miserae
1372 1072 1498 1102 dedecus
1524 1080 1582 1101 esse

908 1120 1024 1160 semel.]
1058 1119 1238 1161 Ignominia
1267 1119 1397 1162 quidem
1425 1124 1473 1151 est
1501 1119 1584 1150 affici

909 1168 1086 1211 supplicio;
1121 1169 1177 1200 sed
1204 1168 1305 1210 majus
1334 1168 1435 1199 multo
1463 1168 1584 1211 suppli-

910 1217 994 1249 cium
1008 1217 1074 1259 pati
1090 1217 1231 1259 quotidie
1245 1217 1330 1259 quod
1341 1217 1477 1259 patitur3
1498 1217 1584 1249 ideo—

911 1278 973 1309 que
997 1272 1064 1298 orat
1088 1272 1123 1297 ut
1142 1267 1264 1298 miserae
1284 1266 1383 1298 liceat
1405 1267 1510 1299 subire
1530 1270 1582 1299 de-

911 1319 1012 1353 decus,
1033 1316 1119 1358 quod
1140 1317 1242 1359 ipsam
1266 1322 1418 1359 perpetuo
1438 1316 1587 1349 dedecori

911 1366 1082 1403 subducat,
1098 1371 1130 1397 et
1150 1365 1345 1408 ignominiae,
1363 1377 1434 1408 quae
1458 1367 1498 1398 sit
1518 1377 1585 1399 mo-

912 1415 1009 1446 menti
1025 1415 1193 1458 cujusque.
1241 1415 1336 1452 Quod
1352 1415 1398 1446 ita
1412 1426 1524 1459 parum
1539 1417 1585 1448 vi-

911 1465 1004 1496 detur
1028 1465 1182 1496 Heinsius
1209 1464 1419 1502 intellexisse,
1445 1470 1482 1496 ut
1506 1467 1585 1497 nihil

910 1516 978 1545 sani
1001 1514 1034 1545 in
1060 1513 1120 1545 hoc
1140 1525 1232 1546 versu
1256 1514 1359 1546 inesse
1384 1515 1528 1552 affirmet,
1553 1521 1585 1548 et

912 1562 957 1594 sic
979 1569 1107 1595 censeat
1129 1563 1369 1605 retingendum:
1396 1564 1470 1595 “Et
1490 1564 1588 1597 liceat

914 1614 1036 1646 miserae
1052 1615 1218 1646 dedoluisse
1234 1614 1368 1646 semel.''

1071 2809 1133 2841 ΒΡ
