1830 3220
582 168 933 212 FASTORUM
968 168 1090 211 LIB.
1112 168 1197 211 VI.

1514 169 1599 210 321

167 285 277 334 Nec
304 293 359 334 tu
392 287 530 335 aliud
556 287 784 344 Vestam,
813 303 967 352 quarn
993 287 1156 335 vivam
1190 286 1417 350 intellige
1451 286 1593 334 flam-

235 365 473 430 Nataque
499 365 564 413 de
585 365 790 413 flamma
814 381 1027 430 corpora
1044 366 1182 414 nulla
1202 364 1361 413 vides.
1406 366 1588 428 [mam:

164 442 288 492 Jure
314 444 465 508 igitur
489 445 627 507 virgo
654 452 748 499 est,
777 460 894 508 quae
921 445 1116 492 semina
1142 445 1280 493 nulla
1304 444 1534 500 remittit,

237 522 348 571 Nec
375 523 539 588 capit;
581 531 633 572 et
657 524 869 572 comites
895 523 1197 586 virginitatis
1224 524 1396 572 habet.

170 600 299 650 Esse
326 602 412 649 diu
440 602 628 649 stultus
655 602 827 650 Vestae
855 601 1126 650 simulacra
1151 602 1352 667 putavi:

1494 603 1593 649 295

236 679 363 728 Mox
390 680 544 728 didici
570 697 722 728 curvo
749 681 886 728 nulla
911 681 1122 729 subesse
1148 682 1303 729 tholo.

167 758 308 823 Ignis
335 760 676 807 inexstinctus
702 759 893 824 templo
920 760 1114 808 celatur
1140 760 1189 806 in
1215 759 1330 807 illo:

237 837 471 902 Effigiem
499 838 690 886 nullam
718 837 891 894 Vesta,
921 854 1014 886 nec
1043 838 1189 902 ignis,
1218 839 1427 886 habent.

170 915 285 965 Stat
307 916 354 963 vi
379 924 512 964 terra
537 933 656 975 sua;
688 915 735 963 vi
762 916 942 964 stando
968 916 1128 965 Vesta
1152 926 1384 973 vocatum

238 995 516 1060 Causaque
542 1012 631 1061 par
658 995 799 1043 Graii
826 995 1042 1044 nominis
1069 1013 1182 1045 esse
1210 1004 1396 1061 potest.

1498 998 1597 1043 300

168 1073 239 1122 At
263 1074 406 1123 focus
432 1091 462 1122 a
487 1075 721 1132 flammis,
749 1083 817 1131 et,
845 1075 983 1140 quod
1009 1074 1144 1123 fovet
1169 1076 1355 1132 omnia,
1382 1076 1581 1131 dictus;

238 1152 339 1208 Qui
365 1161 536 1202 tamen
562 1153 613 1201 in
640 1154 814 1219 primis
841 1153 1037 1201 aedibus
1065 1162 1181 1202 ante
1207 1153 1317 1202 fuit.

172 1230 307 1280 Hinc
334 1249 539 1298 quoque
565 1234 872 1281 vestibulum
898 1233 999 1281 dici
1027 1250 1164 1282 reor:
1198 1233 1316 1281 inde
1343 1233 1598 1298 precando

239 1310 487 1359 Adfamur
513 1311 753 1371 Vestam3
798 1312 924 1368 Quae
951 1314 1063 1361 loca
1087 1313 1251 1378 prima
1274 1321 1436 1361 tenes.

169 1389 304 1438 Ante
328 1389 468 1439 focos
495 1390 616 1438 olim
643 1392 806 1454 longis
832 1392 1098 1440 considere
1125 1391 1346 1440 scamnis

1498 1394 1597 1438 305

242 1467 356 1517 Mos
383 1476 518 1527 erat;
561 1477 613 1518 et
638 1486 827 1518 mensae
853 1470 1061 1519 credere
1088 1471 1270 1519 adesse
1296 1470 1436 1518 deos.

215 1629 294 1661 29l.
321 1629 414 1660 Hanc
442 1629 573 1661 alteram
601 1640 729 1661 causam
752 1630 850 1661 etiam

173 1679 372 1715 Lactantius,
389 1680 468 1711 Inst.
485 1680 512 1710 1.
529 1679 583 1710 xii.
600 1681 630 1710 5.
646 1690 684 1711 ex
706 1679 765 1711 hoc
781 1680 852 1711 loco

172 1731 294 1762 adfert:
333 1735 352 1748 ‘¹
370 1731 457 1768 Quia
485 1730 567 1772 ignis
596 1729 782 1761 inviolabile
812 1730 853 1761 sit

171 1781 378 1817 elementum,
402 1781 546 1823 nihilque
575 1781 664 1812 nasci
690 1781 789 1824 possit
814 1791 853 1812 ex

170 1843 220 1870 eo,
238 1832 357 1875 quippe
374 1833 429 1874 qui
445 1831 562 1867 omnia,
578 1842 650 1873 quae
672 1831 852 1874 arripuerit,

173 1883 356 1914 absumat.”

217 1935 294 1966 295.
317 1934 357 1965 In
380 1933 500 1976 templo
522 1933 645 1965 nullum
663 1934 769 1965 Vestae
792 1933 854 1976 sig-

175 1995 252 2016 num
269 1991 348 2021 erat,
363 1990 399 2015 ut
410 1994 468 2015 nec
483 1983 569 2024 apud
586 1984 730 2020 Graecos,
749 1984 854 2026 (Pau-

173 2035 290 2072 sanias,
307 2035 453 2067 Corinth.
477 2045 548 2077 cap.
570 2035 642 2073 35.)
666 2034 752 2077 quod
776 2034 854 2066 Ovi-

173 2086 247 2118 dius
273 2086 379 2118 adhuc
406 2085 588 2128 ignorabat,
612 2096 711 2128 quum
735 2085 780 2116 iii.
803 2087 855 2117 45.

174 2137 339 2169 scriberet.
384 2136 447 2167 Sed
463 2143 553 2168 extra
566 2136 722 2178 templum
734 2136 855 2178 effigies

175 2186 245 2229 ejus
259 2186 346 2218 varie
362 2186 621 2230 exprimebatur3
646 2185 712 2217 vid.
730 2185 856 2229 Lipsius

175 2236 216 2269 de
232 2237 344 2274 Vesta,
361 2248 433 2280 cap.
446 2239 480 2269 3.

219 2289 296 2320 299.
319 2288 480 2319 Arnobius
505 2287 578 2320 adv.
595 2288 728 2324 Gentes,
751 2287 797 2319 iii.
821 2299 855 2330 p.

179 2339 261 2370 119:
286 2342 308 2356 ‘⁴
323 2338 454 2370 Terram
475 2337 620 2377 nonnulli
636 2338 770 2369 Vestam
789 2348 858 2369 esse

176 2388 395 2432 pronuntiant,
412 2387 498 2430 quod
512 2387 545 2419 in
561 2387 681 2419 mundo
699 2394 763 2419 stet
778 2387 856 2424 sola,

177 2439 302 2470 caeteris
337 2438 407 2481 ejus
441 2437 586 2481 partibus
615 2437 795 2470 mobilitate
826 2437 859 2468 in

175 2494 331 2532 perpetuo
354 2488 569 2521 constitutis.’'
614 2489 666 2520 Sic
683 2488 750 2531 jam
767 2488 860 2520 Plato

176 2539 211 2571 in
242 2537 398 2570 Phaedon.
446 2538 547 2572 Μένει
576 2540 635 2581 μὲν
667 2538 787 2571 Ἐστία
824 2539 860 2571 ἐν

179 2591 267 2622 θεῶν
283 2590 360 2632 ὀίκῳ
385 2590 484 2633 μόνη.
531 2591 595 2622 Sed
620 2590 701 2622 mira
722 2596 771 2622 est
790 2590 859 2622 haec

180 2640 291 2672 Ovidii
320 2640 536 2684 etymologia3
581 2640 696 2672 melius
731 2640 859 2678 Cicero,

181 2691 260 2722 Nat.
276 2691 376 2724 Deor.
394 2691 428 2724 ii.
443 2693 504 2723 27:
531 2696 552 2710 “
569 2692 677 2724 Vestae
701 2702 817 2723 nomen
842 2703 861 2723 a

182 2742 306 2774 Graecis
322 2748 388 2783 est3
407 2753 446 2774 ea
461 2749 510 2774 est
525 2753 597 2785 quae
611 2743 651 2774 ab
667 2741 731 2774 illis
746 2741 861 2774 Ἑστία

179 2792 309 2825 dicitur.
356 2792 416 2825 Vis
442 2799 548 2826 autem
576 2793 645 2836 ejus
668 2792 709 2824 ad
736 2803 807 2825 aras
830 2799 862 2824 et

227 2842 331 2875 VOL.
351 2843 395 2875 V.

920 1630 1005 1661 focos
1035 1629 1211 1672 pertinen*
1260 1629 1354 1661 Conf.
1387 1629 1471 1661 idem
1501 1629 1600 1671 Legg.

921 1680 952 1711 ii.
969 1681 1019 1711 12.
1051 1682 1153 1711 Causa
1170 1680 1264 1711 Graii
1282 1682 1421 1716 nomiru's,
1436 1685 1470 1711 ut
1483 1678 1601 1712 Ἐστία

921 1730 1010 1762 dicta
1031 1731 1072 1762 sit
1098 1731 1137 1762 ab
1160 1730 1309 1767 ἑστάναι,
1334 1730 1351 1762 ὅ
1377 1730 1471 1762 ἐστὶν
1494 1729 1529 1763 ἐν
1552 1730 1603 1762 ἐνὶ

922 1781 1016 1823 τόπῳ
1030 1780 1193 1824 ἱδρῦσθαι·
1244 1782 1285 1812 Et
1300 1781 1345 1812 sic
1361 1791 1436 1812 sane
1448 1780 1601 1812 scholias-

922 1838 963 1863 tae
981 1831 1126 1874 quidam.
1176 1832 1264 1867 Quod
1278 1831 1390 1874 fovet;
1416 1830 1449 1861 id
1473 1841 1602 1873 quoque

924 1883 1079 1925 ineptum.
1128 1882 1250 1913 Primus
1272 1884 1346 1913 aedes
1370 1882 1527 1913 Krebsius
1554 1881 1601 1912 in-

925 1932 1052 1964 tellexit
1092 1932 1214 1964 aditum
1250 1932 1374 1974 templi.
1420 1932 1525 1962 Immo
1562 1931 1603 1962 de

925 1984 1049 2016 aedibus
1062 1983 1210 2015 humanis
1226 1983 1524 2025 cogita,earurnque
1537 1992 1604 2013 ves-

925 2035 1048 2067 tibulo:
1077 2034 1148 2065 vide
1165 2034 1206 2065 ad
1219 2035 1328 2065 i.137.
1376 2033 1603 2065 GraeciVestae

925 2085 1033 2128 primae
1065 2095 1156 2116 sacra
1185 2085 1358 2120 faciebant,
1388 2083 1475 2126 prius
1507 2083 1605 2114 etiam

926 2146 1022 2177 quam
1044 2135 1140 2172 Jovi;
1165 2134 1237 2166 vide
1263 2135 1405 2177 Lipsium
1432 2133 1472 2165 de
1494 2134 1607 2170 Vesta,

924 2196 996 2228 cap.
1011 2187 1043 2217 2.
1058 2185 1110 2216 cui
1127 2184 1263 2217 Ovidius
1285 2194 1412 2226 quoque
1435 2183 1484 2214 his
1503 2182 1606 2214 verbis

924 2247 961 2268 eo
985 2236 1140 2267 adlusisse
1161 2235 1296 2272 videtur,
1317 2244 1514 2277 quamquam
1537 2234 1606 2276 ipse

926 2286 967 2317 ad
985 2286 1178 2318 vestibulum
1198 2286 1353 2317 retulerit.
1399 2285 1507 2327 Vulgo
1527 2284 1607 2327 legi-

926 2345 996 2368 tur:
1023 2339 1094 2369 inde
1109 2338 1261 2377 precando
1280 2336 1432 2373 Dicimus,
1449 2349 1464 2367 ο
1483 2336 1584 2367 Vesta.

972 2388 1047 2419 305.
1064 2387 1172 2419 Etiam
1183 2387 1351 2429 Virgilius,
1364 2387 1441 2418 AEn.
1451 2384 1508 2417 vii.
1524 2386 1605 2418 176:

928 2444 950 2456 “
976 2438 1143 2481 Perpetuis
1178 2438 1261 2470 soliti
1298 2445 1405 2481 patres
1441 2436 1607 2469 considere

930 2488 1082 2526 mensis,''
1099 2488 1155 2520 ubi
1176 2487 1250 2520 vide
1274 2488 1431 2521 Servium.
1477 2487 1528 2518 De
1548 2486 1608 2516 Va-

929 2553 1023 2578 cuna,
1039 2540 1102 2572 dea
1116 2539 1172 2571 otii
1188 2545 1220 2571 et
1235 2538 1432 2574 vacantium,
1450 2537 1523 2569 vide
1540 2538 1606 2568 Ho-

929 2590 1001 2622 ratii
1027 2590 1166 2633 interpp.
1190 2589 1232 2621 ad
1261 2590 1288 2620 Ι.
1312 2590 1372 2632 Ep.
1397 2600 1430 2619 x.
1456 2589 1511 2619 49.
1560 2588 1608 2618 De

929 2653 1009 2673 more
1028 2647 1154 2678 vetusto,
1171 2640 1240 2672 scil.
1258 2638 1446 2672 considendi
1467 2643 1541 2669 ante
1561 2638 1606 2668 fo-

929 2702 993 2724 cos.
1040 2691 1125 2723 Hinc
1147 2691 1211 2723 cibi
1227 2690 1436 2722 mittebantur
1455 2688 1559 2724 Vestae,
1576 2686 1610 2719 in

930 2742 1036 2773 focum
1052 2741 1230 2774 Vestalem.
1257 2741 1344 2777 Fert,
1360 2739 1512 2770 continet.
1540 2738 1608 2768 Pu-

931 2803 998 2822 ram
1008 2790 1164 2833 Neapolis
1179 2801 1264 2823 nunc
1277 2789 1428 2833 explicat,
1439 2788 1611 2826 detersam,

1062 2841 1089 2872 T
1107 2848 1119 2871 t
