1809 3220
263 181 350 222 284

271 296 516 360 Scorpion
542 295 749 342 immisit
769 294 940 342 Tellus
961 311 971 341 ε

650 180 700 220 Ρ.
735 178 847 219 OVI
856 178 952 220 DII
987 177 1269 219 NASONIS

1011 293 1105 340 fuit
1128 294 1347 357 impetus
1369 293 1439 340 illi
1578 296 1670 341 541

337 374 503 421 Curva
527 372 865 436 gemelliparae
892 371 1086 435 spicula
1109 370 1238 419 ferre
1262 371 1390 418 deae.

272 450 485 497 Obstitit
511 449 695 497 Orion:
739 449 929 496 Latona
953 448 1229 496 nitentibus
1255 449 1402 495 astris

337 527 580 584 Addidit;
623 534 693 585 et,
722 526 893 574 Meriti
919 525 1141 589 praemia,
1169 525 1314 580 dixit,
1343 525 1490 572 habe.

273 605 386 652 SED
415 605 538 668 quid
565 612 616 652 et
643 605 815 661 Orion,
844 611 894 651 et
919 611 1101 651 caetera
1127 603 1293 650 sidera
1318 602 1507 650 mundo
1580 605 1677 652 545

341 683 538 730 Cedere
563 683 819 739 festinant,
847 698 1051 746 noxque
1076 688 1271 729 coartat
1294 681 1422 728 iter?

272 760 408 815 Quid
436 762 582 809 solito
608 761 757 808 citius
783 761 976 824 liquido
998 761 1146 823 jubar
1171 775 1374 823 aequore
1399 759 1530 806 tollit

342 839 589 894 Candida,
620 839 849 887 Lucifero
876 839 1229 903 praeveniente,
1256 837 1398 884 dies?

1505 837 1679 900 [bant:

274 915 453 973 Pallor,
482 933 544 964 an
571 933 710 964 arma
733 917 945 964 sonant?
972 932 1072 963 non
1098 916 1342 973 fallimur3
1373 930 1510 961 arma
1535 930 1680 962 sona-

341 994 480 1042 Mars
505 995 668 1053 venit3
700 1003 750 1043 et
775 995 980 1042 veniens
1006 994 1189 1042 bellica
1214 993 1358 1054 signa
1382 992 1538 1040 dedit.
1585 995 1684 1040 550

276 1071 423 1119 Ultor
448 1073 509 1119 ad
536 1073 646 1136 ipse
673 1089 790 1120 suos
817 1073 943 1120 coelo
969 1071 1234 1119 descendit
1258 1072 1491 1126 honores,

343 1150 660 1215 Templaque
686 1152 735 1198 in
762 1151 993 1215 Augusto
1019 1149 1378 1214 conspicienda
1401 1148 1523 1196 foro.

276 1228 343 1275 Et
368 1229 493 1276 deus
519 1236 597 1276 est
622 1229 816 1292 ingens,
846 1236 897 1276 et
921 1245 1076 1293 opus:
1107 1227 1329 1275 debebat
1354 1227 1403 1273 in
1426 1226 1550 1274 urbe

345 1305 460 1353 Non
487 1307 630 1354 aliter
654 1307 756 1354 nati
786 1306 925 1354 Mars
952 1306 1181 1353 habitare
1207 1304 1299 1351 sui.

277 1382 447 1446 Digna
473 1383 738 1447 Giganteis
766 1385 875 1432 haec
903 1392 1020 1431 sunt
1043 1383 1254 1431 delubra
1279 1382 1510 1446 tropaeis:

1586 1385 1683 1430 555

346 1460 478 1509 Hinc
504 1461 609 1509 fera
635 1463 910 1510 Gradivum
937 1463 1070 1510 bella
1094 1476 1294 1508 movere
1319 1460 1494 1516 decet;

319 1620 504 1650 545—598.
530 1620 591 1650 IV.
620 1620 707 1655 Idus,
728 1622 788 1650 sire
813 1622 862 1651 die
891 1619 945 1651 xii.

276 1668 361 1698 Ludi
380 1668 531 1699 Circenses
548 1671 579 1699 in
595 1669 733 1699 honorem
753 1669 878 1705 Vltoris,
895 1669 946 1700 cui

276 1717 441 1758 Augustus
454 1718 484 1748 in
504 1718 582 1748 Foro
597 1729 653 1748 suo
663 1719 815 1760 templum
832 1719 946 1761 posuit,

276 1772 383 1797 votum
399 1766 478 1797 illud
495 1766 525 1797 in
542 1767 627 1797 bello
639 1767 854 1809 Philippensi3
870 1768 947 1799 Sue-

278 1816 383 1847 tonius
405 1816 540 1857 August.
556 1817 611 1846 29.
648 1816 730 1847 Vide
757 1818 900 1849 Masson.
916 1817 948 1848 in

279 1866 356 1896 Vita
371 1865 478 1897 Ov1dii
495 1866 535 1896 ad
552 1876 670 1896 annum
688 1867 761 1897 752.

323 1916 381 1946 Sed
391 1918 463 1956 quid
481 1916 588 1950 Orion,
602 1915 681 1956 etc.]
710 1915 784 1957 Ipsa
799 1914 902 1946 sidera
917 1921 949 1946 et

278 1965 322 1995 sol
339 1965 454 2007 cupide
476 1971 662 2007 exspectant
682 1965 808 1996 initium
823 1965 948 1996 illorum

278 2014 476 2045 solemnium.
514 2015 621 2045 Simile
644 2014 829 2055 figmentum
849 2014 948 2045 habes

277 2063 321 2094 iv,
340 2064 414 2094 673.
462 2064 583 2095 Orionis
599 2071 705 2095 autem
720 2075 820 2095 nexus
836 2075 946 2101 causa,

279 2118 428 2144 caeterum
451 2124 512 2144 non
535 2113 612 2144 satis
636 2114 811 2149 commode,
829 2114 948 2145 mentio

278 2163 384 2201 facta3
416 2162 576 2194 occiderat
607 2162 691 2194 enim
720 2163 787 2204 jam
816 2164 949 2205 vesperi.

281 2213 402 2243 Cedunt
422 2215 545 2249 mumio,
561 2212 709 2243 occidunt
723 2226 731 2249 ς
756 2213 889 2244 Metam.
905 2213 949 2244 xi.

280 2264 357 2293 511.
374 2264 511 2294 excedere
534 2263 671 2303 olympo,·
698 2262 850 2303 Virgilius
866 2267 951 2293 amat

281 2311 326 2342 sic
343 2313 496 2348 decedere,
512 2317 547 2342 ut
562 2312 679 2352 Georg.
696 2311 718 2342 i.
733 2313 807 2342 222.
823 2313 899 2343 450.
917 2318 949 2343 et

281 2360 370 2391 alibi.
417 2362 585 2392 Com-tatur
614 2363 674 2391 iter
703 2361 792 2396 alias,
821 2361 949 2402 quando

282 2409 442 2440 montibus
471 2416 527 2440 aut
550 2409 636 2440 silvis
655 2410 891 2441 occurrentibus
915 2410 950 2441 fit

282 2459 456 2500 angustius.
503 2459 598 2490 Nunc
624 2458 749 2489 brevius
778 2459 837 2489 iter
860 2459 950 2490 intel.

283 2508 491 2539 Praevenz'ente
505 2507 652 2550 Lucifero
666 2520 675 2545 ,·
700 2508 792 2538 stella
806 2508 950 2545 Veneris,

284 2568 354 2600 quae
369 2558 561 2599 praenuntiat
576 2558 672 2588 diem.
695 2558 783 2588 Lm.

328 2608 403 2639 549.
427 2607 544 2648 Incipit
567 2618 638 2638 cum
660 2607 764 2638 sonitu
784 2617 950 2644 armorum,

286 2657 359 2693 sere,
378 2662 411 2688 ut
427 2657 469 2687 iv.
488 2658 559 2688 181.
596 2656 651 2687 Dii
668 2657 790 2687 evocari
807 2657 950 2688 solebant

285 2706 476 2737 carminibus
497 2707 674 2746 κλητικοῖς,
690 2711 725 2737 ut
738 2709 886 2742 venirent,
902 2717 950 2737 sa-

285 2755 407 2797 crisque
437 2755 501 2787 suis
531 2755 688 2787 adessent.
735 2756 831 2797 Signa
855 2758 949 2792 dedit,

1012 1625 1048 1650 ut
1076 1618 1200 1661 Jupiter
1227 1618 1361 1648 Metam.
1385 1616 1406 1648 i.
1435 1617 1522 1647 220:
1556 1615 1685 1658 “signa

1014 1668 1086 1699 dedi
1115 1668 1235 1699 venisse
1259 1666 1388 1698 deum.’'
1434 1667 1484 1697 Ad
1506 1669 1576 1706 ipse.
1599 1666 1685 1697 Prae„

1015 1717 1184 1760 positiones
1207 1716 1252 1747 sic
1279 1716 1382 1747 solent
1405 1715 1562 1746 interdum
1586 1721 1687 1746 trans-

1015 1767 1100 1810 poni,
1116 1773 1152 1798 ut
1164 1768 1301 1797 Metam.
1318 1766 1339 1797 i.
1355 1770 1376 1783 “
1389 1765 1421 1796 in
1434 1765 1560 1796 domino
1575 1765 1688 1807 dignos

1016 1817 1115 1848 everti
1137 1822 1223 1847 tecta
1251 1815 1424 1852 Penates,''
1451 1815 1507 1846 ubi
1530 1814 1602 1846 vide
1632 1825 1687 1846 no-

1018 1873 1093 1897 tam.
1159 1866 1270 1897 Forum
1307 1877 1398 1897 suum
1437 1866 1596 1907 Augustus
1633 1875 1689 1896 ex-

1017 1916 1141 1952 struxit,
1167 1915 1241 1957 quia
1270 1914 1332 1946 duo
1361 1914 1524 1946 hominurn
1549 1919 1582 1945 et
1603 1914 1690 1957 judi-

1017 1966 1136 1996 ciorum
1161 1964 1357 1995 multitudini
1379 1975 1440 1995 non
1467 1964 1687 1995 sufficiebant:

1017 2015 1150 2056 ideoque
1167 2013 1379 2049 festinantius,
1393 2013 1532 2045 nondum
1548 2013 1689 2055 perfecta

1018 2064 1133 2095 Martis
1158 2064 1237 2100 aede,
1259 2063 1456 2106 publicatum
1481 2068 1551 2101 est;
1575 2063 1687 2095 Sueto-

1018 2113 1090 2144 nius
1107 2113 1192 2144 dicto
1206 2114 1285 2144 loco.
1319 2113 1449 2155 Insigne
1461 2112 1520 2144 hoc
1533 2112 1687 2155 templum

1019 2163 1127 2199 fuisse,
1144 2163 1193 2194 vel
1216 2173 1253 2194 ex
1272 2162 1330 2193 hoc
1347 2163 1416 2194 loco
1432 2168 1573 2205 apparet.
1609 2163 1630 2194 J
1634 2173 1685 2194 am

1019 2211 1125 2243 Julius
1163 2212 1290 2243 Caesar:
1339 2216 1358 2229 “
1384 2213 1482 2243 Marti
1522 2211 1687 2254 templum,

1020 2267 1173 2302 quantum
1202 2272 1357 2303 nusquam
1383 2267 1476 2298 esset,
1500 2261 1686 2293 exstruere’'

1019 2310 1136 2349 voluit3
1159 2310 1326 2341 Suetonius
1341 2310 1407 2342 Jul.
1419 2311 1471 2341 44.

1061 2362 1135 2392 555.
1174 2361 1439 2403 Digna—decen]
1476 2361 1555 2392 Haec
1584 2361 1690 2393 lucem

1019 2410 1181 2452 accipiunt
1196 2421 1213 2441 e
1229 2411 1332 2441 verbis
1349 2410 1489 2442 Suetonii
1503 2410 1589 2442 dicto
1607 2411 1688 2448 loco,

1018 2459 1057 2490 de
1089 2460 1252 2501 Augusto:
1287 2464 1308 2477 “
1331 2459 1442 2491 Sanxit
1470 2470 1554 2501 ergo,
1586 2465 1620 2491 ut
1649 2459 1689 2491 de

1019 2509 1111 2540 bellis
1138 2509 1368 2552 triumphisque
1396 2510 1448 2541 hic
1476 2510 1690 2541 consuleretur

1019 2564 1168 2597 senatus;
1207 2558 1324 2600 quique
1353 2558 1485 2591 victores
1521 2559 1688 2596 redissent,

1019 2607 1081 2639 huc
1102 2607 1238 2650 insignia
1258 2608 1485 2650 triumphorum
1503 2608 1687 2640 inferrent.''

1022 2657 1160 2700 Fastigia
1184 2669 1298 2688 summa
1315 2658 1504 2700 templorum
1519 2657 1620 2689 ornari
1636 2668 1685 2688 so-

1019 2706 1128 2739 lebant
1142 2707 1320 2739 simulacris
1335 2707 1464 2739 deorum
1480 2719 1487 2746 3
1503 2707 1638 2738 Metam.
1654 2706 1687 2738 ii.

1019 2758 1056 2787 3:
1099 2762 1120 2775 “
1139 2758 1216 2788 ebur
1246 2756 1379 2788 nitidum
1410 2757 1534 2799 fastigia
1563 2766 1687 2788 summa
