<?xml version="1.0" encoding="UTF-8"?>
<!DOCTYPE html PUBLIC "-//W3C//DTD XHTML 1.0 Transitional//EN"
    "http://www.w3.org/TR/xhtml1/DTD/xhtml1-transitional.dtd">
<html xmlns="http://www.w3.org/1999/xhtml" xml:lang="en" lang="en">
 <head>
  <title>
</title>
<meta http-equiv="Content-Type" content="text/html;charset=utf-8" />
  <meta name='ocr-system' content='tesseract 3.04.00' />
  <meta name='ocr-capabilities' content='ocr_page ocr_carea ocr_par ocr_line ocrx_word'/>
</head>
<body>
  <div class='ocr_page' id='page_1' title='image "./povidiinasonisop05oviduoft_0242.png"; bbox 0 0 1809 3220; ppageno 0'>
   <div class='ocr_carea' id='block_1_1' title="bbox 169 171 252 213">
    <p class='ocr_par' dir='ltr' id='par_1_1' title="bbox 169 171 252 213">
     <span class='ocr_line' id='line_1_1' title="bbox 169 171 252 213; baseline 0 0"><span class='ocrx_word' id='word_1_1' title='bbox 169 171 252 213; x_wconf 74' lang='lat'>214</span> 
     </span>
    </p>
   </div>
   <div class='ocr_carea' id='block_1_2' title="bbox 553 170 1175 213">
    <p class='ocr_par' dir='ltr' id='par_1_2' title="bbox 553 170 1175 213">
     <span class='ocr_line' id='line_1_2' title="bbox 553 170 1175 213; baseline 0.002 -1"><span class='ocrx_word' id='word_1_2' title='bbox 553 171 603 213; x_wconf 87' lang='grc' dir='ltr'>Ρ,</span> <span class='ocrx_word' id='word_1_3' title='bbox 636 170 853 213; x_wconf 94' lang='lat' dir='ltr'>OVIDII</span> <span class='ocrx_word' id='word_1_4' title='bbox 888 170 1175 213; x_wconf 88' lang='lat' dir='ltr'>NASONIS</span> 
     </span>
    </p>
   </div>
   <div class='ocr_carea' id='block_1_3' title="bbox 171 286 1587 352">
    <p class='ocr_par' dir='ltr' id='par_1_3' title="bbox 171 286 1587 352">
     <span class='ocr_line' id='line_1_3' title="bbox 171 286 1587 352; baseline 0 -18"><span class='ocrx_word' id='word_1_5' title='bbox 171 286 306 336; x_wconf 94' lang='lat' dir='ltr'>Hinc</span> <span class='ocrx_word' id='word_1_6' title='bbox 333 287 425 335; x_wconf 89' lang='lat' dir='ltr'>init</span> <span class='ocrx_word' id='word_1_7' title='bbox 449 287 696 351; x_wconf 84' lang='lat' dir='ltr'>AEgaeum,</span> <span class='ocrx_word' id='word_1_8' title='bbox 725 304 827 352; x_wconf 90' lang='lat' dir='ltr'>quo</span> <span class='ocrx_word' id='word_1_9' title='bbox 854 287 1111 352; x_wconf 87' lang='lat' dir='ltr'>Cycladas</span> <span class='ocrx_word' id='word_1_10' title='bbox 1138 287 1355 352; x_wconf 85' lang='lat' dir='ltr'>adspicit</span> <span class='ocrx_word' id='word_1_11' title='bbox 1378 302 1587 343; x_wconf 91' lang='lat' dir='ltr'>omnes;</span> 
     </span>
    </p>
   </div>
   <div class='ocr_carea' id='block_1_4' title="bbox 241 364 1262 430">
    <p class='ocr_par' dir='ltr' id='par_1_4' title="bbox 241 364 1262 430">
     <span class='ocr_line' id='line_1_4' title="bbox 241 364 1262 430; baseline 0 -17"><span class='ocrx_word' id='word_1_12' title='bbox 241 365 543 429; x_wconf 91' lang='lat' dir='ltr'>Ioniumque</span> <span class='ocrx_word' id='word_1_13' title='bbox 569 381 744 430; x_wconf 82' lang='lat' dir='ltr'>rapax,</span> <span class='ocrx_word' id='word_1_14' title='bbox 773 364 1097 429; x_wconf 86' lang='lat' dir='ltr'>Icariumque</span> <span class='ocrx_word' id='word_1_15' title='bbox 1123 366 1262 429; x_wconf 85' lang='lat' dir='ltr'>legit.</span> 
     </span>
    </p>
   </div>
   <div class='ocr_carea' id='block_1_5' title="bbox 1492 366 1590 412">
    <p class='ocr_par' dir='ltr' id='par_1_5' title="bbox 1492 366 1590 412">
     <span class='ocr_line' id='line_1_5' title="bbox 1492 366 1590 412; baseline -0.01 0"><span class='ocrx_word' id='word_1_16' title='bbox 1492 366 1590 412; x_wconf 85' lang='lat'>566</span> 
     </span>
    </p>
   </div>
   <div class='ocr_carea' id='block_1_6' title="bbox 171 443 1592 823">
    <p class='ocr_par' dir='ltr' id='par_1_6' title="bbox 171 443 1554 587">
     <span class='ocr_line' id='line_1_6' title="bbox 171 443 1554 509; baseline -0.001 -18"><span class='ocrx_word' id='word_1_17' title='bbox 171 444 377 508; x_wconf 83' lang='lat' dir='ltr'>Perque</span> <span class='ocrx_word' id='word_1_18' title='bbox 403 444 555 492; x_wconf 82' lang='lat' dir='ltr'>urbes</span> <span class='ocrx_word' id='word_1_19' title='bbox 582 444 717 492; x_wconf 88' lang='lat' dir='ltr'>Asiae</span> <span class='ocrx_word' id='word_1_20' title='bbox 743 444 949 507; x_wconf 80' lang='lat' dir='ltr'>longum</span> <span class='ocrx_word' id='word_1_21' title='bbox 977 444 1105 509; x_wconf 91' lang='lat' dir='ltr'>petit</span> <span class='ocrx_word' id='word_1_22' title='bbox 1131 443 1554 508; x_wconf 85' lang='lat' dir='ltr'>Hellespontum;</span> 
     </span>
     <span class='ocr_line' id='line_1_7' title="bbox 243 521 1282 587; baseline 0.001 -18"><span class='ocrx_word' id='word_1_23' title='bbox 243 521 617 586; x_wconf 89' lang='lat' dir='ltr'>Diversumque</span> <span class='ocrx_word' id='word_1_24' title='bbox 642 522 766 570; x_wconf 89' lang='lat' dir='ltr'>locis</span> <span class='ocrx_word' id='word_1_25' title='bbox 791 523 895 571; x_wconf 90' lang='lat' dir='ltr'>alta</span> <span class='ocrx_word' id='word_1_26' title='bbox 919 531 1146 587; x_wconf 81' lang='lat' dir='ltr'><strong>pererrat</strong></span> <span class='ocrx_word' id='word_1_27' title='bbox 1171 523 1282 571; x_wconf 87' lang='lat' dir='ltr'>iter.</span> 
     </span>
    </p>

    <p class='ocr_par' dir='ltr' id='par_1_7' title="bbox 173 599 1592 745">
     <span class='ocr_line' id='line_1_8' title="bbox 173 599 1592 666; baseline -0.001 -18"><span class='ocrx_word' id='word_1_28' title='bbox 173 600 306 648; x_wconf 88' lang='lat' dir='ltr'>Nam</span> <span class='ocrx_word' id='word_1_29' title='bbox 333 601 482 649; x_wconf 93' lang='lat' dir='ltr'>modo</span> <span class='ocrx_word' id='word_1_30' title='bbox 508 601 749 664; x_wconf 83' lang='lat' dir='ltr'>turilegos</span> <span class='ocrx_word' id='word_1_31' title='bbox 771 601 983 659; x_wconf 86' lang='lat' dir='ltr'>Arabas,</span> <span class='ocrx_word' id='word_1_32' title='bbox 1001 602 1151 650; x_wconf 90' lang='lat' dir='ltr'>modo</span> <span class='ocrx_word' id='word_1_33' title='bbox 1176 600 1396 666; x_wconf 88' lang='lat' dir='ltr'>despicit</span> <span class='ocrx_word' id='word_1_34' title='bbox 1419 599 1592 654; x_wconf 88' lang='lat' dir='ltr'><strong>Indos,</strong></span> 
     </span>
     <span class='ocr_line' id='line_1_9' title="bbox 238 678 1589 745; baseline -0.001 -18"><span class='ocrx_word' id='word_1_35' title='bbox 238 678 371 728; x_wconf 90' lang='lat' dir='ltr'>Hinc</span> <span class='ocrx_word' id='word_1_36' title='bbox 400 680 572 745; x_wconf 91' lang='lat' dir='ltr'>Libys,</span> <span class='ocrx_word' id='word_1_37' title='bbox 603 681 719 728; x_wconf 89' lang='lat' dir='ltr'>hinc</span> <span class='ocrx_word' id='word_1_38' title='bbox 748 679 941 738; x_wconf 86' lang='lat' dir='ltr'>Meroe,</span> <span class='ocrx_word' id='word_1_39' title='bbox 969 681 1210 745; x_wconf 88' lang='lat' dir='ltr'>siccaque</span> <span class='ocrx_word' id='word_1_40' title='bbox 1237 688 1370 728; x_wconf 82' lang='lat' dir='ltr'>terra</span> <span class='ocrx_word' id='word_1_41' title='bbox 1397 679 1589 727; x_wconf 92' lang='lat' dir='ltr'>subest.</span> 
     </span>
    </p>

    <p class='ocr_par' dir='ltr' id='par_1_8' title="bbox 171 756 1591 823">
     <span class='ocr_line' id='line_1_10' title="bbox 171 756 1591 823; baseline 0 -19"><span class='ocrx_word' id='word_1_42' title='bbox 171 756 322 807; x_wconf 91' lang='lat' dir='ltr'>Nunc</span> <span class='ocrx_word' id='word_1_43' title='bbox 372 758 479 806; x_wconf 88' lang='lat' dir='ltr'>adit</span> <span class='ocrx_word' id='word_1_44' title='bbox 528 756 821 823; x_wconf 88' lang='lat' dir='ltr'>Hesperios,</span> <span class='ocrx_word' id='word_1_45' title='bbox 863 758 1121 816; x_wconf 86' lang='lat' dir='ltr'>Rhenum,</span> <span class='ocrx_word' id='word_1_46' title='bbox 1159 758 1591 822; x_wconf 84' lang='lat' dir='ltr'>Rhodanumque,</span> 
     </span>
    </p>
   </div>
   <div class='ocr_carea' id='block_1_7' title="bbox 375 835 696 901">
    <p class='ocr_par' dir='ltr' id='par_1_9' title="bbox 375 835 696 901">
     <span class='ocr_line' id='line_1_11' title="bbox 375 835 696 901; baseline 0.006 -17"><span class='ocrx_word' id='word_1_47' title='bbox 375 835 696 901; x_wconf 85' lang='lat' dir='ltr'>Padumque,</span> 
     </span>
    </p>
   </div>
   <div class='ocr_carea' id='block_1_8' title="bbox 1492 838 1586 884">
    <p class='ocr_par' dir='ltr' id='par_1_10' title="bbox 1492 838 1586 884">
     <span class='ocr_line' id='line_1_12' title="bbox 1492 838 1586 884; baseline -0.021 0"><span class='ocrx_word' id='word_1_48' title='bbox 1492 838 1586 884; x_wconf 89' lang='lat'>571</span> 
     </span>
    </p>
   </div>
   <div class='ocr_carea' id='block_1_9' title="bbox 169 915 1546 1122">
    <p class='ocr_par' dir='ltr' id='par_1_11' title="bbox 169 915 1546 1122">
     <span class='ocr_line' id='line_1_13' title="bbox 235 915 1452 981; baseline 0 -19"><span class='ocrx_word' id='word_1_49' title='bbox 235 915 414 980; x_wconf 86' lang='lat' dir='ltr'>Teque</span> <span class='ocrx_word' id='word_1_50' title='bbox 438 915 605 964; x_wconf 82' lang='lat' dir='ltr'>future</span> <span class='ocrx_word' id='word_1_51' title='bbox 632 932 833 981; x_wconf 87' lang='lat' dir='ltr'>parens,</span> <span class='ocrx_word' id='word_1_52' title='bbox 856 916 1012 973; x_wconf 79' lang='lat' dir='ltr'>Tibri,</span> <span class='ocrx_word' id='word_1_53' title='bbox 1040 915 1263 981; x_wconf 90' lang='lat' dir='ltr'>potentis</span> <span class='ocrx_word' id='word_1_54' title='bbox 1289 930 1452 979; x_wconf 88' lang='lat' dir='ltr'>aquae.</span> 
     </span>
     <span class='ocr_line' id='line_1_14' title="bbox 169 993 1546 1049; baseline -0.001 -7"><span class='ocrx_word' id='word_1_55' title='bbox 169 993 283 1049; x_wconf 86' lang='lat' dir='ltr'>Quo</span> <span class='ocrx_word' id='word_1_56' title='bbox 309 994 473 1043; x_wconf 79' lang='lat' dir='ltr'>feror?</span> <span class='ocrx_word' id='word_1_57' title='bbox 511 994 815 1043; x_wconf 87' lang='lat' dir='ltr'>immensum</span> <span class='ocrx_word' id='word_1_58' title='bbox 842 1003 922 1043; x_wconf 91' lang='lat' dir='ltr'>est</span> <span class='ocrx_word' id='word_1_59' title='bbox 947 1003 1137 1043; x_wconf 86' lang='lat' dir='ltr'>erratas</span> <span class='ocrx_word' id='word_1_60' title='bbox 1163 994 1332 1042; x_wconf 87' lang='lat' dir='ltr'>dicere</span> <span class='ocrx_word' id='word_1_61' title='bbox 1358 1001 1546 1042; x_wconf 88' lang='lat' dir='ltr'>terras:</span> 
     </span>
     <span class='ocr_line' id='line_1_15' title="bbox 236 1073 1333 1122; baseline 0.001 -2"><span class='ocrx_word' id='word_1_62' title='bbox 236 1073 528 1121; x_wconf 84' lang='lat' dir='ltr'>Praeteritus</span> <span class='ocrx_word' id='word_1_63' title='bbox 555 1073 730 1122; x_wconf 88' lang='lat' dir='ltr'>Cereri</span> <span class='ocrx_word' id='word_1_64' title='bbox 757 1074 926 1121; x_wconf 90' lang='lat' dir='ltr'>nullus</span> <span class='ocrx_word' id='word_1_65' title='bbox 954 1075 1001 1121; x_wconf 91' lang='lat' dir='ltr'>in</span> <span class='ocrx_word' id='word_1_66' title='bbox 1028 1074 1149 1122; x_wconf 92' lang='lat' dir='ltr'>orbe</span> <span class='ocrx_word' id='word_1_67' title='bbox 1175 1074 1333 1121; x_wconf 91' lang='lat' dir='ltr'>locus.</span> 
     </span>
    </p>
   </div>
   <div class='ocr_carea' id='block_1_10' title="bbox 168 1150 1414 1217">
    <p class='ocr_par' dir='ltr' id='par_1_12' title="bbox 168 1150 1414 1217">
     <span class='ocr_line' id='line_1_16' title="bbox 168 1150 1414 1217; baseline 0.001 -19"><span class='ocrx_word' id='word_1_68' title='bbox 168 1150 316 1199; x_wconf 87' lang='lat' dir='ltr'>Errat</span> <span class='ocrx_word' id='word_1_69' title='bbox 341 1158 393 1199; x_wconf 92' lang='lat' dir='ltr'>et</span> <span class='ocrx_word' id='word_1_70' title='bbox 419 1152 467 1199; x_wconf 91' lang='lat' dir='ltr'>in</span> <span class='ocrx_word' id='word_1_71' title='bbox 494 1152 651 1208; x_wconf 90' lang='lat' dir='ltr'>coelo;</span> <span class='ocrx_word' id='word_1_72' title='bbox 692 1152 979 1217; x_wconf 90' lang='lat' dir='ltr'>liquidique</span> <span class='ocrx_word' id='word_1_73' title='bbox 1005 1152 1248 1200; x_wconf 88' lang='lat' dir='ltr'>immunia</span> <span class='ocrx_word' id='word_1_74' title='bbox 1274 1151 1414 1216; x_wconf 87' lang='lat' dir='ltr'>ponti</span> 
     </span>
    </p>
   </div>
   <div class='ocr_carea' id='block_1_11' title="bbox 1490 1153 1589 1198">
    <p class='ocr_par' dir='ltr' id='par_1_13' title="bbox 1490 1153 1589 1198">
     <span class='ocr_line' id='line_1_17' title="bbox 1490 1153 1589 1198; baseline 0 0"><span class='ocrx_word' id='word_1_75' title='bbox 1490 1153 1589 1198; x_wconf 88' lang='lat'>575</span> 
     </span>
    </p>
   </div>
   <div class='ocr_carea' id='block_1_12' title="bbox 166 1229 1589 1532">
    <p class='ocr_par' dir='ltr' id='par_1_14' title="bbox 166 1229 1589 1374">
     <span class='ocr_line' id='line_1_18' title="bbox 234 1229 1312 1296; baseline 0 -18"><span class='ocrx_word' id='word_1_76' title='bbox 234 1229 525 1294; x_wconf 85' lang='lat' dir='ltr'>Alloquitur</span> <span class='ocrx_word' id='word_1_77' title='bbox 550 1231 718 1295; x_wconf 84' lang='lat' dir='ltr'>gelido</span> <span class='ocrx_word' id='word_1_78' title='bbox 745 1232 975 1296; x_wconf 85' lang='lat' dir='ltr'>proxima</span> <span class='ocrx_word' id='word_1_79' title='bbox 1000 1232 1144 1295; x_wconf 85' lang='lat' dir='ltr'>signa</span> <span class='ocrx_word' id='word_1_80' title='bbox 1169 1231 1312 1296; x_wconf 90' lang='lat' dir='ltr'>polo:</span> 
     </span>
     <span class='ocr_line' id='line_1_19' title="bbox 166 1307 1589 1374; baseline 0.001 -20"><span class='ocrx_word' id='word_1_81' title='bbox 166 1307 498 1357; x_wconf 86' lang='lat' dir='ltr'>Parrhasides</span> <span class='ocrx_word' id='word_1_82' title='bbox 525 1310 710 1368; x_wconf 83' lang='lat' dir='ltr'>stellae3</span> <span class='ocrx_word' id='word_1_83' title='bbox 741 1326 963 1374; x_wconf 87' lang='lat' dir='ltr'>namque</span> <span class='ocrx_word' id='word_1_84' title='bbox 988 1311 1157 1358; x_wconf 89' lang='lat' dir='ltr'>omnia</span> <span class='ocrx_word' id='word_1_85' title='bbox 1181 1326 1331 1358; x_wconf 87' lang='lat' dir='ltr'>nosse</span> <span class='ocrx_word' id='word_1_86' title='bbox 1359 1308 1589 1374; x_wconf 88' lang='lat' dir='ltr'>potestis,</span> 
     </span>
    </p>

    <p class='ocr_par' dir='ltr' id='par_1_15' title="bbox 167 1386 1497 1532">
     <span class='ocr_line' id='line_1_20' title="bbox 236 1386 1457 1452; baseline 0.002 -19"><span class='ocrx_word' id='word_1_87' title='bbox 236 1386 518 1451; x_wconf 87' lang='lat' dir='ltr'>AEquoreas</span> <span class='ocrx_word' id='word_1_88' title='bbox 544 1403 804 1452; x_wconf 88' lang='lat' dir='ltr'>nunquam</span> <span class='ocrx_word' id='word_1_89' title='bbox 831 1404 989 1452; x_wconf 90' lang='lat' dir='ltr'>quum</span> <span class='ocrx_word' id='word_1_90' title='bbox 1016 1388 1241 1436; x_wconf 83' lang='lat' dir='ltr'>subeatis</span> <span class='ocrx_word' id='word_1_91' title='bbox 1267 1404 1457 1452; x_wconf 87' lang='lat' dir='ltr'>aquas;</span> 
     </span>
     <span class='ocr_line' id='line_1_21' title="bbox 167 1463 1497 1532; baseline 0.002 -20"><span class='ocrx_word' id='word_1_92' title='bbox 167 1463 531 1530; x_wconf 88' lang='lat' dir='ltr'>Persephonen</span> <span class='ocrx_word' id='word_1_93' title='bbox 558 1466 753 1515; x_wconf 81' lang='lat' dir='ltr'>miserae</span> <span class='ocrx_word' id='word_1_94' title='bbox 779 1474 949 1516; x_wconf 90' lang='lat' dir='ltr'>natam</span> <span class='ocrx_word' id='word_1_95' title='bbox 977 1474 1256 1515; x_wconf 89' lang='lat' dir='ltr'>monstrate</span> <span class='ocrx_word' id='word_1_96' title='bbox 1284 1467 1497 1532; x_wconf 84' lang='lat' dir='ltr'>parenti.</span> 
     </span>
    </p>
   </div>
   <div class='ocr_carea' id='block_1_13' title="bbox 237 1542 1371 1595">
    <p class='ocr_par' dir='ltr' id='par_1_16' title="bbox 237 1542 1371 1595">
     <span class='ocr_line' id='line_1_22' title="bbox 237 1542 1371 1595; baseline 0.003 -5"><span class='ocrx_word' id='word_1_97' title='bbox 237 1542 478 1592; x_wconf 85' lang='lat' dir='ltr'>Dixerat:</span> <span class='ocrx_word' id='word_1_98' title='bbox 520 1544 635 1592; x_wconf 90' lang='lat' dir='ltr'>huic</span> <span class='ocrx_word' id='word_1_99' title='bbox 665 1544 843 1594; x_wconf 86' lang='lat' dir='ltr'>Helice</span> <span class='ocrx_word' id='word_1_100' title='bbox 870 1547 990 1594; x_wconf 86' lang='lat' dir='ltr'>talia</span> <span class='ocrx_word' id='word_1_101' title='bbox 1015 1547 1167 1594; x_wconf 89' lang='lat' dir='ltr'>verba</span> <span class='ocrx_word' id='word_1_102' title='bbox 1193 1546 1371 1595; x_wconf 89' lang='lat' dir='ltr'>refert:</span> 
     </span>
    </p>
   </div>
   <div class='ocr_carea' id='block_1_14' title="bbox 160 1719 842 2812">
    <p class='ocr_par' dir='ltr' id='par_1_17' title="bbox 160 1719 842 2603">
     <span class='ocr_line' id='line_1_23' title="bbox 161 1719 840 1755; baseline 0 -5"><span class='ocrx_word' id='word_1_103' title='bbox 161 1729 289 1751; x_wconf 84' lang='lat' dir='ltr'>currens</span> <span class='ocrx_word' id='word_1_104' title='bbox 306 1719 336 1750; x_wconf 92' lang='lat' dir='ltr'>in</span> <span class='ocrx_word' id='word_1_105' title='bbox 353 1730 452 1751; x_wconf 81' lang='lat' dir='ltr'>mare.</span> <span class='ocrx_word' id='word_1_106' title='bbox 504 1719 644 1755; x_wconf 76' lang='lat' dir='ltr'>Plenius.</span> <span class='ocrx_word' id='word_1_107' title='bbox 664 1719 791 1751; x_wconf 75' lang='lat' dir='ltr'>AEneid.</span> <span class='ocrx_word' id='word_1_108' title='bbox 807 1731 840 1751; x_wconf 86' lang='lat' dir='ltr'>x.</span> 
     </span>
     <span class='ocr_line' id='line_1_24' title="bbox 164 1770 840 1814; baseline 0.003 -14"><span class='ocrx_word' id='word_1_109' title='bbox 164 1770 245 1800; x_wconf 83' lang='lat'><strong>694:</strong></span> <span class='ocrx_word' id='word_1_110' title='bbox 274 1782 361 1811; x_wconf 74' lang='lat' dir='ltr'>rupes</span> <span class='ocrx_word' id='word_1_111' title='bbox 375 1777 493 1810; x_wconf 68' lang='lat' dir='ltr'>exposta</span> <span class='ocrx_word' id='word_1_112' title='bbox 509 1777 610 1810; x_wconf 69' lang='lat' dir='ltr'>ponto.</span> <span class='ocrx_word' id='word_1_113' title='bbox 642 1770 840 1814; x_wconf 73' lang='lat' dir='ltr'>luit—legit.</span> 
     </span>
     <span class='ocr_line' id='line_1_25' title="bbox 162 1819 839 1857; baseline 0.003 -7"><span class='ocrx_word' id='word_1_114' title='bbox 162 1819 214 1851; x_wconf 93' lang='lat' dir='ltr'>De</span> <span class='ocrx_word' id='word_1_115' title='bbox 236 1830 329 1851; x_wconf 83' lang='lat' dir='ltr'>cursu</span> <span class='ocrx_word' id='word_1_116' title='bbox 354 1819 386 1851; x_wconf 90' lang='lat' dir='ltr'>in</span> <span class='ocrx_word' id='word_1_117' title='bbox 411 1830 482 1851; x_wconf 83' lang='lat' dir='ltr'>aere</span> <span class='ocrx_word' id='word_1_118' title='bbox 507 1820 632 1851; x_wconf 81' lang='lat' dir='ltr'>locutus</span> <span class='ocrx_word' id='word_1_119' title='bbox 655 1827 714 1857; x_wconf 81' lang='lat' dir='ltr'>est,</span> <span class='ocrx_word' id='word_1_120' title='bbox 739 1827 774 1852; x_wconf 82' lang='lat' dir='ltr'>ut</span> <span class='ocrx_word' id='word_1_121' title='bbox 800 1821 839 1852; x_wconf 91' lang='lat' dir='ltr'>de</span> 
     </span>
     <span class='ocr_line' id='line_1_26' title="bbox 164 1869 839 1912; baseline 0.003 -12"><span class='ocrx_word' id='word_1_122' title='bbox 164 1869 366 1912; x_wconf 81' lang='lat' dir='ltr'>navigatione</span> <span class='ocrx_word' id='word_1_123' title='bbox 385 1870 418 1901; x_wconf 89' lang='lat' dir='ltr'>in</span> <span class='ocrx_word' id='word_1_124' title='bbox 434 1869 524 1902; x_wconf 87' lang='lat' dir='ltr'>mari.</span> <span class='ocrx_word' id='word_1_125' title='bbox 572 1870 693 1901; x_wconf 77' lang='lat' dir='ltr'>Ionium</span> <span class='ocrx_word' id='word_1_126' title='bbox 714 1871 759 1902; x_wconf 90' lang='lat' dir='ltr'>sic</span> <span class='ocrx_word' id='word_1_127' title='bbox 783 1871 839 1902; x_wconf 80' lang='lat' dir='ltr'>ab·</span> 
     </span>
     <span class='ocr_line' id='line_1_27' title="bbox 163 1919 838 1962; baseline 0.003 -12"><span class='ocrx_word' id='word_1_128' title='bbox 163 1919 266 1951; x_wconf 78' lang='lat' dir='ltr'>solute</span> <span class='ocrx_word' id='word_1_129' title='bbox 297 1920 372 1962; x_wconf 83' lang='lat' dir='ltr'>poni</span> <span class='ocrx_word' id='word_1_130' title='bbox 402 1920 492 1951; x_wconf 87' lang='lat' dir='ltr'>solet.</span> <span class='ocrx_word' id='word_1_131' title='bbox 539 1919 624 1952; x_wconf 72' lang='lat' dir='ltr'>Vide</span> <span class='ocrx_word' id='word_1_132' title='bbox 654 1920 838 1952; x_wconf 86' lang='lat' dir='ltr'>Bentleium</span> 
     </span>
     <span class='ocr_line' id='line_1_28' title="bbox 160 1969 839 2012; baseline 0.001 -12"><span class='ocrx_word' id='word_1_133' title='bbox 160 1969 201 2001; x_wconf 90' lang='lat' dir='ltr'>ad</span> <span class='ocrx_word' id='word_1_134' title='bbox 227 1970 353 2001; x_wconf 82' lang='lat' dir='ltr'>Horatii</span> <span class='ocrx_word' id='word_1_135' title='bbox 376 1970 476 2012; x_wconf 87' lang='lat' dir='ltr'>Epod.</span> <span class='ocrx_word' id='word_1_136' title='bbox 499 1982 530 2001; x_wconf 85' lang='lat' dir='ltr'>x.</span> <span class='ocrx_word' id='word_1_137' title='bbox 550 1971 606 2001; x_wconf 90' lang='lat'>19:</span> <span class='ocrx_word' id='word_1_138' title='bbox 645 1981 704 2001; x_wconf 90' lang='lat' dir='ltr'>non</span> <span class='ocrx_word' id='word_1_139' title='bbox 731 1977 839 2001; x_wconf 83' lang='lat' dir='ltr'>autem</span> 
     </span>
     <span class='ocr_line' id='line_1_29' title="bbox 163 2019 841 2062; baseline 0.003 -12"><span class='ocrx_word' id='word_1_140' title='bbox 163 2019 214 2051; x_wconf 82' lang='lat' dir='ltr'>hie</span> <span class='ocrx_word' id='word_1_141' title='bbox 230 2019 391 2062; x_wconf 82' lang='lat' dir='ltr'>intelligas</span> <span class='ocrx_word' id='word_1_142' title='bbox 406 2031 501 2057; x_wconf 88' lang='lat' dir='ltr'>mare,</span> <span class='ocrx_word' id='word_1_143' title='bbox 512 2021 598 2062; x_wconf 91' lang='lat' dir='ltr'>quod</span> <span class='ocrx_word' id='word_1_144' title='bbox 611 2020 705 2062; x_wconf 86' lang='lat' dir='ltr'>vulgo</span> <span class='ocrx_word' id='word_1_145' title='bbox 720 2020 841 2052; x_wconf 80' lang='lat' dir='ltr'>Ionium</span> 
     </span>
     <span class='ocr_line' id='line_1_30' title="bbox 161 2069 840 2107; baseline -0.001 -6"><span class='ocrx_word' id='word_1_146' title='bbox 161 2069 224 2102; x_wconf 89' lang='lat' dir='ltr'>dici</span> <span class='ocrx_word' id='word_1_147' title='bbox 249 2070 341 2106; x_wconf 79' lang='lat' dir='ltr'>solet,</span> <span class='ocrx_word' id='word_1_148' title='bbox 357 2069 440 2101; x_wconf 84' lang='lat' dir='ltr'>inter</span> <span class='ocrx_word' id='word_1_149' title='bbox 461 2069 620 2102; x_wconf 63' lang='lat' dir='ltr'>Graeciam</span> <span class='ocrx_word' id='word_1_150' title='bbox 645 2076 677 2102; x_wconf 79' lang='lat' dir='ltr'>et</span> <span class='ocrx_word' id='word_1_151' title='bbox 702 2070 840 2107; x_wconf 81' lang='lat' dir='ltr'>Italiam,</span> 
     </span>
     <span class='ocr_line' id='line_1_31' title="bbox 163 2119 838 2162; baseline -0.001 -11"><span class='ocrx_word' id='word_1_152' title='bbox 163 2120 219 2152; x_wconf 83' lang='lat' dir='ltr'>sed</span> <span class='ocrx_word' id='word_1_153' title='bbox 234 2119 319 2162; x_wconf 88' lang='lat' dir='ltr'>quod</span> <span class='ocrx_word' id='word_1_154' title='bbox 337 2120 466 2156; x_wconf 82' lang='lat' dir='ltr'>Ioniam,</span> <span class='ocrx_word' id='word_1_155' title='bbox 485 2120 571 2151; x_wconf 85' lang='lat' dir='ltr'>Asiae</span> <span class='ocrx_word' id='word_1_156' title='bbox 592 2127 713 2162; x_wconf 84' lang='lat' dir='ltr'>partem</span> <span class='ocrx_word' id='word_1_157' title='bbox 732 2120 838 2155; x_wconf 79' lang='lat' dir='ltr'>alluit,</span> 
     </span>
     <span class='ocr_line' id='line_1_32' title="bbox 165 2170 840 2212; baseline 0.001 -11"><span class='ocrx_word' id='word_1_158' title='bbox 165 2181 183 2202; x_wconf 89' lang='lat' dir='ltr'>a</span> <span class='ocrx_word' id='word_1_159' title='bbox 198 2181 262 2212; x_wconf 85' lang='lat' dir='ltr'>quo</span> <span class='ocrx_word' id='word_1_160' title='bbox 277 2181 340 2201; x_wconf 93' lang='lat' dir='ltr'>non</span> <span class='ocrx_word' id='word_1_161' title='bbox 355 2171 449 2212; x_wconf 88' lang='lat' dir='ltr'>longe</span> <span class='ocrx_word' id='word_1_162' title='bbox 469 2171 559 2202; x_wconf 89' lang='lat' dir='ltr'>abest</span> <span class='ocrx_word' id='word_1_163' title='bbox 577 2170 726 2202; x_wconf 79' lang='lat' dir='ltr'>Icarium.</span> <span class='ocrx_word' id='word_1_164' title='bbox 774 2172 840 2202; x_wconf 87' lang='lat' dir='ltr'>Ne-</span> 
     </span>
     <span class='ocr_line' id='line_1_33' title="bbox 165 2221 841 2264; baseline 0.001 -12"><span class='ocrx_word' id='word_1_165' title='bbox 165 2232 228 2264; x_wconf 87' lang='lat' dir='ltr'>que</span> <span class='ocrx_word' id='word_1_166' title='bbox 245 2222 380 2253; x_wconf 81' lang='lat' dir='ltr'>Metam.</span> <span class='ocrx_word' id='word_1_167' title='bbox 396 2221 437 2252; x_wconf 90' lang='lat' dir='ltr'>iv.</span> <span class='ocrx_word' id='word_1_168' title='bbox 453 2222 529 2253; x_wconf 83' lang='lat'><strong>534.</strong></span> <span class='ocrx_word' id='word_1_169' title='bbox 545 2221 669 2263; x_wconf 76' lang='lat' dir='ltr'>vulgari</span> <span class='ocrx_word' id='word_1_170' title='bbox 684 2232 778 2253; x_wconf 84' lang='lat' dir='ltr'>sensu</span> <span class='ocrx_word' id='word_1_171' title='bbox 795 2222 841 2253; x_wconf 91' lang='lat' dir='ltr'>le-</span> 
     </span>
     <span class='ocr_line' id='line_1_34' title="bbox 162 2271 842 2313; baseline 0.003 -11"><span class='ocrx_word' id='word_1_172' title='bbox 162 2271 258 2313; x_wconf 87' lang='lat' dir='ltr'>gitur.</span> <span class='ocrx_word' id='word_1_173' title='bbox 304 2271 459 2303; x_wconf 80' lang='lat' dir='ltr'>Krebsius</span> <span class='ocrx_word' id='word_1_174' title='bbox 473 2271 534 2303; x_wconf 93' lang='lat' dir='ltr'>hoc</span> <span class='ocrx_word' id='word_1_175' title='bbox 554 2272 623 2304; x_wconf 89' lang='lat' dir='ltr'>loeo</span> <span class='ocrx_word' id='word_1_176' title='bbox 639 2278 738 2304; x_wconf 86' lang='lat' dir='ltr'>totum</span> <span class='ocrx_word' id='word_1_177' title='bbox 756 2283 842 2304; x_wconf 91' lang='lat' dir='ltr'>mare</span> 
     </span>
     <span class='ocr_line' id='line_1_35' title="bbox 162 2321 841 2363; baseline 0.004 -12"><span class='ocrx_word' id='word_1_178' title='bbox 162 2321 315 2363; x_wconf 83' lang='lat' dir='ltr'>intelligit</span> <span class='ocrx_word' id='word_1_179' title='bbox 345 2321 430 2363; x_wconf 86' lang='lat' dir='ltr'>quod</span> <span class='ocrx_word' id='word_1_180' title='bbox 455 2321 537 2352; x_wconf 87' lang='lat' dir='ltr'>inter</span> <span class='ocrx_word' id='word_1_181' title='bbox 562 2322 734 2359; x_wconf 88' lang='lat' dir='ltr'>Graeciam,</span> <span class='ocrx_word' id='word_1_182' title='bbox 761 2322 841 2354; x_wconf 86' lang='lat' dir='ltr'>Sici-</span> 
     </span>
     <span class='ocr_line' id='line_1_36' title="bbox 163 2371 842 2416; baseline 0.006 -14"><span class='ocrx_word' id='word_1_183' title='bbox 163 2371 252 2408; x_wconf 89' lang='lat' dir='ltr'>liam,</span> <span class='ocrx_word' id='word_1_184' title='bbox 278 2372 454 2404; x_wconf 83' lang='lat' dir='ltr'>Phoenicen</span> <span class='ocrx_word' id='word_1_185' title='bbox 481 2377 514 2403; x_wconf 83' lang='lat' dir='ltr'>et</span> <span class='ocrx_word' id='word_1_186' title='bbox 538 2373 716 2416; x_wconf 81' lang='lat' dir='ltr'>AEgyptum</span> <span class='ocrx_word' id='word_1_187' title='bbox 742 2379 842 2416; x_wconf 74' lang='lat' dir='ltr'>patet.</span> 
     </span>
     <span class='ocr_line' id='line_1_37' title="bbox 165 2421 840 2465; baseline 0.001 -12"><span class='ocrx_word' id='word_1_188' title='bbox 165 2422 269 2453; x_wconf 90' lang='lat' dir='ltr'>Immo</span> <span class='ocrx_word' id='word_1_189' title='bbox 298 2421 479 2464; x_wconf 80' lang='lat' dir='ltr'>angustiore</span> <span class='ocrx_word' id='word_1_190' title='bbox 509 2433 604 2454; x_wconf 80' lang='lat' dir='ltr'>sensu</span> <span class='ocrx_word' id='word_1_191' title='bbox 634 2422 707 2465; x_wconf 88' lang='lat' dir='ltr'>capi</span> <span class='ocrx_word' id='word_1_192' title='bbox 732 2423 840 2460; x_wconf 88' lang='lat' dir='ltr'>debet,</span> 
     </span>
     <span class='ocr_line' id='line_1_38' title="bbox 163 2471 839 2515; baseline 0.003 -13"><span class='ocrx_word' id='word_1_193' title='bbox 163 2472 284 2514; x_wconf 86' lang='lat' dir='ltr'>quippe</span> <span class='ocrx_word' id='word_1_194' title='bbox 307 2471 443 2513; x_wconf 84' lang='lat' dir='ltr'>positum</span> <span class='ocrx_word' id='word_1_195' title='bbox 468 2471 550 2503; x_wconf 85' lang='lat' dir='ltr'>inter</span> <span class='ocrx_word' id='word_1_196' title='bbox 565 2473 703 2515; x_wconf 73' lang='lat' dir='ltr'>AEgoeum</span> <span class='ocrx_word' id='word_1_197' title='bbox 720 2478 753 2504; x_wconf 87' lang='lat' dir='ltr'>et</span> <span class='ocrx_word' id='word_1_198' title='bbox 773 2473 839 2504; x_wconf 85' lang='lat' dir='ltr'>lca-</span> 
     </span>
     <span class='ocr_line' id='line_1_39' title="bbox 164 2521 840 2559; baseline 0.004 -7"><span class='ocrx_word' id='word_1_199' title='bbox 164 2523 258 2552; x_wconf 82' lang='lat' dir='ltr'>rium.</span> <span class='ocrx_word' id='word_1_200' title='bbox 305 2521 470 2552; x_wconf 80' lang='lat' dir='ltr'>Diversum</span> <span class='ocrx_word' id='word_1_201' title='bbox 508 2522 578 2553; x_wconf 83' lang='lat' dir='ltr'>locis</span> <span class='ocrx_word' id='word_1_202' title='bbox 616 2524 686 2559; x_wconf 84' lang='lat' dir='ltr'>iter,</span> <span class='ocrx_word' id='word_1_203' title='bbox 716 2522 840 2555; x_wconf 85' lang='lat' dir='ltr'>diversa</span> 
     </span>
     <span class='ocr_line' id='line_1_40' title="bbox 165 2572 247 2603; baseline 0 -1"><span class='ocrx_word' id='word_1_204' title='bbox 165 2572 247 2603; x_wconf 87' lang='lat' dir='ltr'>loca.</span> 
     </span>
    </p>

    <p class='ocr_par' dir='ltr' id='par_1_18' title="bbox 164 2620 840 2812">
     <span class='ocr_line' id='line_1_41' title="bbox 208 2620 838 2664; baseline 0 -12"><span class='ocrx_word' id='word_1_205' title='bbox 208 2621 287 2652; x_wconf 89' lang='lat'>570.</span> <span class='ocrx_word' id='word_1_206' title='bbox 336 2620 453 2656; x_wconf 80' lang='lat' dir='ltr'>Meroe,</span> <span class='ocrx_word' id='word_1_207' title='bbox 492 2620 597 2652; x_wconf 89' lang='lat' dir='ltr'>insula</span> <span class='ocrx_word' id='word_1_208' title='bbox 635 2621 838 2664; x_wconf 82' lang='lat' dir='ltr'>AEthiopum,</span> 
     </span>
     <span class='ocr_line' id='line_1_42' title="bbox 165 2669 839 2713; baseline 0 -11"><span class='ocrx_word' id='word_1_209' title='bbox 165 2681 262 2713; x_wconf 86' lang='lat' dir='ltr'>quam</span> <span class='ocrx_word' id='word_1_210' title='bbox 287 2669 383 2702; x_wconf 85' lang='lat' dir='ltr'>Nilus</span> <span class='ocrx_word' id='word_1_211' title='bbox 410 2669 509 2708; x_wconf 83' lang='lat' dir='ltr'>facit3</span> <span class='ocrx_word' id='word_1_212' title='bbox 541 2671 644 2708; x_wconf 83' lang='lat' dir='ltr'>Mela,</span> <span class='ocrx_word' id='word_1_213' title='bbox 668 2670 694 2701; x_wconf 93' lang='lat' dir='ltr'>I.</span> <span class='ocrx_word' id='word_1_214' title='bbox 716 2670 760 2702; x_wconf 85' lang='lat' dir='ltr'>ix.</span> <span class='ocrx_word' id='word_1_215' title='bbox 779 2671 839 2702; x_wconf 82' lang='lat'>10:</span> 
     </span>
     <span class='ocr_line' id='line_1_43' title="bbox 164 2719 839 2764; baseline 0.003 -12"><span class='ocrx_word' id='word_1_216' title='bbox 164 2726 184 2738; x_wconf 90' lang='lat'><strong>“</strong></span> <span class='ocrx_word' id='word_1_217' title='bbox 203 2721 309 2758; x_wconf 69' lang='lat' dir='ltr'>Nilus,</span> <span class='ocrx_word' id='word_1_218' title='bbox 325 2731 423 2763; x_wconf 86' lang='lat' dir='ltr'>quum</span> <span class='ocrx_word' id='word_1_219' title='bbox 440 2719 495 2751; x_wconf 91' lang='lat' dir='ltr'>diu</span> <span class='ocrx_word' id='word_1_220' title='bbox 516 2720 650 2763; x_wconf 83' lang='lat' dir='ltr'>simplex</span> <span class='ocrx_word' id='word_1_221' title='bbox 673 2731 839 2764; x_wconf 84' lang='lat' dir='ltr'>saevusque</span> 
     </span>
     <span class='ocr_line' id='line_1_44' title="bbox 164 2770 840 2812; baseline 0 -10"><span class='ocrx_word' id='word_1_222' title='bbox 164 2771 343 2809; x_wconf 85' lang='lat' dir='ltr'>descendit,</span> <span class='ocrx_word' id='word_1_223' title='bbox 355 2770 441 2802; x_wconf 88' lang='lat' dir='ltr'>circa</span> <span class='ocrx_word' id='word_1_224' title='bbox 457 2771 589 2803; x_wconf 87' lang='lat' dir='ltr'>Meroen</span> <span class='ocrx_word' id='word_1_225' title='bbox 600 2770 665 2802; x_wconf 87' lang='lat' dir='ltr'>late</span> <span class='ocrx_word' id='word_1_226' title='bbox 678 2777 840 2812; x_wconf 83' lang='lat' dir='ltr'>patentem</span> 
     </span>
    </p>
   </div>
   <div class='ocr_carea' id='block_1_15' title="bbox 1489 1549 1588 1594">
    <p class='ocr_par' dir='ltr' id='par_1_19' title="bbox 1489 1549 1588 1594">
     <span class='ocr_line' id='line_1_45' title="bbox 1489 1549 1588 1594; baseline -0.02 0"><span class='ocrx_word' id='word_1_227' title='bbox 1489 1549 1588 1594; x_wconf 76' lang='lat'>580</span> 
     </span>
    </p>
   </div>
   <div class='ocr_carea' id='block_1_16' title="bbox 907 1719 1590 2816">
    <p class='ocr_par' dir='ltr' id='par_1_20' title="bbox 907 1719 1589 2003">
     <span class='ocr_line' id='line_1_46' title="bbox 911 1719 1589 1762; baseline 0 -11"><span class='ocrx_word' id='word_1_228' title='bbox 911 1719 1048 1751; x_wconf 84' lang='lat' dir='ltr'>insulam</span> <span class='ocrx_word' id='word_1_229' title='bbox 1079 1719 1110 1750; x_wconf 91' lang='lat' dir='ltr'>in</span> <span class='ocrx_word' id='word_1_230' title='bbox 1140 1719 1335 1762; x_wconf 64' lang='lat' dir='ltr'>„Ethiopiam</span> <span class='ocrx_word' id='word_1_231' title='bbox 1361 1719 1589 1752; x_wconf 84' lang='lat' dir='ltr'>diffunditur.&#39;’</span> 
     </span>
     <span class='ocr_line' id='line_1_47' title="bbox 912 1770 1584 1811; baseline 0.001 -10"><span class='ocrx_word' id='word_1_232' title='bbox 912 1770 1006 1802; x_wconf 80' lang='lat' dir='ltr'>Adde</span> <span class='ocrx_word' id='word_1_233' title='bbox 1025 1771 1088 1802; x_wconf 90' lang='grc' dir='ltr'>ΠΙ.</span> <span class='ocrx_word' id='word_1_234' title='bbox 1105 1771 1145 1802; x_wconf 85' lang='lat' dir='ltr'>ix.</span> <span class='ocrx_word' id='word_1_235' title='bbox 1162 1770 1232 1801; x_wconf 78' lang='lat' dir='ltr'>init.</span> <span class='ocrx_word' id='word_1_236' title='bbox 1272 1771 1432 1811; x_wconf 81' lang='lat' dir='ltr'>Hesperios</span> <span class='ocrx_word' id='word_1_237' title='bbox 1447 1771 1514 1802; x_wconf 85' lang='lat' dir='ltr'>sive</span> <span class='ocrx_word' id='word_1_238' title='bbox 1530 1780 1584 1802; x_wconf 84' lang='lat' dir='ltr'>oc-</span> 
     </span>
     <span class='ocr_line' id='line_1_48' title="bbox 910 1820 1588 1859; baseline 0.003 -9"><span class='ocrx_word' id='word_1_239' title='bbox 910 1820 1087 1853; x_wconf 82' lang='lat' dir='ltr'>cidentales</span> <span class='ocrx_word' id='word_1_240' title='bbox 1110 1821 1243 1859; x_wconf 82' lang='lat' dir='ltr'>fluvios;</span> <span class='ocrx_word' id='word_1_241' title='bbox 1265 1822 1312 1853; x_wconf 86' lang='lat' dir='ltr'>sic</span> <span class='ocrx_word' id='word_1_242' title='bbox 1335 1821 1430 1853; x_wconf 78' lang='lat' dir='ltr'>etiam</span> <span class='ocrx_word' id='word_1_243' title='bbox 1453 1822 1536 1852; x_wconf 86' lang='lat' dir='ltr'>Met.</span> <span class='ocrx_word' id='word_1_244' title='bbox 1551 1821 1588 1853; x_wconf 89' lang='lat' dir='ltr'>ii.</span> 
     </span>
     <span class='ocr_line' id='line_1_49' title="bbox 909 1871 1589 1914; baseline 0.001 -13"><span class='ocrx_word' id='word_1_245' title='bbox 909 1872 987 1903; x_wconf 83' lang='lat'><strong>259.</strong></span> <span class='ocrx_word' id='word_1_246' title='bbox 1010 1871 1187 1914; x_wconf 76' lang='lat' dir='ltr'>conjungit,</span> <span class='ocrx_word' id='word_1_247' title='bbox 1212 1871 1266 1903; x_wconf 89' lang='lat' dir='ltr'>ubi</span> <span class='ocrx_word' id='word_1_248' title='bbox 1295 1871 1402 1903; x_wconf 84' lang='lat' dir='ltr'>addit:</span> <span class='ocrx_word' id='word_1_249' title='bbox 1436 1871 1589 1913; x_wconf 86' lang='lat' dir='ltr'>“cuique</span> 
     </span>
     <span class='ocr_line' id='line_1_50' title="bbox 910 1921 1586 1965; baseline 0.004 -14"><span class='ocrx_word' id='word_1_250' title='bbox 910 1921 970 1952; x_wconf 80' lang='lat' dir='ltr'>fuit</span> <span class='ocrx_word' id='word_1_251' title='bbox 999 1932 1101 1954; x_wconf 86' lang='lat' dir='ltr'>rerum</span> <span class='ocrx_word' id='word_1_252' title='bbox 1135 1922 1289 1965; x_wconf 86' lang='lat' dir='ltr'>promissa</span> <span class='ocrx_word' id='word_1_253' title='bbox 1317 1922 1472 1965; x_wconf 81' lang='lat' dir='ltr'>potentia,</span> <span class='ocrx_word' id='word_1_254' title='bbox 1500 1922 1586 1964; x_wconf 80' lang='lat' dir='ltr'>Thy-</span> 
     </span>
     <span class='ocr_line' id='line_1_51' title="bbox 907 1971 1015 2003; baseline 0.009 -1"><span class='ocrx_word' id='word_1_255' title='bbox 907 1971 1015 2003; x_wconf 84' lang='lat' dir='ltr'>brin.’&#39;</span> 
     </span>
    </p>

    <p class='ocr_par' dir='ltr' id='par_1_21' title="bbox 909 2021 1590 2607">
     <span class='ocr_line' id='line_1_52' title="bbox 953 2021 1587 2054; baseline -0.002 0"><span class='ocrx_word' id='word_1_256' title='bbox 953 2022 1028 2054; x_wconf 88' lang='lat'>575.</span> <span class='ocrx_word' id='word_1_257' title='bbox 1055 2022 1160 2053; x_wconf 81' lang='lat' dir='ltr'>Etiam</span> <span class='ocrx_word' id='word_1_258' title='bbox 1189 2023 1270 2053; x_wconf 82' lang='lat' dir='ltr'>Met.</span> <span class='ocrx_word' id='word_1_259' title='bbox 1291 2021 1359 2054; x_wconf 84' lang='lat' dir='ltr'>xiii.</span> <span class='ocrx_word' id='word_1_260' title='bbox 1378 2023 1455 2054; x_wconf 82' lang='lat'><strong>293.</strong></span> <span class='ocrx_word' id='word_1_261' title='bbox 1476 2024 1587 2053; x_wconf 81' lang='lat' dir='ltr'>immu—</span> 
     </span>
     <span class='ocr_line' id='line_1_53' title="bbox 910 2073 1585 2114; baseline 0.003 -13"><span class='ocrx_word' id='word_1_262' title='bbox 910 2083 976 2103; x_wconf 81' lang='lat' dir='ltr'>nem</span> <span class='ocrx_word' id='word_1_263' title='bbox 997 2075 1124 2114; x_wconf 65' lang='lat' dir='ltr'>(equoris</span> <span class='ocrx_word' id='word_1_264' title='bbox 1144 2073 1274 2104; x_wconf 70' lang='lat' dir='ltr'>Arcton.</span> <span class='ocrx_word' id='word_1_265' title='bbox 1319 2073 1393 2104; x_wconf 78' lang='lat' dir='ltr'>Jam</span> <span class='ocrx_word' id='word_1_266' title='bbox 1414 2073 1585 2110; x_wconf 81' lang='lat' dir='ltr'>Homerus,</span> 
     </span>
     <span class='ocr_line' id='line_1_54' title="bbox 909 2121 1587 2165; baseline 0.003 -12"><span class='ocrx_word' id='word_1_267' title='bbox 909 2122 950 2154; x_wconf 85' lang='lat' dir='ltr'>ll.</span> <span class='ocrx_word' id='word_1_268' title='bbox 967 2126 1004 2154; x_wconf 88' lang='lat' dir='ltr'>Z.</span> <span class='ocrx_word' id='word_1_269' title='bbox 1021 2124 1104 2155; x_wconf 83' lang='lat'><strong>489:</strong></span> <span class='ocrx_word' id='word_1_270' title='bbox 1131 2122 1192 2162; x_wconf 75' lang='grc' dir='ltr'>Οἴη</span> <span class='ocrx_word' id='word_1_271' title='bbox 1216 2121 1242 2154; x_wconf 81' lang='grc' dir='ltr'>δ’</span> <span class='ocrx_word' id='word_1_272' title='bbox 1258 2123 1405 2165; x_wconf 81' lang='grc' dir='ltr'>ἄμμορός</span> <span class='ocrx_word' id='word_1_273' title='bbox 1428 2122 1496 2154; x_wconf 82' lang='grc' dir='ltr'>ἐστι</span> <span class='ocrx_word' id='word_1_274' title='bbox 1515 2123 1587 2155; x_wconf 83' lang='grc' dir='ltr'><strong>λοε-</strong></span> 
     </span>
     <span class='ocr_line' id='line_1_55' title="bbox 910 2172 1587 2215; baseline 0.001 -12"><span class='ocrx_word' id='word_1_275' title='bbox 910 2176 998 2213; x_wconf 81' lang='grc' dir='ltr'>τρῶν</span> <span class='ocrx_word' id='word_1_276' title='bbox 1013 2172 1196 2205; x_wconf 81' lang='grc' dir='ltr'><strong>Ὠκεανοῖο.</strong></span> <span class='ocrx_word' id='word_1_277' title='bbox 1244 2173 1283 2204; x_wconf 91' lang='lat' dir='ltr'>In</span> <span class='ocrx_word' id='word_1_278' title='bbox 1302 2173 1415 2204; x_wconf 85' lang='lat' dir='ltr'>Ursam</span> <span class='ocrx_word' id='word_1_279' title='bbox 1435 2173 1587 2215; x_wconf 86' lang='lat' dir='ltr'>majorem</span> 
     </span>
     <span class='ocr_line' id='line_1_56' title="bbox 911 2222 1586 2265; baseline 0 -11"><span class='ocrx_word' id='word_1_280' title='bbox 911 2222 1044 2254; x_wconf 85' lang='lat' dir='ltr'>Callisto</span> <span class='ocrx_word' id='word_1_281' title='bbox 1067 2230 1202 2259; x_wconf 82' lang='lat' dir='ltr'>mutata,</span> <span class='ocrx_word' id='word_1_282' title='bbox 1219 2223 1379 2265; x_wconf 86' lang='lat' dir='ltr'>Lycaonis</span> <span class='ocrx_word' id='word_1_283' title='bbox 1396 2222 1532 2254; x_wconf 85' lang='lat' dir='ltr'>Arcadis</span> <span class='ocrx_word' id='word_1_284' title='bbox 1550 2223 1586 2254; x_wconf 82' lang='lat' dir='ltr'>fi-</span> 
     </span>
     <span class='ocr_line' id='line_1_57' title="bbox 912 2272 1589 2312; baseline 0.001 -8"><span class='ocrx_word' id='word_1_285' title='bbox 912 2273 977 2312; x_wconf 80' lang='lat' dir='ltr'>lia3</span> <span class='ocrx_word' id='word_1_286' title='bbox 1005 2273 1148 2304; x_wconf 82' lang='lat' dir='ltr'>Arcadia</span> <span class='ocrx_word' id='word_1_287' title='bbox 1175 2278 1282 2304; x_wconf 85' lang='lat' dir='ltr'>autem</span> <span class='ocrx_word' id='word_1_288' title='bbox 1312 2272 1387 2304; x_wconf 86' lang='lat' dir='ltr'>olim</span> <span class='ocrx_word' id='word_1_289' title='bbox 1418 2273 1589 2305; x_wconf 77' lang='lat' dir='ltr'>Parrhasia</span> 
     </span>
     <span class='ocr_line' id='line_1_58' title="bbox 912 2324 1588 2366; baseline 0.001 -11"><span class='ocrx_word' id='word_1_290' title='bbox 912 2324 1010 2356; x_wconf 84' lang='lat' dir='ltr'>dicta.</span> <span class='ocrx_word' id='word_1_291' title='bbox 1058 2325 1219 2366; x_wconf 83' lang='lat' dir='ltr'>Namque,·</span> <span class='ocrx_word' id='word_1_292' title='bbox 1249 2324 1346 2356; x_wconf 84' lang='lat' dir='ltr'>etiam</span> <span class='ocrx_word' id='word_1_293' title='bbox 1371 2324 1530 2356; x_wconf 86' lang='lat' dir='ltr'>Homerus</span> <span class='ocrx_word' id='word_1_294' title='bbox 1555 2330 1588 2356; x_wconf 85' lang='lat' dir='ltr'>et</span> 
     </span>
     <span class='ocr_line' id='line_1_59' title="bbox 915 2375 1586 2418; baseline 0 -12"><span class='ocrx_word' id='word_1_295' title='bbox 915 2375 1067 2417; x_wconf 79' lang='lat' dir='ltr'>Virgilius</span> <span class='ocrx_word' id='word_1_296' title='bbox 1082 2381 1152 2418; x_wconf 82' lang='lat' dir='ltr'>post</span> <span class='ocrx_word' id='word_1_297' title='bbox 1174 2375 1419 2418; x_wconf 82' lang='lat' dir='ltr'>appellationem</span> <span class='ocrx_word' id='word_1_298' title='bbox 1434 2385 1494 2418; x_wconf 88' lang='lat' dir='ltr'>ope</span> <span class='ocrx_word' id='word_1_299' title='bbox 1513 2385 1586 2418; x_wconf 82' lang='lat' dir='ltr'>par-</span> 
     </span>
     <span class='ocr_line' id='line_1_60' title="bbox 913 2424 1590 2467; baseline -0.001 -11"><span class='ocrx_word' id='word_1_300' title='bbox 913 2425 1081 2456; x_wconf 88' lang='lat' dir='ltr'>ticularum</span> <span class='ocrx_word' id='word_1_301' title='bbox 1097 2425 1162 2467; x_wconf 84' lang='grc' dir='ltr'>γὰρ</span> <span class='ocrx_word' id='word_1_302' title='bbox 1178 2431 1211 2456; x_wconf 83' lang='lat' dir='ltr'>et</span> <span class='ocrx_word' id='word_1_303' title='bbox 1226 2436 1354 2466; x_wconf 81' lang='lat' dir='ltr'>namque</span> <span class='ocrx_word' id='word_1_304' title='bbox 1368 2424 1521 2456; x_wconf 79' lang='lat' dir='ltr'>rationem</span> <span class='ocrx_word' id='word_1_305' title='bbox 1535 2435 1590 2456; x_wconf 88' lang='lat' dir='ltr'>eo-</span> 
     </span>
     <span class='ocr_line' id='line_1_61' title="bbox 912 2474 1589 2517; baseline 0 -12"><span class='ocrx_word' id='word_1_306' title='bbox 912 2486 980 2505; x_wconf 86' lang='lat' dir='ltr'>rum</span> <span class='ocrx_word' id='word_1_307' title='bbox 1004 2486 1075 2517; x_wconf 82' lang='lat' dir='ltr'>quae</span> <span class='ocrx_word' id='word_1_308' title='bbox 1101 2481 1251 2506; x_wconf 77' lang='lat' dir='ltr'>secutura</span> <span class='ocrx_word' id='word_1_309' title='bbox 1274 2480 1360 2511; x_wconf 86' lang='lat' dir='ltr'>sunt,</span> <span class='ocrx_word' id='word_1_310' title='bbox 1379 2474 1589 2517; x_wconf 81' lang='lat' dir='ltr'>praemittunt.</span> 
     </span>
     <span class='ocr_line' id='line_1_62' title="bbox 914 2524 1584 2566; baseline 0 -10"><span class='ocrx_word' id='word_1_311' title='bbox 914 2525 995 2556; x_wconf 81' lang='lat' dir='ltr'>Vide</span> <span class='ocrx_word' id='word_1_312' title='bbox 1019 2526 1144 2556; x_wconf 82' lang='lat' dir='ltr'>Ernest.</span> <span class='ocrx_word' id='word_1_313' title='bbox 1165 2525 1204 2556; x_wconf 89' lang='lat' dir='ltr'>ad</span> <span class='ocrx_word' id='word_1_314' title='bbox 1228 2524 1292 2557; x_wconf 89' lang='lat' dir='ltr'>Od.</span> <span class='ocrx_word' id='word_1_315' title='bbox 1314 2528 1361 2557; x_wconf 87' lang='grc' dir='ltr'>Μ.</span> <span class='ocrx_word' id='word_1_316' title='bbox 1380 2525 1466 2564; x_wconf 79' lang='lat'><strong>320;</strong></span> <span class='ocrx_word' id='word_1_317' title='bbox 1495 2524 1584 2566; x_wconf 85' lang='lat' dir='ltr'>Hey-</span> 
     </span>
     <span class='ocr_line' id='line_1_63' title="bbox 910 2572 1551 2607; baseline 0 -1"><span class='ocrx_word' id='word_1_318' title='bbox 910 2575 997 2607; x_wconf 88' lang='lat' dir='ltr'>nium</span> <span class='ocrx_word' id='word_1_319' title='bbox 1012 2576 1053 2607; x_wconf 85' lang='lat' dir='ltr'>ad</span> <span class='ocrx_word' id='word_1_320' title='bbox 1071 2574 1202 2606; x_wconf 73' lang='lat' dir='ltr'>.³Eneid.</span> <span class='ocrx_word' id='word_1_321' title='bbox 1218 2575 1240 2606; x_wconf 90' lang='lat' dir='ltr'>i.</span> <span class='ocrx_word' id='word_1_322' title='bbox 1257 2575 1333 2606; x_wconf 87' lang='lat'>731.</span> <span class='ocrx_word' id='word_1_323' title='bbox 1549 2572 1551 2574; x_wconf 39' lang='lat'><strong><em>¹</em></strong></span> 
     </span>
    </p>

    <p class='ocr_par' dir='ltr' id='par_1_22' title="bbox 909 2623 1585 2816">
     <span class='ocr_line' id='line_1_64' title="bbox 954 2623 1581 2657; baseline -0.005 0"><span class='ocrx_word' id='word_1_324' title='bbox 954 2627 1029 2657; x_wconf 89' lang='grc'><strong>580.</strong></span> <span class='ocrx_word' id='word_1_325' title='bbox 1053 2626 1104 2656; x_wconf 88' lang='lat' dir='ltr'>De</span> <span class='ocrx_word' id='word_1_326' title='bbox 1122 2625 1232 2656; x_wconf 82' lang='lat' dir='ltr'>Helice</span> <span class='ocrx_word' id='word_1_327' title='bbox 1246 2624 1368 2656; x_wconf 84' lang='lat' dir='ltr'>dictum</span> <span class='ocrx_word' id='word_1_328' title='bbox 1384 2624 1426 2655; x_wconf 90' lang='lat' dir='ltr'>ad</span> <span class='ocrx_word' id='word_1_329' title='bbox 1443 2623 1488 2655; x_wconf 84' lang='lat' dir='ltr'>iii.</span> <span class='ocrx_word' id='word_1_330' title='bbox 1508 2624 1581 2655; x_wconf 88' lang='lat'>108.</span> 
     </span>
     <span class='ocr_line' id='line_1_65' title="bbox 910 2673 1585 2717; baseline -0.003 -11"><span class='ocrx_word' id='word_1_331' title='bbox 910 2675 950 2706; x_wconf 91' lang='lat' dir='ltr'>In</span> <span class='ocrx_word' id='word_1_332' title='bbox 978 2675 1097 2717; x_wconf 82' lang='lat' dir='ltr'>hymno</span> <span class='ocrx_word' id='word_1_333' title='bbox 1123 2674 1306 2711; x_wconf 86' lang='lat' dir='ltr'>Homerico,</span> <span class='ocrx_word' id='word_1_334' title='bbox 1334 2674 1431 2706; x_wconf 83' lang='lat' dir='ltr'>Ceres</span> <span class='ocrx_word' id='word_1_335' title='bbox 1459 2673 1585 2705; x_wconf 85' lang='lat' dir='ltr'>decimo</span> 
     </span>
     <span class='ocr_line' id='line_1_66' title="bbox 909 2723 1583 2767; baseline -0.001 -11"><span class='ocrx_word' id='word_1_336' title='bbox 909 2725 1020 2756; x_wconf 83' lang='lat' dir='ltr'>erroris</span> <span class='ocrx_word' id='word_1_337' title='bbox 1039 2724 1092 2756; x_wconf 92' lang='lat' dir='ltr'>die</span> <span class='ocrx_word' id='word_1_338' title='bbox 1116 2724 1252 2767; x_wconf 89' lang='lat' dir='ltr'>primum</span> <span class='ocrx_word' id='word_1_339' title='bbox 1268 2735 1307 2757; x_wconf 78' lang='lat' dir='ltr'>ex</span> <span class='ocrx_word' id='word_1_340' title='bbox 1324 2725 1459 2761; x_wconf 84' lang='lat' dir='ltr'>Hecate,</span> <span class='ocrx_word' id='word_1_341' title='bbox 1474 2723 1583 2755; x_wconf 79' lang='lat' dir='ltr'>lunam</span> 
     </span>
     <span class='ocr_line' id='line_1_67' title="bbox 909 2774 1582 2816; baseline -0.001 -10"><span class='ocrx_word' id='word_1_342' title='bbox 909 2781 1048 2812; x_wconf 77' lang='lat' dir='ltr'>tenente,</span> <span class='ocrx_word' id='word_1_343' title='bbox 1069 2774 1108 2807; x_wconf 88' lang='lat' dir='ltr'>de</span> <span class='ocrx_word' id='word_1_344' title='bbox 1134 2775 1199 2806; x_wconf 80' lang='lat' dir='ltr'>filia</span> <span class='ocrx_word' id='word_1_345' title='bbox 1224 2775 1359 2816; x_wconf 80' lang='lat' dir='ltr'>quaerit3</span> <span class='ocrx_word' id='word_1_346' title='bbox 1386 2780 1466 2811; x_wconf 79' lang='lat' dir='ltr'>tum,</span> <span class='ocrx_word' id='word_1_347' title='bbox 1483 2784 1582 2816; x_wconf 84' lang='lat' dir='ltr'>quum</span> 
     </span>
    </p>
   </div>
  </div>
 </body>
</html>
