1830 3220
222 202 281 244 72
605 199 656 240 Ρ.
690 197 907 241 OVIDII
940 195 1224 238 NASONIS

224 318 495 366 Immemor
520 315 716 379 imperii
742 314 935 362 sedisse
961 312 1055 360 sub
1082 312 1259 360 arbore
1283 310 1454 366 fertur,

1533 311 1632 357 255

291 396 428 443 Dum
452 395 630 442 fierent
654 392 800 442 tarda
823 391 992 440 dulcia
1017 407 1170 455 poma
1194 406 1349 438 mora.

223 474 350 522 Inde
372 479 510 520 satur
535 471 688 534 nigris
715 471 919 534 longum
945 469 1078 533 rapit
1104 467 1355 531 unguibus
1380 466 1616 530 hydrum,

292 553 371 598 Ad
398 550 760 612 dominumque
785 548 931 603 redit,
958 547 1179 610 fictaque
1199 546 1350 594 verba
1373 544 1552 592 refert:

221 628 319 676 Hic
347 628 468 675 mihi
493 643 648 675 causa
673 642 842 682 morae,
862 626 1084 672 vivarum
1105 624 1339 671 obsessor
1358 639 1602 687 aquarum
1621 638 1631 670 ε

292 705 390 753 Hic
417 705 580 753 tenuit
603 704 768 752 fontes
794 703 1117 766 officiumque
1142 717 1326 748 meum.

1537 702 1636 747 260

222 783 402 841 Addis,
430 784 514 839 ait,
542 783 704 846 culpae
730 779 1010 835 mendacia,
1039 779 1294 835 Phoebus;
1336 786 1386 825 et
1411 777 1569 825 audes

294 861 576 908 Fatidicum
605 858 767 907 verbis
793 858 965 905 fallere
991 857 1118 904 velle
1148 856 1342 904 Deum!

224 939 293 986 At
317 939 424 994 tibi,
453 939 571 985 dum
597 938 791 984 lactens
818 935 1030 982 haerebit
1055 934 1104 980 in
1132 934 1309 981 arbore
1335 934 1481 988 ficus,

294 1016 372 1063 De
398 1017 535 1063 nullo
561 1015 739 1078 gelidae
766 1015 901 1061 fonte
927 1014 1164 1061 bibantur
1189 1028 1350 1075 aquae.

227 1093 397 1151 Dixit3
440 1101 490 1141 et
515 1093 711 1156 antiqui
738 1098 1063 1139 monumenta
1088 1090 1329 1155 perennia
1353 1088 1488 1145 facti,
1538 1091 1636 1136 265

294 1171 504 1234 Anguis,
532 1170 670 1226 Avis,
701 1169 895 1226 Crater,
924 1169 1088 1217 sidera
1107 1169 1288 1232 juncta
1312 1167 1515 1215 micant.

226 1248 443 1295 TERTIA
474 1255 590 1311 post
615 1246 736 1294 Idus
758 1247 919 1295 nudos
946 1246 1142 1293 Aurora
1168 1245 1423 1309 Lupercos

293 1325 544 1389 Adspicit,
574 1332 623 1372 et
650 1324 809 1371 Fauni
836 1340 978 1371 sacra
1002 1323 1220 1371 bicornis
1245 1330 1381 1371 eunt.

226 1476 439 1508 referendum.
489 1476 596 1506 Tentat
620 1482 801 1515 eam—apta
827 1477 897 1517 legi.

226 1527 403 1568 Leguntur,
439 1525 643 1566 colliguntur,
670 1525 790 1555 fructus
826 1536 897 1567 pro-

226 1575 294 1617 prie
319 1576 358 1606 ab
383 1575 573 1610 hominibus,
591 1574 623 1606 h.
648 1575 701 1604 La
727 1585 830 1609 corvo,
845 1573 898 1616 qui

228 1624 380 1666 decerpit.
428 1625 540 1655 sedisse
561 1626 614 1655 sub
630 1626 746 1660 arbore,
761 1630 822 1654 etc.
839 1635 899 1654 non

228 1674 334 1716 inepte
351 1674 409 1705 hoc
426 1674 534 1705 fictum
549 1685 556 1711 ;
573 1673 736 1704 celerrime
749 1673 831 1704 enim
849 1673 899 1704 fici

230 1730 460 1755 maturescunt.
503 1724 637 1759 Plinius,
656 1724 738 1753 Hist.
757 1724 832 1754 Nat.
848 1735 900 1754 xv.

230 1775 294 1804 21:
320 1779 343 1791 “
362 1773 568 1804 Admirabilis
588 1780 634 1803 est
660 1774 743 1814 pomi
771 1773 900 1815 hujusce

230 1823 420 1855 festinatio.’‘
476 1823 590 1864 Itaque
621 1823 766 1864 Hyginus
795 1828 815 1840 ‘¹
833 1829 902 1864 post

230 1872 353 1914 aliquot
373 1873 440 1903 dies
461 1873 558 1904 coctis
582 1872 684 1903 ficis.’'
734 1872 784 1903 Ne
808 1873 903 1914 igitur

230 1933 344 1964 urgeas
366 1923 402 1954 τὸ
424 1925 516 1953 tarda
537 1934 632 1953 mora.
673 1921 755 1953 Vide
777 1923 817 1953 ad
836 1933 901 1953 ver-

231 1983 300 2003 sum
319 1973 393 2003 170.

273 2023 348 2053 259.
365 2022 485 2052 Passim
502 2021 586 2063 apud
602 2026 722 2052 veteres
742 2028 903 2062 serpentes

231 2077 400 2102 occurrunt
421 2070 553 2101 fontium
568 2071 724 2100 custodes.
763 2069 845 2100 Vide
863 2071 901 2101 ad

231 2121 367 2151 Metam.
391 2120 434 2151 iii.
457 2121 510 2151 31.
563 2119 638 2150 Veri
674 2130 747 2160 ergo
785 2118 903 2151 similia

230 2171 321 2201 finxit
344 2181 468 2202 corvus,
518 2170 627 2200 Tenuit
651 2170 683 2200 iu
705 2168 825 2209 dilogia
847 2180 899 2210 po-

208 2214 211 2217 *
231 2219 337 2256 situm,
357 2219 526 2251 custodivit
549 2219 663 2254 fontes,
687 2226 718 2250 et
739 2219 904 2260 impedivit

231 2269 369 2300 officium
385 2279 502 2299 meum.
549 2271 590 2299 At
606 2270 671 2304 tibi,
688 2274 751 2298 etc.
769 2268 902 2304 Plinius,

232 2319 275 2349 H.
291 2319 334 2349 N.
350 2330 381 2350 x.
397 2320 436 2350 15
452 2330 458 2348 :
487 2323 508 2336 ·‘
528 2317 622 2349 Corvi
644 2324 717 2349 ante
734 2317 902 2349 solstitium

231 2374 384 2410 generant
398 2381 404 2398 :
431 2368 528 2399 iidem
544 2374 722 2410 aegrescunt
737 2368 903 2409 sexagenis

233 2418 356 2455 diebus,
384 2418 436 2449 siti
470 2417 619 2454 maxime,
650 2424 820 2459 autequam
850 2417 902 2449 fici

232 2473 410 2510 coquantur
447 2467 632 2498 autumno.'’
678 2467 757 2497 Inde
794 2467 903 2498 fabula

234 2522 322 2548 nata.
356 2517 481 2559 Nempe
498 2522 618 2552 aestate,
634 2516 720 2557 quod
736 2515 799 2546 alvi
814 2516 901 2548 fluxu

233 2565 424 2602 laborarent,
446 2566 485 2596 ab
509 2565 647 2596 humidis
664 2565 822 2595 alimentis
846 2565 900 2596 ab.

234 2614 349 2646 stinere
376 2614 460 2645 corvi
488 2614 717 2652 credebantur3
744 2614 901 2650 AElianus,

236 2664 279 2695 H.
292 2664 337 2696 A.
353 2663 386 2695 ii.
398 2666 429 2695 5.
466 2663 550 2693 Hinc
566 2663 710 2694 dixerunt
724 2674 730 2692 ε
749 2664 901 2704 quamdiu

236 2713 287 2745 fici
310 2720 499 2756 coquuntur,
515 2723 625 2744 corvus
645 2712 752 2743 bibere
770 2723 831 2743 non
846 2723 902 2755 po-

235 2768 307 2795 test.
332 2763 456 2794 Haerere
471 2762 502 2794 in
517 2763 624 2794 arbore
639 2761 787 2793 dicuntur
802 2762 901 2797 flores,

967 1487 999 1506 v.
1016 1476 1102 1514 2553
1127 1475 1258 1511 fructus,
1270 1475 1352 1506 Met.
1366 1474 1386 1505 i.
1404 1475 1463 1506 105
1480 1486 1487 1513 3
1503 1473 1640 1508 frondes,

967 1525 1012 1555 iii.
1034 1525 1107 1556 730.
1160 1525 1285 1555 Lac-tere
1309 1524 1436 1555 omuino
1459 1524 1499 1556 de
1522 1523 1641 1566 plantis

968 1574 1173 1609 succulentis,
1207 1574 1290 1605 unde
1322 1574 1455 1604 Metam.
1482 1585 1534 1605 xv.
1561 1574 1639 1604 201.

970 1626 1083 1655 lactens
1113 1635 1214 1655 annus
1243 1630 1382 1665 tempore
1414 1634 1518 1655 verno.
1578 1622 1641 1654 Sed

969 1673 1036 1704 ficis
1058 1673 1240 1704 nominatim
1259 1672 1351 1703 lactis
1373 1684 1486 1704 succus
1507 1677 1561 1703 aut
1583 1671 1641 1702 hu·

970 1733 1036 1753 mor
1052 1722 1209 1753 tribuitur.
1253 1722 1384 1758 Plinius,
1401 1722 1443 1752 H.
1460 1722 1502 1752 N.
1519 1733 1572 1752 Χν.
1587 1722 1642 1753 21.

971 1773 1238 1802 maturescentibus
1247 1783 1303 1802 psse
1318 1783 1439 1801 succum
1453 1772 1551 1802 luctis.
1581 1770 1641 1801 At-

971 1821 1025 1862 qui
1049 1821 1088 1851 de
1112 1821 1169 1851 hoc
1192 1821 1301 1851 eodem
1323 1828 1461 1862 tempore
1487 1831 1571 1851 nunc
1594 1826 1643 1851 est

971 1881 1082 1901 sermo.
1130 1870 1169 1900 Et
1186 1872 1317 1910 antiqui,
1334 1877 1395 1901 etc.
1419 1870 1544 1912 Nempe
1555 1868 1639 1900 sitim

972 1919 1056 1950 corvi
1078 1920 1145 1951 haec
1162 1919 1336 1956 declarant,
1353 1930 1448 1962 quem
1465 1919 1565 1961 hydra
1580 1929 1643 1951 non

972 1969 1090 2011 patitur
1100 1970 1140 2000 ad
1153 1975 1274 2001 cratera
1286 1969 1452 2001 accedere.
1474 1969 1559 2001 Vide
1572 1970 1642 2012 Hy-

970 2030 1093 2060 glnum.

1015 2070 1089 2100 267.
1114 2069 1177 2100 Die
1193 2081 1243 2100 xv.
1259 2069 1412 2099 Februar.
1425 2067 1491 2099 sive
1506 2079 1558 2100 xv.
1575 2069 1642 2100 Ka-

970 2119 1057 2149 lend.
1072 2119 1205 2149 Martias
1227 2118 1413 2158 Lupercalia
1437 2118 1642 2150 celebraban-

972 2175 1032 2204 tur,
1053 2169 1168 2210 quibus
1188 2167 1406 2198 describendis
1420 2167 1516 2199 Ovid.
1531 2168 1642 2199 immo-

972 2224 1056 2249 ratur
1073 2229 1171 2260 usque
1187 2218 1227 2249 ad
1244 2229 1310 2249 ver.
1328 2219 1402 2249 452.
1448 2218 1500 2249 De
1523 2218 1642 2260 origine

971 2274 1002 2298 et
1016 2267 1128 2298 ritibus
1149 2267 1258 2298 horum
1274 2277 1432 2298 sacrorum
1448 2267 1520 2298 vide
1534 2267 1605 2298 Liv.
1621 2267 1643 2299 i.

971 2320 1014 2356 55
1035 2318 1169 2359 Dionys.
1186 2317 1293 2348 Halic.
1310 2318 1339 2348 Ι.
1362 2316 1462 2347 xxxii.
1508 2317 1640 2355 Noster,

970 2373 1006 2398 ut
1031 2368 1133 2399 solent
1156 2373 1271 2409 poetae,
1295 2367 1334 2397 ad
1360 2365 1490 2397 Homeri
1513 2366 1641 2408 quidem

970 2417 1162 2459 exemplum,
1180 2427 1282 2448 rerum
1303 2417 1504 2458 antiquarum
1524 2427 1643 2448 memo·

969 2466 1047 2497 riam
1062 2465 1237 2508 repetituri,
1248 2466 1360 2496 Musas
1374 2465 1511 2496 invocat.
1558 2466 1642 2497 Fau-

970 2528 1028 2547 nus
1050 2527 1108 2558 pro
1133 2517 1233 2551 Pane,
1251 2523 1286 2546 ut
1309 2515 1393 2558 apud
1415 2515 1592 2553 Horatium,
1609 2516 1640 2547 Ι.

971 2566 1034 2597 Od.
1059 2565 1133 2596 xvii.
1156 2567 1187 2596 2.
1211 2571 1243 2596 et
1267 2565 1356 2597 alibi.
1400 2565 1530 2596 Fabulae
1556 2566 1641 2596 euim

969 2617 1124 2647 Italorum
1149 2616 1258 2658 priscae
1283 2627 1355 2647 cum
1382 2616 1505 2648 Graecis
1533 2616 1640 2647 mixtae

969 2671 1054 2696 sunt.
1101 2666 1179 2696 vid.
1209 2666 1327 2708 Heynii
1364 2667 1496 2697 Excurs.
1524 2665 1568 2697 iv.
1599 2665 1640 2697 ad

974 2716 1048 2746 AEln.
1068 2715 1120 2746 vii.
