1830 3220
618 193 967 237 FASTORUM
1003 194 1124 237 LIB.
1161 193 1243 236 IV.

1543 197 1628 238 189

201 309 327 357 Pars
349 311 561 374 clypeos
588 311 817 368 sudibus,
846 313 1018 375 galeas
1045 329 1162 377 pars
1188 310 1359 359 tundit
1384 311 1589 361 inanes:

270 387 381 437 Hoc
404 388 623 437 Curetes
649 390 861 449 habent;
892 391 987 439 hoc
1010 391 1334 455 Corybantes
1361 405 1507 455 opus.
1529 394 1629 439 210

202 465 306 515 Res
332 467 480 515 latuit
505 475 731 532 patrem;
775 469 1035 534 priscique
1061 469 1342 517 imitamina
1367 468 1504 526 facti,

268 545 388 594 AEra
410 545 536 595 Deae
563 548 776 596 comites
802 564 1057 612 raucaque
1085 555 1230 611 terga
1256 555 1476 595 movent.

203 623 457 689 Cymbala
494 642 585 690 pro
612 625 789 689 galeis,
818 642 908 691 pro
934 625 1092 674 scutis
1118 633 1366 690 tympana
1390 626 1626 691 pulsant:

271 702 418 752 Tibia
442 703 532 752 dat
558 704 830 770 Phrygios,
861 712 916 753 ut
940 705 1084 754 dedit
1109 711 1245 761 ante,
1273 705 1469 754 modos.

204 780 470 841 Desierat3
513 784 673 848 coepi:
717 783 824 832 Cur
848 785 965 833 huic
993 801 1154 848 genus
1182 799 1314 840 acre,
1342 784 1534 841 leones,

272 859 514 910 Praebent
539 862 767 911 insolitas
794 863 858 911 ad
878 864 1005 927 juga
1030 878 1183 910 curva
1202 863 1391 927 jubas?

1533 865 1630 909 216

206 937 501 998 Desieram3
543 941 726 1006 coepit:
771 941 966 989 Feritas
993 940 1188 989 mollita
1213 956 1304 1005 per
1329 940 1467 988 illam

277 1017 516 1066 Creditur
537 1036 547 1067 ε
589 1019 639 1067 id
665 1036 815 1067 curru
842 1018 1115 1068 testificata
1139 1036 1230 1067 suo
1256 1026 1351 1068 est.

207 1094 276 1144 At
300 1113 389 1144 cur
413 1098 593 1146 turrita
617 1106 773 1164 caput
798 1105 878 1147 est
903 1105 1080 1148 ornata
1106 1098 1328 1147 corona?

276 1174 356 1223 An
383 1175 622 1242 Phrygiis
648 1185 812 1226 turres
838 1178 1048 1226 urbibus
1074 1178 1159 1226 illa
1183 1177 1361 1226 dedit?

208 1281 324 1322 sEgeo,
355 1281 409 1323 qui
442 1281 501 1313 fuit
531 1282 622 1314 collis
652 1282 767 1314 montis
796 1283 887 1315 Idaei.

207 1330 269 1362 Sed
290 1337 322 1362 et
343 1330 535 1374 ambiguitas
552 1331 638 1363 vocis
656 1331 714 1364 Ida
738 1343 887 1375 magnam

208 1380 241 1412 in
265 1381 351 1413 omni
378 1381 439 1414 hac
462 1382 573 1414 fabula
596 1383 813 1415 confusionem
832 1395 886 1426 pe·

208 1430 302 1472 perit.
355 1431 437 1463 Vide
473 1432 647 1474 Spanhem.
678 1433 718 1464 ad
758 1433 888 1465 Callim.

208 1481 295 1513 dicto
310 1481 391 1514 loco.
429 1483 634 1522 Jamdudmn,
650 1484 815 1516 continuo.

251 1533 330 1565 210.
358 1534 485 1566 Curetes
506 1534 651 1566 nonnulli
670 1534 797 1566 eosdem
815 1545 888 1566 cum

211 1584 436 1625 Corybantibus
454 1590 486 1616 et
507 1584 604 1616 Idaeis
620 1584 772 1627 Dactylis
791 1585 889 1617 facie-

208 1634 298 1672 bant,
311 1635 366 1666 alii
381 1646 438 1678 pro
451 1635 596 1678 cognatis
608 1635 781 1667 habebant.
805 1635 889 1668 Vide

209 1695 289 1726 quos
297 1685 469 1728 Spanhem.
479 1686 520 1717 ad
531 1685 768 1718 Callimachum
779 1685 890 1728 hymn.

210 1736 284 1767 Jov.
300 1746 365 1768 ver.
381 1737 434 1768 52.
451 1742 483 1768 et
503 1736 683 1767 Munkerus
706 1736 747 1767 ad
770 1736 890 1778 Hygini

210 1785 310 1818 fabul.
329 1787 402 1818 139.
417 1785 564 1818 laudant.
588 1787 706 1817 Eorum
728 1785 891 1818 historiam

212 1835 418 1878 Epimenides
447 1836 608 1868 Cretensis
635 1835 776 1867 carmine
805 1847 890 1868 com-

212 1886 326 1927 plexus
360 1891 439 1918 erat.
501 1885 600 1917 Primi
639 1890 795 1917 armatam
827 1886 891 1918 sal-

212 1935 366 1968 tationem
404 1935 622 1973 instituerunt,
651 1947 749 1979 quam
786 1936 891 1968 Graeci

214 1985 387 2029 πυῤῥίχην
416 1992 555 2018 vocant:
594 1986 767 2028 Dionysius
799 1986 892 2018 Hali-

212 2046 301 2069 carn.
324 2037 358 2068 ii.
382 2037 454 2077 70.;
477 2037 532 2068 vii.
554 2038 634 2077 72.;
657 2037 781 2074 Strabo,
802 2049 835 2068 x.
860 2048 891 2079 p.

212 2087 288 2119 466.
299 2099 308 2126 ;
334 2087 527 2119 Callimach.
547 2087 658 2130 hymn.
672 2089 692 2120 J
696 2099 746 2119 ov.
763 2089 817 2120 52.
832 2087 891 2119 ibi-

212 2148 275 2180 que
290 2137 412 2180 Spanh.
461 2137 585 2180 Clypeos
609 2139 680 2176 τοῖς
699 2136 823 2181 δόρασι,
838 2137 890 2180 ἐγ-

214 2187 391 2231 χειριδίοις,
413 2189 506 2220 hastis
529 2189 673 2231 pulsasse
694 2188 892 2230 Apollodoro

214 2238 245 2269 Ι.
277 2238 298 2270 i.
327 2240 376 2278 3.;
401 2237 569 2281 Dionysio,
598 2238 632 2269 ii.
654 2238 726 2277 70.;
761 2238 893 2280 Hygino

214 2289 280 2321 fab.
300 2290 373 2321 139.
387 2289 549 2321 dicuntur.
576 2290 700 2326 Inanes,
716 2299 780 2320 non
795 2288 894 2332 capiti

215 2338 391 2381 impositas.

260 2391 337 2421 211.
367 2389 434 2421 Res
463 2389 592 2426 mansit,
624 2393 749 2420 tantum
779 2388 894 2420 instru-

217 2445 326 2483 menta
341 2445 414 2471 sunt
430 2446 565 2471 mutata.
596 2438 794 2475 Lactantius,
809 2438 892 2469 Inst.

219 2490 284 2522 xxi.
308 2491 369 2522 39:
396 2494 416 2508 “
435 2489 604 2532 Quidquid
634 2494 682 2521 est
707 2494 832 2531 gestum
862 2489 894 2519 in

219 2539 444 2572 abscondendo
456 2550 565 2582 puero,
581 2539 614 2570 id
630 2539 734 2581 ipsum
748 2549 803 2581 per
816 2538 894 2570 ima-

216 2591 324 2633 ginem
340 2590 459 2632 geritur
471 2591 504 2622 in
520 2589 652 2621 sacris.’'
689 2588 773 2620 Vide
789 2594 896 2620 tamen

218 2648 251 2673 et
281 2641 479 2678 Lucretium,
502 2640 536 2672 ii.
565 2641 629 2672 640
657 2650 729 2683 sqq.
785 2639 895 2671 Facile

217 2691 415 2734 subintelligi
449 2696 564 2734 potest,
592 2701 664 2733 quae
701 2689 764 2722 sint
791 2692 894 2721 imita-

218 2744 314 2779 mina,
339 2741 380 2774 ad
400 2741 625 2773 imitationem.
671 2741 743 2772 Hoc
766 2741 895 2783 elegan-

221 2791 295 2831 tius,
316 2804 413 2836 quam
437 2793 573 2825 alterum
595 2793 731 2824 Metam.
749 2792 793 2822 iv.
809 2792 892 2823 445:

1532 1181 1633 1225 220

958 1288 978 1301 “
996 1283 1074 1314 Pars
1097 1283 1176 1314 alias
1198 1282 1306 1313 artes'’
1326 1281 1502 1320 celebrant,
1518 1286 1538 1300 “
1556 1282 1637 1314 anti-

958 1344 1030 1375 quae
1061 1331 1240 1364 imitamina
1262 1330 1371 1368 vitae,''
1397 1331 1494 1374 idque
1518 1332 1640 1364 faciunt

959 1383 1000 1415 ad
1026 1382 1236 1414 imitationem
1258 1381 1370 1424 prioris
1386 1381 1474 1413 vitae.
1525 1382 1637 1425 Terga,

958 1439 1123 1476 tympana,
1137 1432 1254 1474 quibus
1266 1441 1381 1464 raucus
1397 1442 1505 1463 sonus.
1534 1432 1638 1474 Phry-

955 1486 1021 1526 gios
1058 1485 1158 1514 modos
1175 1494 1186 1520 ,·
1226 1481 1396 1513 Lucretius
1433 1481 1520 1513 dicto
1555 1482 1637 1520 loco,

958 1537 978 1550 “
997 1532 1138 1575 Phrygio
1152 1531 1298 1563 stimulat
1313 1542 1445 1563 numero
1467 1541 1548 1563 cava
1563 1531 1642 1564 tibia

958 1589 1082 1614 mentes
1094 1583 1126 1623 ;'’
1140 1581 1299 1620 Tibullus,
1308 1582 1355 1615 II.
1370 1581 1392 1613 i.
1408 1583 1479 1614 86.:
1499 1586 1519 1600 “
1537 1582 1640 1626 Phry-

958 1634 1010 1676 gio
1032 1633 1113 1665 tibia
1132 1644 1231 1666 curva
1249 1633 1361 1665 sono.’'
1398 1633 1516 1665 Nullos
1531 1639 1639 1665 autem

958 1684 1013 1716 ille
1037 1695 1132 1716 sonus
1156 1683 1301 1715 modulos
1324 1683 1476 1715 habebat.
1506 1683 1640 1715 Aristot.

960 1734 1069 1766 Probl.
1087 1735 1304 1767 xix.seet.49.
1341 1733 1428 1765 Vide
1440 1733 1482 1765 ad
1500 1734 1639 1766 Metam.

961 1784 1007 1816 xi.
1036 1784 1111 1816 162.
1140 1784 1196 1816 ubi
1223 1786 1418 1815 barbaricum
1442 1796 1567 1816 carmen
1594 1790 1643 1816 est

961 1840 1075 1866 cantus
1090 1834 1263 1877 Phrygius.
1292 1834 1345 1865 De
1359 1835 1433 1865 tibia
1449 1833 1505 1866 illa
1518 1834 1641 1866 dictum

960 1895 1057 1928 supra
1073 1885 1114 1916 ad
1130 1896 1256 1916 versum
1276 1885 1351 1916 181.

1006 1937 1083 1968 215.
1106 1935 1251 1977 Insignia
1267 1935 1362 1972 Deae,
1375 1934 1415 1966 de
1431 1935 1549 1977 quibus
1565 1946 1641 1967 con-

961 1987 1030 2019 sule
1055 1986 1195 2029 Pignorii
1216 1986 1288 2018 libr.
1314 1986 1354 2018 de
1377 1987 1508 2028 Magnae
1533 1986 1642 2019 Deum

961 2037 1070 2069 matris
1090 2043 1123 2069 et
1138 2036 1261 2068 Attidis
1281 2036 1390 2068 initiis.
1437 2037 1490 2068 De
1508 2038 1642 2069 leonibus

961 2087 1131 2119 Lucretius
1153 2087 1240 2119 dicto
1263 2087 1351 2119 loco:
1376 2091 1397 2105 “
1411 2087 1506 2119 Hanc
1522 2093 1642 2120 veteres

963 2137 1098 2170 Graium
1127 2137 1213 2169 docti
1240 2137 1385 2169 cecinere
1409 2143 1512 2180 poetae
1536 2138 1643 2170 Subli-

962 2198 1046 2220 mem
1062 2187 1095 2219 in
1112 2198 1207 2219 curru
1222 2187 1347 2230 bijugos
1364 2187 1484 2230 agitare
1499 2187 1644 2225 leones‚”

963 2248 1158 2280 causamque
1180 2237 1270 2270 addit
1286 2237 1387 2269 hanc:
1415 2242 1437 2255 “
1456 2237 1644 2281 Adjunxere

964 2288 1059 2325 feras,
1077 2288 1154 2330 quia
1170 2286 1317 2330 quamvis
1333 2287 1429 2319 effera
1445 2287 1548 2330 proles
1564 2288 1644 2319 Offi-

964 2338 1022 2370 ciis
1046 2337 1144 2370 debet
1170 2337 1286 2369 molliri
1314 2337 1403 2369 victa
1430 2338 1642 2380 parentum.''

963 2387 1047 2420 Aliis
1062 2388 1187 2430 Cybele
1210 2388 1391 2429 symbolum
1416 2393 1538 2419 naturae
1555 2387 1644 2420 vide-

964 2443 1026 2475 tur,
1039 2438 1130 2481 cujus
1146 2437 1208 2469 vim
1226 2439 1322 2469 leones
1336 2436 1491 2469 indicent.

1008 2489 1086 2520 219.
1110 2488 1236 2530 Magna
1260 2488 1370 2519 Mater
1389 2492 1437 2519 est
1459 2487 1567 2524 Terra,
1592 2488 1645 2519 cui

964 2549 1047 2570 curae
1073 2540 1237 2580 turrigera>
1259 2538 1352 2569 urbes
1374 2537 1470 2579 (AEn.
1490 2549 1525 2568 x.
1551 2536 1646 2575 253.)

964 2600 1044 2631 quas
1073 2589 1221 2625 sustinet,
1251 2587 1337 2619 unde
1366 2593 1398 2618 et
1428 2586 1498 2629 ipsa
1528 2588 1646 2618 turrita

964 2638 1082 2670 dicitur
1112 2637 1245 2670 AEneid.
1274 2637 1319 2669 vi.
1351 2637 1438 2676 7863
1478 2636 1645 2667 Lucretius

964 2688 1051 2720 dicto
1077 2689 1166 2720 loco:
1191 2692 1211 2705 “
1229 2686 1416 2729 Muralique
1439 2690 1535 2728 caput
1556 2696 1642 2716 sum-

964 2749 1052 2770 mum
1073 2738 1201 2770 cinxere
1224 2747 1351 2774 corona,
1367 2735 1502 2768 Eximiis
1517 2735 1641 2767 munita

965 2789 1042 2821 locis
1058 2788 1144 2831 quod
1160 2789 1295 2820 sustinet
1310 2786 1450 2818 urbeis.'’
