1830 3220
553 202 906 245 FASTORUM
940 201 1063 243 LIB.
1098 201 1181 243 VI.

1489 201 1575 243 317

154 312 331 368 Poene,
359 312 660 362 rebellaras:
703 321 756 361 et
778 314 881 362 leto
907 314 1129 362 consulis
1155 328 1332 361 omnes

220 389 451 438 Adtoniti
479 390 686 439 Mauras
714 391 1022 456 pertimuere
1047 407 1246 439 manus.

157 468 315 533 Spem
341 475 506 516 metus
533 468 818 533 expulerat,
846 485 1006 533 quum
1040 468 1206 517 Menti
1232 477 1348 517 vota
1371 475 1579 518 senatus

227 546 482 611 Suscipit3
524 557 576 595 et
600 547 776 595 melior
800 547 1032 612 protinus
1057 548 1145 596 illa
1168 548 1325 596 venit.

1479 551 1579 595 246

157 623 396 689 Adspicit
419 625 669 674 instantes
694 626 875 674 mediis
902 643 994 674 sex
1021 626 1220 674 lucibus
1248 625 1372 674 Idus

225 702 320 751 Illa
345 703 471 760 dies,
499 721 601 768 qua
626 713 745 754 sunt
769 712 885 754 vota
911 706 1077 754 soluta
1101 705 1228 753 deae.

156 781 366 838 VESTA,
393 781 534 831 fave:
576 783 669 830 tibi
695 800 829 832 nunc
854 791 1066 849 operata
1089 782 1388 832 resolvimus
1413 799 1516 841 ora,

227 860 309 907 Ad
335 868 423 908 tua
448 860 490 908 si
515 861 663 909 nobis
689 878 835 910 sacra
859 863 1030 911 venire
1056 862 1192 910 licet.

1485 864 1585 909 250

160 937 221 985 In
248 955 398 1004 prece
424 947 562 988 totus
589 957 756 990 eram:
794 942 1023 989 coelestia
1048 940 1257 988 numina
1282 941 1445 1000 sensi3

230 1017 474 1082 Laetaque
499 1035 754 1084 purpurea
780 1021 893 1069 luce
921 1019 1117 1068 refulsit
1142 1020 1356 1068 humus:

164 1096 210 1143 N
218 1113 283 1144 on
310 1097 549 1161 equidem
575 1098 692 1154 vidi,
720 1099 923 1147 valeant
948 1098 1217 1147 mendacia
1241 1105 1430 1154 vatum,

230 1174 319 1232 Te,
349 1175 472 1233 dea3
516 1192 609 1224 nec
637 1175 802 1225 fueras
829 1177 1161 1241 adspicienda
1186 1176 1288 1223 viro

163 1349 313 1387 minibus,
348 1361 421 1392 quae
456 1351 545 1393 leges
573 1352 628 1384 xii.
658 1354 748 1384 tabb.
778 1352 840 1383 coli

159 1399 331 1442 jubebant,
357 1406 447 1432 erant
469 1407 502 1432 et
526 1403 599 1439 olla,
624 1409 749 1443 propter·
778 1413 842 1443 quae

162 1451 259 1481 datur
296 1451 409 1482 homini
445 1452 606 1483 adscensus
647 1454 682 1483 in
722 1453 841 1488 coelum,

167 1499 268 1536 Mens,
294 1500 411 1537 Virtus,
433 1501 551 1537 Pietas,
572 1501 686 1540 Fides5
717 1501 843 1538 Cicero,

164 1550 266 1592 Legg.
292 1550 328 1581 ii.
352 1551 383 1581 8.
428 1551 510 1581 Eam
535 1550 639 1593 legem
657 1551 740 1583 ridet
764 1552 841 1583 Lac-

164 1600 295 1638 tantius,
311 1600 394 1632 11151.
411 1599 432 1631 i.
449 1602 503 1631 20.
549 1601 642 1633 Bello
657 1601 781 1633 Punico
795 1612 845 1633 se-

166 1650 284 1685 cundo,
299 1655 371 1692 post
390 1661 531 1692 pugnam
547 1651 588 1682 ad
610 1651 718 1682 lacum
741 1651 846 1682 Trasi-

166 1710 308 1736 menum,
345 1700 530 1737 decemviri,
568 1701 721 1732 consultis
758 1700 848 1732 libris

166 1750 342 1792 Sibyllinis,
364 1750 543 1782 retulerunt
558 1750 679 1782 Veneri
700 1750 846 1792 Erycinae

168 1811 206 1832 ac
221 1801 324 1832 Menti
342 1800 427 1832 aedes
442 1811 510 1832 esse
526 1801 697 1832 vovendas.
744 1801 849 1832 Menti

168 1850 256 1882 vovit
292 1851 330 1882 T.
357 1850 515 1882 Otacilius
539 1858 666 1894 praetor,
698 1851 848 1894 idemque

169 1900 320 1932 duumvir
348 1900 532 1940 dedicavit3
573 1901 696 1938 Livius,
722 1901 802 1933 xxii.
828 1903 848 1932 8

169 1958 202 1983 et
225 1953 285 1991 10;
310 1951 400 1983 xxiii.
422 1953 478 1982 31.
527 1952 702 1989 Romame,
731 1963 848 1983 novum

169 2001 291 2033 bellum
310 2011 447 2038 movere,
465 2001 681 2044 redintegrare
703 2001 824 2033 bellum
840 2014 847 2032 τ

170 2051 215 2083 sic
236 2051 357 2088 Livius,
384 2051 427 2082 iv.
452 2052 508 2083 23.
529 2056 562 2083 et
586 2051 685 2092 alibi3
707 2052 848 2083 Metam.

170 2100 217 2132 ix.
247 2101 300 2132 81.
332 2106 380 2131 est
409 2111 523 2132 novam
561 2101 683 2133 luctam
714 2101 850 2144 ingredi.

173 2151 333 2182 Consulem
362 2150 555 2182 Flaminium
587 2152 723 2183 Insuber
751 2162 851 2194 eques

172 2201 205 2233 in
234 2200 345 2243 praelio
373 2200 487 2232 lancea
515 2201 695 2241 transfixit3
729 2202 850 2239 Livius,

173 2251 250 2284 xxii.
266 2251 297 2282 6.
322 2251 441 2282 Manus
455 2250 542 2282 haud
559 2251 658 2283 dubie
673 2251 721 2283 vis
735 2264 741 2282 :
766 2262 851 2294 saepe

174 2313 283 2332 manus
297 2306 331 2333 et
353 2302 415 2331 tela
436 2301 650 2343 pugnantium
670 2309 852 2333 occurrunt.

174 2351 215 2382 In
235 2350 377 2382 exercitu
401 2351 597 2383 Hannibalis
622 2351 718 2383 etiam
742 2351 852 2383 Mauri

175 2405 288 2440 erant3
312 2400 432 2437 Livius,
445 2401 511 2432 xxi.
525 2402 579 2433 22.
625 2402 775 2442 Adspicit,
790 2407 853 2433 etc.

176 2451 258 2482 iuter
272 2450 362 2482 illam
372 2450 470 2488 diem,
483 2462 548 2493 qua
562 2457 637 2483 vota
647 2451 754 2483 soluta
768 2457 853 2488 sunt,

177 2506 210 2534 et
229 2501 308 2532 Idus
330 2499 519 2543 interjacent
542 2501 657 2533 mediae
677 2512 732 2533 sex
754 2502 853 2533 luces.

178 2551 272 2584 Falso
289 2551 443 2594 Neapolis
460 2553 606 2595 putabat,
623 2551 777 2583 Ovidium
793 2551 853 2583 hoc

177 2601 314 2633 disticho
333 2600 419 2633 diem
437 2601 480 2633 vi.
505 2601 583 2634 Idus
600 2601 778 2644 exprimere
800 2611 854 2632 vo—

178 2651 286 2684 luisse.

224 2703 414 2733 249—460.
439 2701 482 2733 V.
502 2702 589 2739 Idus,
611 2702 756 2733 Vestaliu.
803 2701 855 2733 De

186 2752 273 2784 Vesta
299 2752 406 2783 confer
435 2751 456 2782 i.
481 2753 566 2790 5283
590 2751 635 2783 iii.
659 2752 854 2791 417—4283

183 2813 247 2834 ver.
265 2804 329 2835 697
346 2813 424 2845 Sqq3
449 2802 490 2834 iv.
507 2803 583 2835 949.

958 1351 1148 1388 Τι’ὸὶ-υνας
1190 1356 1248 1381 tua
1276 1359 1369 1381 sacra
1406 1354 1594 1382 cantaturus

911 1413 994 1433 sum.
1042 1402 1201 1432 Resolvere
1232 1411 1296 1437 ora,
1324 1399 1425 1441 loqui,
1451 1399 1548 1431 etiam
1572 1400 1595 1432 i.

912 1453 999 1491 2553
1024 1451 1108 1483 Met.
1124 1451 1159 1482 ii.
1175 1451 1254 1482 282.
1268 1455 1302 1481 et
1323 1449 1414 1481 alibi.
1465 1451 1595 1490 Operari

913 1509 946 1532 et
972 1511 1064 1532 sacra
1094 1500 1213 1537 facere,
1244 1504 1276 1531 et
1305 1499 1435 1531 omnino
1464 1510 1595 1542 operam

914 1551 1009 1591 dare5
1035 1551 1174 1582 Metam.
1185 1549 1239 1581 vii.
1256 1550 1331 1581 746.
1345 1551 1456 1581 studiis
1470 1557 1595 1589 operata

917 1602 1052 1639 Dianae;
1077 1600 1150 1632 vide
1168 1600 1209 1631 ad
1230 1599 1275 1631 iii.
1290 1599 1366 1632 261.
1412 1599 1523 1631 Simile
1540 1610 1596 1631 au-

915 1656 979 1683 tem
1004 1649 1168 1682 exordium
1199 1650 1242 1681 iv.
1270 1650 1355 1681 723:
1382 1650 1472 1681 Alma
1503 1650 1595 1682 Pales

904 1702 1019 1742 faveas
1041 1703 1177 1741 pastoria
1197 1711 1286 1731 sacra
1311 1701 1455 1730 caventi:
1483 1701 1593 1732 Prose-

915 1761 991 1791 quor
1005 1749 1103 1792 officio
1124 1752 1148 1780 sz'
1169 1750 1318 1791 tuafesta
1338 1751 1400 1790 pio.
1446 1750 1516 1781 Lux
1537 1750 1594 1783 illa

915 1801 1041 1843 signum
1052 1799 1229 1843 praesentiae
1240 1799 1356 1831 divinae
1370 1812 1379 1839 ;
1395 1800 1416 1831 i.
1429 1801 1484 1833 94.
1508 1801 1594 1832 Pur-

914 1862 1040 1892 pureus,
1061 1850 1199 1887 lucidus,
1223 1849 1421 1892 splendidus.
1468 1850 1596 1892 Purpu-

916 1913 1002 1933 reum
1040 1902 1143 1933 tumen
1181 1899 1262 1932 dixit
1300 1900 1399 1932 etiam
1429 1900 1597 1943 Virgilius,

918 1951 1051 1983 AEneid.
1065 1950 1108 1982 vi.
1124 1952 1202 1982 641.
1242 1950 1295 1982 Ab
1312 1949 1372 1981 hoc
1390 1949 1510 1983 lumine
1528 1953 1597 1983 ίιειιι

918 2002 1046 2034 humus.

962 2052 1039 2083 253.
1064 2052 1136 2083 Dea
1158 2057 1245 2083 casta
1270 2062 1334 2082 non
1354 2051 1501 2094 apparuit
1517 2052 1596 2089 viro,

918 2109 955 2134 ut
982 2113 1057 2134 eum
1086 2113 1139 2133 ore
1173 2101 1304 2133 doceret
1340 2101 1420 2133 ritus
1451 2112 1535 2138 suos,
1565 2109 1600 2134 ut

919 2153 1034 2189 Janus,
1065 2152 1122 2184 lib.
1151 2151 1174 2183 i.
1221 2151 1298 2188 Sed,
1329 2151 1600 2193 quemadmodum

918 2201 964 2234 iv.
990 2204 1041 2234 15.
1066 2202 1178 2233 Venus
1201 2206 1306 2243 myrto
1323 2199 1435 2233 leviter
1456 2201 1598 2239 admota,

920 2252 965 2284 sic
981 2263 1066 2283 nunc
1081 2253 1184 2283 Vesta
1202 2250 1284 2282 lucis
1303 2261 1363 2293 ope
1386 2256 1515 2294 poetam
1537 2263 1597 2283 nu-

922 2302 1006 2333 mine
1020 2313 1077 2333 suo
1096 2300 1254 2343 implevit,
1271 2305 1306 2331 ut
1326 2300 1487 2332 sufficeret
1506 2302 1600 2334 rebus

921 2351 1085 2389 canendis,
1124 2352 1212 2382 nullo
1247 2351 1452 2391 praecipiente,
1481 2351 1598 2384 verbis.

927 2402 1058 2433 Valeant
1082 2400 1123 2432 de
1146 2401 1252 2437 rebus,
1280 2411 1360 2443 quas
1383 2405 1521 2432 remotas
1543 2412 1600 2433 cu-

922 2452 1038 2494 pimus.
1084 2453 1126 2483 Et
1152 2452 1312 2483 mendacia
1340 2456 1506 2493 poetarum
1525 2457 1600 2483 sunt

923 2502 1091 2541 fictiones3
1127 2502 1213 2545 apud
1235 2502 1348 2533 Horat.
1374 2500 1452 2532 Arte
1479 2501 1600 2533 Poetic-

926 2553 1001 2584 151.
1016 2552 1085 2595 ipse
1110 2552 1269 2583 Homerus
1289 2552 1453 2582 mentitur.
1500 2551 1602 2592 Supra

924 2613 990 2634 ver.
1002 2603 1022 2634 3
1037 2615 1044 2633 z
1060 2608 1154 2634 erunt
1167 2603 1220 2642 qui
1233 2601 1411 2642 mefinxisse
1423 2601 1600 2641 loquantur,

926 2652 1086 2693 Nullaque
1105 2652 1229 2682 mortali
1248 2653 1377 2681 numina
1396 2651 1457 2681 visa
1479 2655 1602 2690 putent.

926 2702 992 2734 Nec
1008 2703 1207 2743 adspicienda
1219 2703 1304 2737 viro5
1329 2700 1436 2731 confer
1451 2710 1514 2730 ver.
1525 2700 1601 2731 450.

926 2753 1024 2784 Nullo
1037 2752 1219 2795 generalius
1233 2762 1328 2792 quam
1350 2749 1481 2781 aliorum
1498 2751 1601 2782 nullu.

928 2804 1026 2834 Error
1041 2814 1147 2835 rursus
1162 2801 1366 2834 incertitudo.
