1809 3220
186 173 274 214 206
574 172 625 213 P.
661 170 879 213 OVlDll
913 170 1200 213 NASONIS

191 289 285 338 Illa
306 289 425 354 legit
449 288 673 344 calthas;
715 287 834 335 huic
860 297 978 335 sunt
1001 287 1209 336 violaria
1233 303 1394 346 curae3

255 368 350 416 Illa
376 382 684 433 papavereas
711 367 951 415 subsecat
976 383 1146 431 ungue
1167 382 1356 415 comas.
1510 369 1608 414 438

187 447 310 504 Has,
338 446 644 512 Hyacinthe,
669 454 841 494 tenes:
873 446 1004 503 illas,
1027 445 1318 503 Amarante,
1346 444 1585 493 moraris:

254 525 380 574 Pars
402 526 594 590 thyma,
617 541 734 591 pars
759 525 966 582 casiam,
989 541 1106 590 pars
1132 524 1393 574 meliloton
1418 531 1606 572 amant.

186 603 415 652 Plurima
440 604 572 652 lecta
596 619 712 652 rosa
736 612 837 661 est;
868 612 920 653 et
940 612 1058 652 sunt
1078 604 1185 653 sine
1207 604 1408 652 nomine
1427 602 1608 651 flores:

255 681 377 747 Ipsa
401 698 575 730 crocos
602 690 782 732 tenues
808 683 1015 748 liliaque
1041 683 1157 732 alba
1181 683 1318 748 legit.

189 760 448 825 Carpendi
475 762 643 810 studio
670 763 915 827 paulatim
943 764 1144 827 longius
1171 764 1297 821 itur3

255 839 322 887 Et
347 840 603 888 dominam
625 857 747 888 casu
775 842 913 889 nulla
938 850 1117 890 secuta
1136 857 1327 890 comes.

188 916 336 966 Hanc
353 917 506 975 videt,
529 926 580 967 et
594 919 751 967 visam
770 929 979 985 patruus
996 921 1236 969 velociter
1256 919 1417 968 aufert
1435 937 1446 974 ;
1509 920 1609 965 445

254 995 539 1061 Regnaque
564 999 793 1046 caeruleis
821 1000 869 1046 in
897 1016 988 1047 sua
1014 1006 1183 1064 portat
1208 998 1372 1063 equis.

187 1074 282 1123 Illa
307 1075 515 1139 quidem
540 1076 822 1126 clamabat:
867 1078 939 1134 Io,
967 1079 1230 1127 carissima
1255 1085 1431 1134 mater,

255 1153 496 1203 Auferor!
536 1155 645 1220 ipsa
672 1172 790 1205 suos
818 1157 1210 1222 abscideratque
1235 1156 1394 1204 sinus.

190 1232 437 1280 Panditur
464 1233 656 1282 interea
683 1235 790 1283 Diti
816 1237 925 1294 via;
969 1252 1191 1301 namque
1215 1236 1452 1284 diurnum

260 1311 454 1360 Lumen
481 1312 732 1362 inadsueti
760 1315 843 1362 vix
871 1316 1132 1381 patiuntur
1158 1315 1296 1379 equi.
1512 1314 1612 1360 450

188 1388 257 1437 At
274 1389 457 1438 chorus
483 1392 694 1455 aequalis
721 1394 990 1442 cumulatis
1016 1394 1139 1442 flore
1164 1392 1416 1447 canistris,

256 1467 601 1534 Persephone,
630 1471 868 1528 clamant,
898 1473 961 1520 ad
988 1481 1074 1521 tua
1100 1473 1234 1520 dona
1258 1471 1389 1520 veni.

187 1655 253 1687 vid.
288 1657 486 1689 lVernsdorf.
536 1658 648 1690 Tenere
685 1667 717 1690 et
752 1663 866 1691 morari

186 1706 409 1738 oblectationis
440 1707 599 1738 notionem
630 1708 759 1741 habent.
815 1711 866 1742 De

190 1757 353 1798 hyacintho
384 1765 526 1788 veterum
557 1757 629 1789 vide
660 1758 700 1789 ad
728 1761 811 1791 Met.
836 1772 867 1792 x.

187 1808 263 1838 212.
280 1807 332 1838 ubi
349 1807 388 1838 de
409 1808 477 1849 ejus
492 1806 611 1849 origine
627 1820 666 1840 ex
684 1809 868 1852 Hyacinthe

183 1858 315 1900 juvene.
347 1857 398 1888 De
414 1866 588 1894 amaranto,
608 1859 681 1890 flore
698 1871 867 1903 purpure0‚

188 1917 352 1949 nunquam
368 1914 595 1945 marcescente,
610 1909 744 1946 Plinius,
760 1911 825 1942 xxi.
837 1912 868 1942 8.

233 1958 308 1988 440.
319 1957 422 1993 Casia,
438 1968 500 1988 non
511 1958 639 1990 Arabim
655 1959 755 1991 frutex
774 1960 870 2003 hujus

188 2006 336 2043 nominis,
351 2006 406 2038 sed
422 2006 520 2038 herba
538 2009 703 2040 coronaria
719 2021 802 2043 nunc
819 2011 866 2042 in-

189 2055 291 2097 tellig.
307 2066 404 2097 quam
419 2057 554 2088 Martin.
572 2057 612 2088 ad
631 2058 745 2100 Yirgil.
756 2061 866 2103 Eclog.

188 2104 222 2136 ii.
239 2106 291 2137 49.
307 2106 514 2147 Thymelaean
535 2118 602 2138 esse
623 2107 727 2140 docet.
776 2111 867 2141 Meli-

190 2156 282 2192 !oton,
299 2156 397 2187 etiam
412 2158 530 2188 sertula
546 2169 705 2198 campana,
722 2161 753 2192 in
770 2162 866 2193 Caur-

190 2205 288 2247 pania
305 2205 463 2248 frequens,
478 2207 571 2239 sertis
592 2209 798 2242 conficiendis
812 2211 868 2243 ad-

192 2255 372 2293 hibebatur,
403 2264 436 2289 et
467 2257 561 2290 odore
597 2265 629 2290 et
658 2260 731 2292 flore
758 2261 870 2293 similis

189 2316 293 2342 croc0,
310 2306 469 2348 κροκὶζων
484 2309 539 2339 καὶ
553 2307 699 2350 εὐώδης;
718 2310 867 2343 Dioscor.

190 2354 236 2387 iii.
251 2356 292 2386 48
307 2368 316 2395 ;
339 2356 474 2394 Plinius,
490 2357 557 2389 xxi.
570 2359 627 2390 29.

236 2406 311 2437 442.
328 2405 429 2446 Ipsum
443 2407 608 2450 Pamphus
623 2409 797 2442 tradiderat
809 2422 869 2443 non

191 2454 293 2492 violis,
321 2456 378 2487 sed
410 2457 559 2489 narcissis
586 2458 754 2501 deceptam
779 2471 869 2500 esse;

191 2506 333 2537 Pausan.
353 2506 460 2538 Boeot.
476 2518 508 2549 p.
527 2507 601 2540 773.
646 2509 697 2540 Sic
714 2516 746 2541 et
760 2518 870 2542 auctor

192 2554 302 2597 hymn.
321 2556 450 2588 Homer.
466 2556 499 2588 in
515 2557 623 2589 Cerer.
639 2558 694 2600 qui
710 2569 790 2591 vers.
805 2562 870 2591 8—

193 2606 247 2636 14.
265 2605 395 2637 narcissi
410 2606 496 2638 illius
506 2607 788 2649 pulchritudinem,
803 2620 869 2642 am-

191 2655 383 2697 plitudinem
399 2664 430 2688 et
447 2657 575 2688 odorem
591 2657 755 2690 describit.
803 2660 870 2692 Hos

191 2705 291 2738 duces
313 2706 453 2739 deseruit
473 2708 589 2740 Noster
610 2708 661 2740 hic
682 2716 713 2740 et
736 2710 870 2743 Metam.

194 2767 223 2788 v.
239 2757 314 2788 392.

979 1664 1054 1693 445.
1076 1662 1190 1693 Cicero
1216 1661 1303 1692 dicto
1326 1661 1415 1692 loco:
1441 1665 1462 1678 ‘¹
1481 1661 1615 1703 Propter

935 1719 984 1744 est
1017 1712 1171 1754 spelunca
1208 1711 1356 1754 quaedam
1394 1721 1546 1743 conversa
1574 1711 1615 1742 ad

937 1762 1132 1804 aquilonem,
1169 1762 1292 1793 infinita
1329 1761 1511 1795 altitudine.
1551 1771 1616 1804 qua

937 1812 1048 1844 Ditem
1088 1819 1209 1855 patrem
1239 1811 1344 1844 ferunt
1380 1818 1512 1854 repente
1541 1821 1615 1843 cum

937 1873 1030 1893 curru
1059 1862 1229 1899 exstitisse,
1254 1863 1485 1904 abreptamque
1515 1872 1554 1894 ex
1579 1871 1619 1893 eo

938 1912 1006 1943 loco
1036 1912 1190 1954 virginem
1224 1923 1332 1944 secum
1366 1919 1558 1955 asportasse,
1583 1917 1618 1943 et

938 1962 1044 1993 subito
1072 1972 1134 1993 non
1163 1963 1258 2004 longe
1284 1973 1304 1993 a
1327 1961 1493 2004 Syracusis
1518 1971 1617 2004 pene-

937 2018 1034 2043 trasse
1050 2013 1109 2043 sub
1125 2018 1234 2048 terras,
1250 2011 1421 2054 lacumque
1437 2011 1471 2043 in
1492 2021 1531 2043 eo
1545 2012 1617 2043 loco

936 2068 1066 2104 repente
1083 2061 1278 2093 exstitisse.”
1304 2061 1421 2093 Confer
1436 2061 1573 2092 Metam.
1587 2072 1618 2092 v.

937 2112 1123 2144 395—408.
1173 2112 1316 2149 Coei-ulei,
1340 2111 1420 2154 nigri
1441 2123 1617 2154 κυανοτρι·

937 2173 996 2203 χες
1025 2161 1164 2204 Orpheo.
1210 2161 1352 2193 Nomina
1380 2171 1488 2193 eorum
1519 2161 1618 2194 habet

939 2212 1140 2243 Claudianus
1163 2212 1263 2254 Rapt.
1279 2211 1369 2243 Pros.
1385 2211 1408 2243 i.
1428 2213 1505 2244 282.
1553 2213 1617 2243 Pa-

940 2264 1005 2293 trui
1030 2273 1095 2298 cor,
1119 2262 1246 2294 Venere
1275 2262 1461 2304 impellente
1489 2261 1618 2304 Cupido

938 2313 1055 2355 sagitta
1074 2311 1261 2344 acutissima
1277 2312 1502 2350 vulneraverit,
1516 2322 1616 2355 quum

937 2361 1055 2393 Sicilia:
1079 2361 1266 2393 fundamina
1279 2363 1414 2394 ambiret
1428 2367 1461 2394 et
1472 2362 1617 2405 explora·

939 2418 1004 2450 ret3
1029 2412 1165 2443 Metam.
1183 2412 1261 2443 dict.
1277 2411 1360 2449 loco,
1375 2414 1441 2444 355
1460 2422 1532 2455 sqq.
1577 2412 1616 2443 In

939 2461 1057 2504 hymno
1086 2463 1220 2494 Homer.
1247 2473 1312 2494 ver.
1336 2464 1369 2494 3.
1390 2463 1519 2505 Jupiter
1545 2473 1616 2494 eam

938 2511 995 2542 dat
1022 2511 1132 2551 fratri5
1155 2511 1198 2544 ibi
1228 2517 1261 2543 et
1286 2512 1388 2544 multa
1414 2513 1455 2544 de
1485 2513 1618 2544 clamore

938 2568 1049 2604 raptae.
1090 2564 1282 2599 Absciderat,
1300 2562 1485 2594 disciderat.

983 2614 1058 2644 451.
1076 2614 1229 2654 AEquatis,
1246 2613 1432 2656 aequalium,
1451 2612 1616 2644 comitum.

939 2665 988 2694 Ad
1005 2670 1061 2694 tua
1074 2666 1154 2694 dmm
1167 2663 1248 2695 bene
1267 2674 1302 2695 se
1324 2664 1431 2700 babet,
1446 2662 1488 2694 ad
1512 2663 1616 2699 flores,

939 2724 1019 2755 quos
1034 2713 1091 2744 tibi
1107 2713 1224 2745 donare
1241 2713 1399 2745 volumus.
