1830 3220
565 187 915 231 FASTORUM
949 188 1070 230 LIB.
1106 189 1169 231 II.

1513 192 1571 233 67

153 303 251 352 Cui
279 304 406 360 Dea,
438 304 717 368 Virgineos,
746 307 948 369 perjura
976 305 1215 370 Lycaoni,
1244 313 1405 354 coetus

219 381 428 439 Desere,
457 399 550 430 nec
577 391 742 430 castas
768 383 955 446 pollue,
985 383 1132 440 dixit,
1162 400 1340 448 aquas.

150 458 291 507 Luna
315 476 499 507 novum
525 460 696 507 decies
723 459 957 524 implerat
978 461 1215 509 cornibus
1242 462 1438 510 orbem:
1471 465 1560 510 175

215 536 340 592 Quae
366 537 529 585 fuerat
553 538 692 600 virgo
718 538 926 595 credita,
956 546 1116 586 mater
1141 547 1264 587 erat.

142 614 287 662 Laesa
309 615 429 662 furit
451 614 603 671 Juno,
631 615 841 663 formam
868 624 1133 680 mutatque
1160 618 1359 681 puellae.

210 692 347 747 Quid
372 693 531 740 facis?
570 693 755 741 invicto
783 701 988 758 pectore
1015 710 1166 758 passa
1189 695 1219 741 J
1225 712 1369 743 ovem
1396 703 1489 743 est.

141 769 314 833 thue
341 770 457 818 ferae
483 771 607 818 vidit
632 779 806 835 turpes
837 772 887 817 in
911 772 1092 835 pellice
1118 773 1316 827 vultus;

208 847 374 912 Hujus
401 849 451 896 in
476 850 742 913 amplexus
767 849 983 914 Jupiter,
1012 849 1194 914 inquit,
1223 858 1323 898 eat.

1461 854 1554 898 180

143 926 275 974 Ursa
300 943 389 991 per
414 927 630 975 incultos
656 928 854 975 errabat
879 929 1112 991 squalida
1137 937 1350 982 montes,

208 1004 334 1059 Quae
358 1005 523 1054 fuerat
547 1023 744 1054 summo
768 1023 928 1071 nuper
954 1007 1170 1055 amanda
1193 1006 1223 1053 J
1228 1008 1322 1054 ovi.

136 1082 252 1131 Jam
279 1084 375 1132 tria
399 1086 558 1133 lustra
583 1102 708 1150 puer
732 1085 862 1132 furto
889 1095 1168 1150 conceptus
1196 1086 1396 1149 agebat,

204 1161 373 1217 Quum
399 1170 560 1212 mater
584 1171 701 1212 nato
727 1172 805 1212 est
829 1165 976 1212 obvia
995 1165 1129 1212 facta
1154 1181 1260 1212 suo.

136 1240 231 1288 Illa
251 1241 476 1305 quidem,
495 1248 755 1307 tamquam
776 1250 1123 1305 cognosceret,
1143 1242 1339 1290 adstitit
1355 1258 1546 1298 amens,

202 1319 269 1367 Et
293 1320 512 1383 gemuit3
555 1321 774 1384 gemitus
800 1322 951 1369 verba
977 1322 1199 1385 parentis
1227 1328 1386 1368 erant.

1455 1322 1546 1367 186

133 1396 280 1445 Hanc
307 1415 432 1462 puer
457 1398 657 1462 ignarus
677 1400 847 1463 Jaculo
873 1399 1071 1447 fixisset
1093 1408 1258 1455 acut0‚

202 1474 268 1522 Ni
294 1476 421 1524 foret
446 1476 496 1523 in
522 1493 731 1541 superas
758 1483 931 1541 raptus
958 1484 1171 1541 uterque
1197 1478 1391 1525 domos.

131 1553 290 1618 Signa
315 1555 599 1620 propinqua
624 1555 840 1604 micant:
871 1555 1005 1620 prior
1026 1563 1121 1613 est,
1151 1572 1303 1619 quam
1330 1553 1544 1601 dicimus

328 1633 521 1682 Arcton
540 1653 549 1683 :

196 1710 547 1776 Arctophylax
565 1713 776 1761 formam
795 1720 937 1778 terga
955 1713 1215 1777 sequentis
1232 1712 1400 1759 habet.
1447 1713 1540 1757 190

173 1835 244 1866 177.
270 1834 355 1866 szdi
372 1835 454 1867 varie
480 1836 511 1867 in
537 1836 695 1868 amoribus
718 1836 797 1868 dici-

125 1890 196 1921 tur;
221 1884 252 1916 h.
268 1885 290 1915 l.
305 1885 344 1916 de
368 1885 542 1927 ignominia.
560 1886 679 1918 Junoni
705 1886 797 1917 adul-

126 1934 205 1965 terio
221 1934 326 1966 mariti
342 1935 442 1967 illata.
474 1937 648 1967 Burmann.
664 1936 798 1968 offendit

123 1995 190 2025 que,
206 1989 241 2015 ut
256 1984 451 2026 ineleganter
466 1991 497 2016 et
513 1986 552 2017 ad
570 1997 649 2017 vers.
662 1986 795 2017 fulcien-

123 2034 199 2065 dum
223 2036 271 2076 τῷ
294 2041 393 2066 mutat
421 2035 611 2078 subjectum.
659 2035 797 2077 Conjicit

123 2090 253 2121 mutare,
271 2084 400 2127 utfzhrit
421 2091 540 2116 mutare
558 2085 608 2121 sit,
626 2085 795 2116 vehemen—

103 2149 110 2155 «
123 2141 170 2165 ter
185 2134 266 2165 irata
279 2141 311 2165 et
322 2134 423 2166 furore
436 2135 525 2176 quasi
537 2135 657 2177 percita
668 2135 795 2166 festinat

122 2190 255 2216 mutare.
301 2185 352 2215 Sic
377 2196 451 2216 sane
477 2186 588 2216 Horat.
613 2186 642 2216 Ι.
664 2185 727 2217 Od.
743 2197 794 2216 xv.

122 2234 178 2265 27.
194 2239 215 2251 “
232 2233 307 2265 furit
323 2242 352 2265 te
369 2233 502 2277 reperire
519 2241 605 2265 atrox
621 2234 795 2276 Tydidesss’

122 2283 212 2315 Nihil
233 2290 339 2314 tamen
360 2284 559 2320 mutandum,
576 2295 674 2326 quum
697 2283 794 2326 parti-

121 2333 194 2364 cula
208 2344 263 2374 que
274 2333 395 2365 centies
410 2333 495 2375 apud
509 2334 623 2364 Poetas
636 2332 793 2364 remotiori

123 2383 239 2414 nomini
256 2382 403 2419 addatur,
424 2388 457 2414 ut
476 2394 571 2426 supra
588 2394 654 2414 ver.
677 2384 724 2414 16.
737 2394 793 2423 per

122 2434 227 2464 titulos
251 2434 499 2474 ingredimurque
530 2439 605 2463 tuos.
654 2432 728 2462 Pati
752 2432 791 2463 de

120 2482 301 2513 concubitu.
332 2483 468 2512 Metam.
499 2482 544 2512 ix.
573 2482 648 2513 739.
694 2482 790 2517 Ferae.

121 2544 211 2564 ursae.
236 2532 287 2563 De
301 2532 435 2563 formula
451 2534 483 2562 in
499 2538 554 2563 aut
569 2534 621 2563 sub
637 2534 790 2572 amplexus

120 2585 165 2614 ire
181 2582 252 2614 vide
269 2582 308 2613 ad
324 2583 405 2614 Met.
421 2582 475 2613 vii.
491 2582 568 2613 616.

165 2633 240 2663 183.
268 2632 364 2669 Puer,
385 2631 486 2663 Arcas
510 2630 627 2662 dictus.
674 2631 785 2668 Furto,

118 2682 317 2714 clandestino
329 2681 510 2713 concubitu.
545 2682 684 2712 Gemitus
699 2683 787 2712 verba

118 2734 254 2772 parentis
281 2739 382 2763 erant.
420 2732 555 2774 Interpr.
582 2730 727 2762 Gallicus
756 2731 788 2762 in

119 2781 167 2812 his
180 2781 284 2813 verbis
305 2781 432 2813 felicem
456 2780 575 2822 ingenii
594 2780 693 2812 Ovid.
710 2780 785 2811 faci-

867 1836 989 1868 litatem
1006 1836 1189 1872 admiratur,
1201 1835 1285 1878 quod
1307 1845 1371 1866 una
1384 1832 1539 1865 sententia

868 1887 1008 1918 animum
1036 1893 1212 1918 maternum
1238 1885 1271 1915 in
1295 1895 1369 1915 ursa
1393 1883 1538 1915 declara-

866 1937 956 1972 verit,
975 1943 1071 1978 atque
1093 1946 1230 1967 amorem
1256 1935 1325 1977 ejus
1350 1934 1537 1965 acerrimum

867 1987 956 2017 nobis
971 1986 1122 2028 inspiret3
1139 1985 1222 2028 quod
1241 1990 1370 2015 nonest.
1402 1982 1538 2014 Ovidius

866 2036 923 2067 hoc
947 2047 1045 2067 unum
1063 2036 1141 2070 vult.
1157 2040 1289 2076 matrem
1313 2034 1450 2065 doluisse
1467 2032 1536 2075 qui-

865 2085 949 2123 dem,
975 2086 1031 2117 sed
1055 2077 1199 2116 dolorem'
1222 2084 1255 2114 in
1283 2094 1410 2125 corpore
1436 2082 1535 2114 ferino

864 2135 967 2166 verbis
988 2134 1161 2177 exprimere
1178 2144 1239 2165 non
1253 2133 1405 2176 potuisse.
1443 2132 1536 2163 Conf.

864 2186 999 2216 Metam.
1026 2184 1058 2215 ii.
1085 2185 1159 2216 486.
1205 2183 1355 2214 Similiter
1383 2182 1533 2219 Inachus,

863 2235 928 2265 filia
946 2235 1024 2270 visa,
1048 2239 1067 2252 “
1087 2245 1145 2265 nec
1169 2239 1280 2264 mutua
1300 2232 1412 2264 nostris
1435 2231 1534 2263 Dicta

863 2285 981 2322 refers3
1019 2284 1083 2314 alto
1121 2289 1243 2314 tantum
1280 2282 1415 2325 suspiria
1443 2281 1533 2312 ducis

861 2335 1018 2364 Pectore:
1054 2334 1203 2374 quodque
1232 2342 1330 2363 unum
1361 2338 1461 2373 poteS,
1491 2331 1532 2362 ad

861 2394 932 2414 mea
945 2384 1041 2414 verba
1052 2382 1224 2424 remugis.'’
1264 2383 1396 2413 Metam.
1414 2381 1437 2411 i.
1454 2382 1530 2412 655.

860 2433 951 2463 Saevit
976 2433 1088 2468 adhuc,
1116 2431 1202 2474 quod
1225 2431 1343 2474 pelleX,
1373 2441 1470 2472 quam
1498 2430 1530 2461 in

859 2481 957 2512 feram
978 2487 1166 2517 mutaverat,
1183 2481 1255 2512 Dea
1281 2481 1376 2518 facta,
1392 2481 1474 2511 inter
1489 2480 1530 2511 si-

857 2531 934 2563 dera
951 2531 1113 2574 fulgebat;
1138 2532 1219 2562 Met.
1239 2531 1270 2562 ii.
1286 2532 1363 2562 520.
1412 2531 1528 2561 Canum

860 2581 988 2623 Tethyn.
1024 2581 1107 2613 Vide
1133 2581 1173 2612 ad
1197 2582 1333 2612 Metam.
1354 2581 1386 2612 d.
1411 2580 1432 2612 l.
1480 2580 1528 2611 Ne

857 2632 948 2669 lavet,
972 2642 1012 2663 ne
1041 2631 1124 2662 sinat
1149 2630 1294 2674 pellicem
1323 2631 1466 2663 occidere
1494 2630 1526 2661 in

857 2681 1035 2718 Oceanum,
1052 2691 1165 2724 nempe
1181 2684 1202 2698 “
1215 2692 1254 2712 ne
1271 2691 1348 2723 puro
1365 2680 1527 2721 tinguatur

857 2730 889 2761 in
906 2741 1030 2773 aequore
1043 2730 1182 2772 pellex.’'
