1809 3220
204 212 290 254 126

595 212 645 252 Ρ.
681 210 894 252 0V1DII
928 210 1206 252 NASONIS

208 327 304 374 Hic
330 326 444 373 anni
471 325 647 371 modus
673 332 777 371 est:
818 324 868 370 in
891 325 1103 371 lustrum
1129 325 1369 372 accedere
1396 325 1563 380 debet,

271 404 396 457 Quae
421 407 794 449 consummatur
817 401 1058 464 partibus,
1086 417 1185 447 una
1209 401 1334 448 dies.

1507 405 1596 449 166

207 481 259 527 Si
285 480 403 526 licet
427 478 649 525 occultos
675 477 892 524 monitus
918 478 1090 525 audire
1117 478 1338 525 Deorum

269 557 510 612 Vatibus3
553 561 608 601 ut
632 565 765 602 certe
790 554 922 602 fama
946 556 1095 602 licere
1121 562 1292 618 putat;

202 634 369 688 Quum
394 632 461 679 sis
487 632 677 687 officiis,
707 632 940 688 Gradive,
966 632 1188 679 virilibus
1214 638 1377 694 aptus,

268 710 364 756 Dic
392 709 509 754 mihi
534 715 773 755 matronae
798 725 886 755 cur
910 716 997 756 tua
1019 708 1147 755 festa
1171 709 1371 755 colant?

1504 712 1595 755 170

204 786 288 834 Sic
314 802 433 848 ego3
477 784 548 831 sic
574 785 737 848 posita
761 785 889 832 dixit
913 785 1032 832 mihi
1058 785 1254 832 casside
1281 784 1510 842 Mavors3

271 863 373 910 Sed
399 869 566 909 tamen
591 861 641 907 in
666 861 843 908 dextra
866 861 1067 908 missilis
1093 862 1236 908 hasta
1259 861 1377 909 fuit:

203 940 350 987 Nunc
376 939 589 1002 primum
616 938 792 985 studiis
818 939 973 1002 pacis,
1000 938 1138 985 Deus
1165 938 1298 985 utilis
1320 938 1485 993 armis,

267 1016 521 1070 Advocor3
564 1021 613 1061 et
638 1031 837 1076 gressus
864 1014 912 1060 in
939 1031 1065 1062 nova
1089 1021 1254 1061 castra
1278 1014 1408 1062 fero:

204 1093 310 1140 Nec
328 1092 466 1155 piget
482 1089 685 1153 incoepti
704 1108 714 1138 ε
731 1092 872 1153 juvat
886 1091 978 1138 hac
996 1107 1200 1154 quoque
1221 1097 1361 1154 parte
1382 1090 1584 1146 morari3

267 1168 378 1215 Hoc
405 1168 561 1215 solam
587 1183 649 1214 ne
675 1184 728 1215 se
754 1183 902 1230 posse
930 1167 1156 1215 Minerva
1179 1174 1338 1231 putet.

244 1331 424 1363 167—258.
459 1329 658 1364 Matronalia,
685 1339 753 1369 quae
782 1330 858 1359 Kal.

199 1383 294 1413 Mart.
305 1391 324 1411 a
334 1379 481 1410 matronis
493 1377 645 1408 Romanis
657 1377 859 1408 celebraban-

199 1438 259 1462 tur.
303 1429 366 1460 Die
382 1428 435 1458 illo
451 1427 525 1457 satis
545 1426 688 1467 religioso
703 1437 791 1457 sacra
805 1427 858 1458 fie-

196 1482 274 1511 bant
287 1476 406 1510 Junoni
421 1487 475 1518 pro
491 1475 680 1506 matrimonii
698 1475 857 1511 felicitate,

196 1534 290 1570 atque
316 1536 442 1557 munera
463 1524 667 1555 mittebantur
695 1531 760 1555 tum
780 1536 856 1555 uxo-

196 1578 281 1609 ribus
295 1587 312 1607 a
323 1575 452 1610 maritis,
467 1579 533 1604 tum
547 1573 615 1604 aliis
629 1574 666 1603 ab
680 1573 765 1612 aliis;
780 1574 856 1604 Plu-

196 1625 296 1657 tarch.
311 1625 406 1655 Rom.
421 1622 493 1660 xxi3
517 1622 626 1652 Horat.
641 1622 705 1652 III.
719 1622 781 1653 Od.
794 1622 858 1653 viii.

196 1675 264 1706 init.
278 1673 434 1708 Tibullus,
449 1672 512 1702 III.
528 1670 548 1702 i.
566 1670 633 1701 init.
653 1670 760 1711 ibique
781 1671 857 1702 Intt.

194 1727 289 1756 Sacra
317 1723 386 1764 ipsa
414 1721 522 1763 paucis
551 1719 646 1751 Ovid.
671 1719 796 1760 attingit
825 1720 856 1750 in

196 1774 266 1809 fine,
290 1772 345 1802 sed
373 1775 455 1801 totus
483 1773 530 1799 est
559 1768 590 1798 in
620 1767 721 1798 causis
749 1778 854 1798 eorum

195 1822 334 1865 quinque
350 1818 528 1850 afferendis.

236 1873 310 1903 Jam
333 1870 365 1900 in
388 1867 541 1910 principio
563 1866 634 1897 libri
658 1867 806 1902 Martem,
821 1872 857 1897 ut

192 1921 250 1952 sibi
275 1930 330 1961 per
352 1918 435 1948 hunc
458 1927 597 1947 inensem
619 1915 752 1951 adesset,
767 1916 855 1946 invo-

193 1975 328 2001 caverat.
373 1967 467 1996 Nunc
488 1965 590 1995 denuo
610 1975 682 1995 euin
703 1964 853 2005 appellat,

193 2025 237 2054 et,
254 2023 288 2048 ut
311 2016 332 2047 i.
349 2017 390 2046 89
413 2024 485 2054 sqq.
506 2013 606 2043 multa.
628 2023 666 2042 ex
689 2013 783 2047 Jano,
808 2013 852 2043 sic

193 2069 251 2098 hoc
271 2067 339 2096 loco
359 2073 470 2094 causas
486 2060 710 2091 Matronalium
730 2071 767 2090 ex
787 2060 853 2102 ipso

192 2114 380 2148 sciscitatur,
397 2117 428 2142 et
443 2111 525 2141 hunc
546 2120 669 2151 quoque
686 2109 790 2139 Deum
808 2110 852 2140 fa-

193 2166 283 2196 cilem
308 2163 413 2193 habet.
458 2161 491 2189 Si*
516 2161 597 2195 ticet,
623 2165 683 2189 etc.
703 2158 727 2188 si
753 2159 852 2200 poetis

192 2214 268 2244 licet
292 2223 340 2242 res
363 2210 485 2241 abditas
510 2218 695 2249 cognoscere
723 2218 742 2238 a
769 2208 851 2239 Diis.

197 2263 321 2293 Manent
338 2260 404 2294 Dii,
420 2268 516 2299 quum
534 2255 710 2286 hominibus
731 2256 850 2297 aliquid

193 2311 331 2342 revelant
366 2316 564 2348 quocumque
602 2304 703 2334 modO.
756 2305 851 2335 Fama

192 2365 294 2400 putat,
325 2365 473 2396 namque,
506 2359 664 2395 praeeunte
701 2354 849 2390 Homero,

195 2407 285 2439 inulti
297 2405 443 2445 deinceps
458 2409 569 2444 poctae,
580 2408 611 2433 et
626 2403 656 2432 in
672 2403 850 2444 primordio,

194 2464 225 2488 et
249 2457 281 2486 in
305 2453 436 2494 singulis
463 2453 563 2492 operis
588 2451 738 2492 partibus,
766 2452 851 2481 Deos

192 2515 303 2537 canere
314 2503 471 2544 jusserunt
486 2506 670 2541 argumenta
686 2500 851 2541 proposita.

194 2556 296 2590 Quum
323 2554 503 2590 sis-aptus,
527 2560 624 2590 quum
655 2558 673 2578 a
698 2548 769 2579 viris
790 2550 851 2579 coli

191 2605 306 2635 soleas.
353 2600 504 2640 Officium,
527 2598 642 2633 cultus,
668 2597 773 2634 honos,
798 2599 851 2639 qui

193 2651 288 2684 alicui
317 2650 460 2684 habetur,
483 2652 519 2678 ut
543 2647 566 2677 i.
593 2649 626 2677 5.
653 2646 731 2677 libro
762 2647 849 2677 decli-

192 2701 303 2732 cando.
348 2697 393 2728 Ut
406 2696 534 2727 clientes
554 2701 585 2726 et
600 2695 691 2726 amici
706 2697 739 2725 in
754 2696 851 2736 'fficio

196 2750 332 2781 Consulis
346 2751 400 2778 aut
417 2746 558 2776 Proetoris
578 2755 635 2775 esse
652 2744 847 2780 dicebantur,

1500 1169 1590 1213 176

928 1341 1026 1371 quum
1047 1341 1099 1361 eos
1117 1330 1302 1361 deducendo
1326 1329 1475 1365 colerent,
1490 1328 1534 1359 sic
1557 1335 1590 1360 et

927 1379 1030 1410 cultus
1056 1380 1195 1410 Deorum
1223 1378 1317 1409 simili
1343 1378 1436 1409 modo
1459 1378 1590 1420 exprimi

927 1433 1058 1468 poterat.
1102 1429 1216 1468 Itaque
1232 1433 1263 1458 et
1276 1438 1358 1458 nunc
1373 1427 1472 1468 officia
1487 1428 1592 1457 virilia

926 1477 1223 1518 opponuntur-sestis
1234 1483 1452 1507 nmtronarum.
1475 1476 1590 1507 Lenzio

927 1531 1034 1556 contra
1049 1527 1187 1556 virilibus
1203 1525 1307 1566 officiis
1321 1531 1409 1565 aptus
1424 1530 1471 1555 est
1486 1524 1524 1562 is,
1535 1524 1590 1566 qui

926 1574 1060 1613 negotiis
1075 1574 1155 1604 viril.
1172 1580 1297 1615 praeest.

972 1623 1043 1652 171.
1068 1621 1128 1658 Fit,
1143 1622 1228 1663 quod
1250 1628 1344 1663 poeta
1367 1632 1446 1652 vers.
1466 1622 1494 1658 1,
1510 1623 1542 1652 2.
1558 1623 1589 1653 7.

925 1671 1068 1712 precibus
1091 1676 1284 1713 poposcerat,
1306 1681 1344 1701 ex
1369 1676 1475 1711 parte;
1499 1680 1588 1701 nam-

925 1731 985 1761 que
1015 1722 1156 1751 cassidem
1188 1719 1317 1761 deponit
1344 1720 1443 1755 Mars,
1473 1721 1588 1751 hastam

924 1769 1046 1800 retinet.
1090 1772 1140 1800 Ac
1162 1772 1249 1801 cassis
1266 1769 1392 1810 quidem
1416 1768 1531 1810 deponi
1553 1769 1586 1800 in

922 1825 1078 1851 conventu
1095 1819 1225 1850 aliorum
1247 1818 1368 1849 solebat
1389 1829 1407 1848 a
1422 1818 1584 1855 militibus,

923 1875 957 1899 ut
972 1879 1005 1899 os
1020 1868 1188 1909 vultusque
1203 1867 1287 1898 cerni
1304 1872 1438 1908 possent,
1449 1877 1488 1897 ne
1499 1868 1585 1898 vocis

922 1916 980 1947 iter
1002 1916 1236 1958 praepediretur,
1252 1926 1329 1946 neve
1352 1914 1412 1957 ipsi
1433 1915 1586 1947 terribiles

922 1966 1109 1996 viderentur.
1156 1965 1285 1995 Hastam
1307 1964 1431 2000 retinet,
1447 1970 1483 1995 ut
1502 1964 1582 1996 divi-

921 2014 1028 2045 nitatis
1045 2020 1077 2044 et
1091 2013 1184 2044 officii
1200 2013 1248 2043 sui
1268 2013 1401 2053 signum,
1417 2011 1481 2044 vid.
1496 2013 1580 2044 Met.

920 2062 983 2093 xiv.
999 2064 1072 2093 806.
1117 2063 1233 2092 Studiis
1246 2064 1327 2102 pacis
1341 2064 1479 2098 advocor,
1495 2060 1580 2093 invo-

921 2122 983 2147 cor,
1000 2118 1034 2142 ut
1050 2117 1149 2153 poetae
1166 2116 1288 2152 purtem
1308 2110 1453 2141 carminis
1468 2121 1581 2153 suppe-

919 2161 1027 2191 (litem.
1071 2160 1167 2191 Omni
1196 2160 1278 2190 enim
1306 2170 1372 2200 seq.
1397 2160 1464 2190 loco
1493 2160 1582 2192 Mars

919 2209 1066 2250 loquitur.
1116 2209 1208 2240 Utilis
1221 2211 1324 2244 arinis,
1343 2209 1472 2239 idoneus
1488 2209 1581 2240 armis

919 2258 1108 2295 tractandis5
1144 2258 1188 2289 sic
1220 2257 1335 2288 Curius
1369 2258 1455 2288 utilis
1491 2259 1578 2295 bello,

918 2307 1029 2338 Horat.
1045 2308 1071 2336 Ι.
1089 2307 1151 2337 Od.
1168 2307 1222 2336 xii.
1239 2308 1291 2336 42.
1338 2308 1475 2347 Operam
1498 2306 1578 2338 hanc

917 2366 1005 2386 suum
1032 2357 1110 2386 bene
1135 2358 1297 2396 ingressum
1324 2357 1354 2385 in
1381 2367 1456 2385 nova
1480 2363 1578 2387 castra

919 2410 1018 2441 vocat,
1042 2412 1076 2436 ut
1101 2405 1196 2435 Ovid.
1220 2405 1254 2435 ii.
1270 2406 1302 2434 9.
1324 2415 1413 2434 sunm
1438 2405 1577 2436 studium

917 2455 1055 2485 militiam
1072 2460 1103 2484 et
1118 2465 1212 2484 ιινηιιι.
1259 2453 1429 2483 Minervam
1443 2453 1578 2485 Ovidius

917 2502 983 2544 ipse
998 2513 1063 2533 ver.
1079 2504 1110 2533 7.
1128 2502 1158 2532 in
1180 2501 1358 2542 exemplum
1377 2501 1511 2538 vocavit,
1527 2502 1576 2532 id-

917 2560 977 2591 que
1012 2561 1093 2581 nunc
1127 2549 1239 2591 pungit
1270 2549 1383 2580 Martis
1420 2549 1572 2581 animum.

921 2599 1005 2629 Vates
1023 2610 1137 2639 operose
1156 2600 1273 2629 dierum
1292 2597 1387 2628 etiam
1403 2598 1423 2628 i.
1441 2599 1512 2628 101.
1528 2599 1573 2629 le-

914 2647 1006 2688 gitur.
1055 2648 1180 2678 Memori
1193 2653 1309 2686 pectore
1319 2653 1389 2677 nota
1403 2648 1527 2683 dictum,
1540 2653 1574 2678 ut

915 2696 1029 2727 Horat.
1043 2695 1110 2726 Art.
1126 2696 1215 2726 Poet.
1230 2696 1304 2726 367.
1319 2695 1370 2725 hoc
1384 2696 1437 2725 tiln'
1457 2697 1572 2726 dictum

919 2744 1000 2774 Tolle
1013 2756 1131 2780 memor,
1143 2744 1268 2786 percipe
1283 2749 1313 2774 et
1329 2743 1475 2774 memoria
1490 2749 1571 2774 tene.
