1830 3220
244 202 302 243 62
646 199 695 240 P.
730 197 947 240 OVlDII
982 197 1267 239 NASONIS

246 317 481 381 Namque
508 316 813 379 gubernator
837 314 1079 362 destricto
1105 313 1332 362 constitit
1355 330 1494 370 ense,

311 395 617 458 Caeteraque
644 399 836 441 armata
860 392 1066 439 conscia
1091 392 1238 440 turba
1261 407 1432 439 manu,

1569 393 1662 438 100

243 473 378 528 Quid
399 472 490 520 tibi
509 489 626 519 cum
647 470 848 534 gladio?
874 469 1081 516 dubiam
1098 485 1233 532 rege,
1253 469 1437 525 navita,
1459 468 1658 533 pinum;

310 551 427 598 Non
455 557 574 597 sunt
599 550 706 597 haec
733 548 905 612 digitis
932 564 1071 596 arma
1095 548 1318 595 tenenda
1341 547 1461 594 tuis.

241 629 336 677 Ille
361 635 500 676 metu
526 643 729 684 vacuus,
757 634 970 674 mortem
997 643 1097 674 non
1123 627 1385 690 deprecor,
1413 625 1610 689 inquit;

312 706 415 755 Sed
442 706 594 754 liceat
619 713 787 753 sumta
810 719 974 769 pauca
998 704 1182 752 referre
1209 705 1334 769 lyra.

243 785 382 832 Dant
395 784 609 841 veniam,
629 783 899 847 ridentque
912 798 1102 829 moram
1121 799 1130 830 :
1155 782 1293 847 capit
1307 782 1389 830 ille
1406 797 1659 837 coronam,

310 863 436 918 Quae
461 863 621 927 possit
645 863 826 919 crines,
856 860 1068 918 Phoebe,
1096 861 1279 909 decere
1305 868 1418 909 tuos
1442 877 1452 908 ε

1568 862 1661 906 106

244 941 486 989 Induerat
510 940 663 1005 Tyrio
690 940 768 988 bis
793 939 1006 987 tinctam
1030 939 1222 986 murice
1249 939 1465 1003 pallam:

312 1019 560 1067 Reddidit
585 1019 687 1067 icta
712 1035 830 1066 suos
857 1017 1042 1082 pollice
1068 1017 1259 1065 chorda
1283 1033 1463 1074 sonos;

244 1097 524 1145 Flebilibus
550 1097 706 1145 veluti
733 1096 952 1144 numeris
979 1096 1217 1143 canentia
1241 1096 1369 1143 dura

309 1175 572 1239 Trajectus
599 1191 766 1240 penna
789 1182 1020 1239 tempora
1044 1181 1216 1222 cantat
1241 1174 1363 1221 olor.

241 1339 340 1371 Arion
361 1344 465 1371 tamen
484 1345 516 1370 et
532 1346 645 1370 nautas
663 1338 805 1370 timuisse
829 1338 915 1370 vide-

241 1397 302 1422 tur.
348 1389 539 1426 Herodotus,
554 1389 756 1421 πιστεύοντα
772 1388 803 1420 δὲ
819 1388 915 1420 οὐδα-

240 1442 328 1482 μοῖσι
342 1441 487 1482 μᾶλλον,
508 1441 527 1480 ὴ
548 1439 762 1482 Κορινθίοισι.
796 1439 914 1470 Guber-

240 1497 341 1522 nator.
373 1491 441 1522 Hoc
457 1490 497 1521 de
514 1501 569 1521 suo
586 1489 722 1521 Ovidius
737 1490 914 1521 exornavit.

241 1540 340 1582 Apud
353 1539 547 1571 Herodotum
564 1540 691 1570 omnino
709 1545 813 1569 nautae
830 1550 914 1569 com-

239 1595 466 1620 memorantur.
513 1588 651 1620 Servulis
673 1588 772 1631 ipsius
788 1588 916 1620 Arionis

241 1639 300 1670 hoc
317 1639 482 1670 consilium
500 1638 648 1680 Hyginus
668 1638 787 1670 tribuit.
836 1639 914 1669 Con-

240 1690 320 1720 stitit
345 1699 412 1731 pro,
444 1688 578 1720 adstitit.
626 1688 779 1719 Destricto
803 1688 915 1720 Heins.

240 1743 325 1769 recte
355 1740 401 1780 τῷ
430 1739 570 1769 districto
599 1737 758 1779 praetulit3
797 1737 914 1768 etenim

241 1789 430 1830 destringere
452 1793 499 1818 est
520 1787 652 1823 nudare,
675 1789 859 1829 distringere
882 1786 914 1818 in

241 1839 343 1869 varias
364 1844 468 1880 partes
489 1837 676 1868 distrahere.
725 1837 809 1869 Vide
831 1838 914 1868 Dra-

242 1888 344 1918 kemb.
357 1887 397 1918 ad
409 1887 466 1918 Sil.
477 1887 553 1918 xvii.
573 1887 645 1918 164.
669 1887 829 1918 Caeterum
842 1892 916 1918 nota

241 1937 299 1968 hoc
317 1948 408 1969 versu
432 1943 478 1968 tot
500 1948 569 1968 voc.
589 1937 621 1967 in
637 1949 656 1967 a
675 1936 864 1974 desinentia,
880 1942 916 1968 ut

241 1997 306 2018 ver.
321 1987 399 2018 256.

287 2037 360 2067 101.
377 2036 465 2067 Ensis
477 2035 696 2077 gubernatoris
707 2035 812 2066 locum
825 2035 916 2067 dedit

242 2085 316 2117 huic
342 2085 484 2122 consilio,
510 2096 572 2127 qun
602 2085 743 2116 suavitas
768 2085 915 2127 quaedam

241 2135 427 2167 conciliatur
456 2135 638 2166 narrationi.
684 2136 788 2166 Dubia
818 2139 917 2173 navis,

242 2184 386 2216 nesciens
402 2195 465 2227 quo
481 2191 544 2221 eat,
561 2195 658 2226 quum
681 2184 839 2216 neminem
860 2185 914 2216 ha-

240 2234 328 2270 beat,
346 2244 365 2265 a
379 2245 442 2276 quo
457 2240 595 2275 regatur.
643 2234 771 2264 Mortem
790 2246 847 2265 non
863 2236 914 2265 de-

241 2294 359 2324 precor.
385 2283 484 2325 Apud
501 2283 654 2314 Herodot.
671 2289 779 2314 tamen
794 2283 915 2325 ψυχὴν

241 2336 452 2375 παραιτεῖται
489 2332 656 2375 Χρήματα
695 2333 820 2375 προιείς
849 2339 914 2375 σφι.

240 2383 383 2414 Tandem
412 2383 506 2414 minis
535 2383 576 2414 ad
611 2383 726 2413 incitas
754 2383 913 2419 redactus,

240 2439 345 2475 rogat,
363 2439 398 2464 ut
413 2433 473 2464 sibi
489 2433 587 2464 liceat
602 2433 639 2464 ἐν
654 2435 695 2475 τῇ
710 2434 811 2475 σκευῇ
823 2432 915 2476 πάσῃ

243 2481 359 2514 στάντι
372 2482 407 2513 ἐν
417 2484 501 2514 τοῖσι
509 2480 679 2513 είδωλιοισι
691 2481 810 2513 ἀεῖσαι.
828 2482 914 2514 Illud

241 2532 349 2563 ἀεῖσαι
374 2532 490 2562 Noster
511 2531 665 2572 expressit
688 2531 805 2572 referre
831 2533 913 2572 lyra.

244 2583 357 2612 Horat.
379 2581 450 2611 Art.
469 2581 559 2611 Poet.
579 2582 632 2612 57.
678 2585 698 2598 ‘⁴
711 2581 808 2611 Musa
827 2581 914 2612 dedit

242 2631 359 2662 fidibus
384 2631 484 2661 libera
505 2630 579 2660 vina
605 2630 751 2661 reserre.”
799 2631 914 2662 Rident

243 2693 367 2712 moram.
413 2680 510 2722 Apud
550 2680 702 2711 Herodot.
731 2691 764 2712 se
786 2688 914 2723 sperant

241 2730 486 2773 pulcherrimum
503 2729 664 2761 audituros
677 2737 819 2761 cantum.
840 2731 914 2762 Jarn

245 2780 432 2812 describitur
452 2781 563 2818 σκευὴ,
585 2787 713 2811 ornatus
733 2780 913 2817 citharoedi,

1566 1174 1660 1219 110

987 1338 1027 1369 de
1044 1348 1106 1380 quo
1124 1337 1231 1369 confer
1247 1337 1287 1368 ad
1310 1337 1428 1368 Heren.
1442 1336 1486 1369 iv.
1501 1337 1562 1376 473
1587 1336 1660 1368 Me-

986 1395 1063 1419 tam.
1087 1387 1131 1418 xi.
1158 1388 1229 1419 165.
1253 1393 1285 1418 et
1308 1398 1379 1429 quae
1404 1387 1447 1418 ibi
1471 1386 1662 1418 notavimus.

985 1438 1105 1482 Hygin.
1119 1439 1155 1470 P.
1168 1438 1209 1470 A.
1225 1439 1259 1470 d.
1274 1439 1295 1470 l.
1311 1438 1414 1481 petiit,
1430 1444 1466 1469 ut
1479 1437 1538 1469 sibi
1550 1437 1659 1470 liceret

985 1494 1049 1521 “se
1065 1499 1187 1526 ornare,
1204 1500 1267 1531 qua
1286 1499 1370 1531 saepe
1386 1489 1519 1524 vicerat,
1536 1487 1661 1520 veste.'’

984 1540 1023 1570 In
1060 1550 1097 1570 eo
1134 1545 1246 1570 ornatu
1282 1539 1420 1581 primum
1450 1544 1498 1569 est
1536 1549 1659 1574 corona,

984 1600 1096 1632 nempe
1110 1600 1218 1626 aurea,
1234 1599 1330 1631 quam
1347 1587 1496 1631 Hyginus
1509 1588 1572 1620 sab.
1589 1587 1621 1620 d.
1638 1587 1660 1619 l.

984 1639 1100 1671 diserte
1121 1645 1296 1677 memorat3
1335 1639 1465 1670 Phoebus
1491 1648 1565 1669 vero
1585 1648 1662 1669 can-

985 1696 1117 1726 taturus,
1148 1691 1286 1720 Metam.
1314 1688 1346 1720 d.
1367 1688 1389 1719 l.
1420 1690 1508 1719 lauro
1537 1693 1661 1720 tantum

986 1740 1158 1771 Parnaside
1181 1742 1313 1770 vinctus.
1362 1739 1469 1770 Crines
1490 1747 1566 1775 tuos,
1586 1738 1662 1780 quia

984 1790 1129 1821 Phoebus
1152 1789 1292 1820 crinibus
1313 1788 1458 1825 decorus,
1482 1788 1559 1830 quia
1580 1793 1662 1820 tem·

984 1849 1061 1881 pora
1073 1839 1142 1881 ejus
1155 1839 1247 1880 longo
1260 1838 1346 1870 crine
1359 1837 1505 1869 decentia
1518 1850 1524 1868 ε
1542 1838 1624 1869 Met.
1635 1836 1660 1868 i.

985 1889 1060 1921 450.
1108 1890 1203 1920 Paua
1218 1888 1313 1920 vestis
1330 1887 1577 1919 citharoedorum
1592 1887 1661 1918 lon-

983 1940 1052 1981 gior
1077 1950 1149 1971 cum
1177 1945 1324 1981 syrmate.
1369 1938 1500 1969 Tzetzes
1525 1937 1612 1969 Chil.
1638 1936 1660 1969 i.

984 1990 1049 2029 τὴν
1061 1990 1226 2031 μουσικὴν
1243 1989 1373 2027 στολὴν
1389 1993 1493 2019 vocat.
1517 1986 1602 2019 Vide
1618 1987 1659 2019 ad

985 2040 1120 2071 Metam.
1143 2039 1185 2071 xi.
1211 2040 1284 2071 166.
1299 2039 1354 2070 ubi
1370 2043 1391 2056 “
1404 2037 1501 2080 Tyrio
1520 2042 1662 2069 saturata

984 2090 1104 2121 murice
1141 2089 1265 2132 palla.''
1311 2089 1372 2120 Pro
1401 2094 1554 2124 saturata,
1583 2087 1662 2119 satis

985 2139 1109 2170 imbuta
1138 2139 1254 2175 colore,
1285 2149 1369 2170 nunc
1398 2144 1447 2170 est
1475 2139 1518 2169 bis
1547 2139 1660 2175 tincta,

984 2188 1136 2231 dibaphe,
1165 2200 1236 2231 quae
1267 2194 1299 2220 et
1328 2191 1453 2224 iterata,
1485 2193 1541 2218 aut
1570 2187 1659 2218 lauta

984 2241 1100 2269 murice
1124 2239 1188 2270 dici
1212 2238 1303 2270 solet.
1350 2238 1466 2269 Pollice
1486 2236 1538 2268 vel
1562 2236 1660 2274 nudo,

985 2288 1034 2319 vel
1057 2288 1184 2330 pectine
1208 2293 1329 2319 armato
1352 2286 1559 2329 pulsabantur
1581 2285 1658 2328 lyrae

984 2337 1073 2369 fides.
1119 2338 1203 2374 Suos,
1219 2348 1298 2379 quos
1313 2337 1394 2368 solet
1407 2335 1538 2367 reddere
1553 2340 1586 2366 et
1599 2336 1656 2367 de-

982 2388 1049 2418 bet.
1094 2388 1168 2418 Non
1200 2397 1323 2429 semper
1356 2390 1377 2404 ‘¹
1390 2385 1507 2417 chorda
1543 2396 1654 2417 sonum

984 2437 1098 2474 reddit,
1123 2447 1219 2479 quem
1247 2437 1314 2467 vult
1337 2446 1449 2467 manus
1472 2441 1504 2467 et
1526 2435 1655 2472 mens‚''

984 2487 1095 2518 Horat.
1112 2487 1183 2518 Art.
1199 2488 1288 2518 Poet.
1305 2487 1381 2517 348.

1030 2537 1214 2568 109—110.
1240 2536 1314 2567 Non
1334 2541 1414 2572 erat,
1432 2545 1489 2566 cur
1505 2534 1657 2567 Heinsius

984 2585 1042 2616 hoc
1058 2586 1097 2617 de
1113 2587 1192 2617 olore
1207 2585 1366 2617 distichon
1380 2585 1520 2628 spurium
1529 2584 1655 2627 judica-

983 2642 1042 2666 ret.
1078 2636 1205 2667 Etenim
1220 2641 1284 2666 tam
1301 2634 1425 2671 musici,
1442 2645 1537 2676 quam
1553 2640 1655 2676 poetae

983 2695 1055 2715 cum
1083 2696 1183 2726 cycno
1209 2696 1293 2727 saepe
1317 2689 1554 2727 comparantur,
1580 2683 1657 2725 quia

984 2740 1106 2765 veteres
1121 2734 1345 2765 suavissimum
1353 2733 1382 2764 ei
1395 2739 1523 2764 cantum
1537 2732 1654 2764 tribue-

984 2784 1071 2814 bant.
1118 2784 1198 2815 Inde
1214 2784 1344 2815 Alcaeus
1365 2782 1485 2820 κύκνος
1509 2781 1653 2823 Λέσβιος,
