1809 3220
199 161 286 202 440

535 159 624 200 AD
662 159 894 201 LWIAM
929 160 1286 203 AUGUSTAM

198 277 382 340 Regna
416 277 536 324 Deae
565 277 774 324 immitis
802 293 954 342 parce
981 277 1171 326 irritare
1200 278 1488 341 querendo:
1526 280 1623 325 375

269 356 553 403 Sollicitare
581 356 775 404 animos
804 373 952 420 parce
982 357 1206 421 potentis
1234 357 1384 405 herae.

198 435 325 490 Quae
353 443 524 482 tamen
550 435 645 483 hoc
668 452 768 483 uno
794 435 952 483 tristis
979 436 1071 483 tibi
1097 444 1327 500 tempore
1353 436 1505 491 venit,

270 514 419 578 Saepe
446 514 625 561 eadem
653 515 804 562 rebus
832 514 954 562 favit
973 515 1136 562 amica
1162 515 1279 562 tuis.

202 591 338 640 Nata
359 593 496 656 quod
523 608 586 640 en
613 593 714 641 alte
734 610 806 648 es,
829 593 966 657 quod
989 592 1195 640 foetibus
1222 600 1372 641 aucta
1390 592 1591 640 duobus
1610 610 1621 648 ;

268 670 526 734 Quodque
553 672 704 719 etiam
732 688 915 734 magno
942 671 1235 720 consociata
1258 670 1288 718 J
1294 671 1401 730 ovi3

1523 673 1622 718 380

202 748 352 804 Quod
379 765 581 814 semper
600 749 792 797 domito
818 749 968 797 rediit
995 749 1086 797 tibi
1116 750 1289 798 Caesar
1315 749 1378 797 ab
1403 750 1542 806 orbe,

270 827 446 876 Gessit
471 837 522 876 et
547 828 733 876 invicta
759 845 1002 893 prospera
1027 829 1163 877 bella
1188 844 1369 887 manu3

200 906 350 962 Quod
377 923 496 971 spes
522 907 798 973 implerunt
824 915 1156 972 maternaque
1177 915 1296 955 vota
1323 906 1583 963 Nerones;

267 984 418 1040 Quod
446 986 623 1050 pulsus
650 987 800 1034 toties
827 986 986 1033 hostis
1015 993 1229 1050 utroque
1255 986 1403 1034 duce.

199 1063 430 1121 Rhenus,
460 1072 512 1112 et
537 1063 737 1128 Alpinae
764 1065 936 1122 valles,
965 1073 1017 1112 et
1041 1064 1289 1128 sanguine
1315 1064 1459 1128 nigro
1522 1065 1621 1110 385

269 1141 490 1190 Decolor
516 1142 702 1190 insecta
726 1142 872 1191 testis
901 1142 1103 1207 Itargus
1131 1159 1294 1208 aqua;

202 1219 575 1286 Danubiusque
600 1237 776 1286 rapax,
805 1230 858 1270 et
885 1221 1077 1271 Dacius
1103 1224 1225 1271 orbe
1247 1229 1441 1270 remoto

267 1299 496 1364 Apulus3
539 1300 655 1348 huic
683 1300 814 1348 hosti
843 1301 1085 1365 perbreve
1113 1301 1309 1350 Pontus
1336 1301 1458 1357 iter;

198 1377 574 1443 Armeniusque
600 1379 774 1443 fugax,
804 1388 855 1428 et
880 1381 1088 1428 tandem
1117 1380 1356 1428 Dalmata
1383 1378 1621 1444 supplex,

268 1456 583 1522 Summaque
609 1458 826 1523 dispersi
853 1475 942 1523 per
961 1460 1088 1523 juga
1114 1457 1395 1515 Pannonii;

1522 1458 1622 1505 390

200 1534 268 1584 Et
293 1536 444 1584 modo
473 1536 761 1585 Germanus
790 1537 1038 1586 Romanis
1061 1536 1296 1601 cognitus
1322 1535 1459 1585 orbis
1482 1553 1492 1584 :

268 1614 494 1680 Adspice
521 1624 647 1679 quot
672 1616 865 1664 meritis
892 1617 1045 1682 culpa
1070 1617 1135 1665 sit
1160 1632 1260 1664 una
1284 1615 1460 1663 minor.

243 1813 318 1844 379.
351 1812 438 1843 Nata
467 1814 543 1853 qnod
571 1823 599 1843 es
629 1812 720 1854 alta]
751 1813 824 1844 Alte
853 1825 881 1846 es

198 1868 321 1894 veteres
344 1862 502 1905 plerique,
526 1873 564 1894 ne
588 1862 620 1894 in
647 1869 782 1894 metrum
807 1874 880 1905 pee-

199 1918 300 1944 cetur,
350 1912 461 1943 Edidit
489 1912 658 1944 Heinsius:
692 1919 768 1944 nata
798 1916 876 1954 quod

199 1975 237 1994 en
261 1964 324 1995 alte
347 1974 388 1994 es.
426 1961 542 1994 Davis.
564 1974 636 1995 vero
662 1963 701 1994 ad
724 1963 809 1995 Caes.
836 1964 875 1995 de

200 2012 287 2044 Bell.
305 2013 392 2044 Gall.
410 2012 444 2043 ii.
463 2015 524 2044 25:
553 2013 638 2045 Nata
659 2016 737 2055 qnod
757 2025 789 2045 ει
813 2015 877 2045 alto

199 2074 238 2094 es.
274 2062 337 2094 Sed
361 2074 393 2094 ez
421 2064 484 2093 alto
508 2065 591 2094 nasci
618 2070 703 2095 reete
725 2063 788 2094 dici
814 2074 875 2095 non

199 2118 292 2156 putat
306 2113 525 2144 Burmannus:
554 2123 611 2144 nec
633 2113 718 2145 ullus
733 2112 875 2155 quidem.

200 2164 285 2196 unde
315 2163 455 2195 firmetur
489 2163 558 2194 haec
595 2163 704 2200 lectio,
739 2165 876 2195 occurrit

200 2215 298 2246 locus.

245 2265 320 2296 386.
346 2265 475 2295 Decolor
500 2265 615 2307 infecta
646 2267 727 2296 testis
753 2264 877 2306 ltargns

201 2315 308 2357 aqum]
335 2320 355 2333 ‘⁴
374 2315 480 2356 Vulgo
498 2314 581 2346 varie
604 2314 681 2346 dicti
705 2315 808 2346 amnis
824 2325 876 2346 vo-

201 2365 350 2397 cabulum
367 2364 518 2407 scriptum
536 2371 583 2396 est
605 2365 636 2395 in
653 2363 747 2395 variis
767 2375 874 2396 exem—

202 2415 355 2458 plaribus,
378 2414 515 2455 Itnrgus,
538 2414 655 2457 Itargis
679 2421 711 2446 et
734 2415 876 2457 Itur-gns,

203 2465 333 2507 Iturgis,
345 2476 383 2496 ex
397 2464 513 2506 quibus
528 2464 700 2496 doctissimi
714 2464 809 2496 etiam
827 2464 872 2496 se-

202 2521 314 2547 cerunt
345 2515 464 2558 Isurgis
492 2521 524 2546 et
553 2514 703 2557 Isim-gus5
738 2526 875 2557 eumque

199 2566 336 2608 intelligi
353 2572 454 2609 poetae
471 2576 596 2597 amnem
612 2566 802 2602 docuerunt,
821 2566 875 2608 qui

203 2616 274 2648 aliis
303 2616 485 2647 auctoribus
514 2615 632 2647 dicitur
668 2616 817 2657 Visurgis,
850 2617 876 2647 le

207 2667 318 2698 Weser.
357 2667 422 2709 Ego
438 2676 547 2697 vocem
569 2666 653 2698 varie
668 2665 811 2697 vitiatam
828 2667 875 2697 in-

203 2716 324 2760 trepide
349 2715 470 2758 corrigo
497 2716 528 2747 in
564 2716 707 2759 llargus‚·
744 2727 876 2759 esseque

202 2778 274 2798 eum
291 2777 428 2803 amnem.
445 2766 498 2808 qui
517 2777 600 2797 nunc
618 2767 647 2797 in
664 2767 780 2798 Suevia
796 2767 874 2799 dici-

952 1818 1002 1844 tur
1032 1814 1107 1849 Iler,
1135 1812 1286 1844 audacter
1322 1810 1529 1852 pronuntio.'‘
1575 1811 1628 1843 Sic

951 1863 1080 1895 Cluver.
1099 1862 1229 1895 Vindel.
1245 1869 1276 1894 et
1292 1863 1400 1894 Noric.
1415 1873 1444 1893 c.
1459 1862 1489 1893 6.
1505 1873 1536 1905 p.
1552 1863 1628 1893 747.

993 1914 1070 1944 388.
1087 1914 1207 1954 Apulus
1221 1914 1292 1944 huic
1305 1914 1380 1943 hosti
1389 1913 1529 1952 perbreve
1547 1912 1629 1943 Pon-

946 1970 994 1995 tus
1026 1964 1113 2005 iter.]
1142 1964 1263 1995 Locum
1291 1962 1385 1994 valde
1416 1962 1625 2005 depravatum

944 2013 1086 2056 Scaliger
1102 2013 1147 2045 sic
1164 2013 1376 2045 emendabat:
1397 2017 1419 2030 “
1438 2012 1624 2044 Danubius-

944 2075 1006 2106 que
1023 2075 1135 2106 rapax.
1149 2070 1182 2095 et
1194 2063 1317 2095 Dacius
1332 2064 1406 2095 orbe
1423 2069 1542 2094 remoto
1557 2065 1623 2094 An-

943 2115 1054 2156 gulus:
1072 2114 1146 2146 hinc
1162 2114 1244 2145 hosti
1258 2115 1409 2156 perbreve
1420 2116 1521 2154 pontis
1531 2107 1626 2145 iter.’'

946 2165 1080 2196 Veteres
1102 2164 1286 2196 scribebant
1309 2164 1453 2207 oggnlus,
1468 2163 1552 2195 unde
1568 2175 1622 2204 ap-

944 2217 1036 2255 pulus
1058 2215 1211 2247 fecerunt.
1249 2214 1355 2246 Dacia
1376 2220 1452 2246 tunc
1476 2214 1547 2245 finis
1562 2214 1622 2245 im-

946 2265 1023 2307 perii
1062 2266 1212 2302 Romani,
1239 2265 1391 2297 Danubio
1428 2265 1598 2296 terminata
1616 2277 1622 2294 :

943 2315 1052 2358 itaque
1067 2327 1139 2357 pons
1157 2316 1294 2359 jungens
1311 2315 1498 2347 Danubium
1515 2314 1626 2347 suisset

943 2368 1084 2407 perbreve
1116 2369 1173 2397 iter
1206 2366 1287 2398 hosti
1320 2366 1360 2398 ad
1392 2365 1471 2397 fines
1500 2364 1623 2409 imperii

944 2417 1095 2449 Romani.

989 2469 1065 2500 392.
1082 2469 1211 2508 Adspice
1226 2474 1295 2508 quot
1312 2469 1439 2504 meritis,
1456 2466 1535 2508 etc-J
1562 2465 1624 2497 Te-

944 2529 1017 2551 cum
1040 2520 1109 2562 ipsa
1133 2523 1260 2560 reputes
1283 2524 1360 2559 quot
1380 2522 1565 2560 quantaque
1590 2515 1623 2546 in

944 2574 975 2600 te
1012 2568 1169 2600 beneficia
1202 2568 1327 2599 fortuna
1364 2566 1557 2604 contulerit;
1590 2571 1624 2598 et

943 2631 1038 2650 unam
1054 2629 1151 2661 quam
1172 2617 1311 2654 admisit,
1327 2618 1359 2649 in
1379 2617 1520 2649 tollendo
1536 2617 1622 2648 Dru-

945 2680 989 2705 so,
1015 2670 1136 2709 culpam
1161 2668 1313 2699 minorem
1337 2669 1453 2699 meritis
1478 2666 1623 2698 invenias

948 2730 1074 2750 necesse
1092 2725 1152 2750 est.
1184 2718 1245 2749 Sed
1261 2717 1329 2750 haec
1342 2717 1448 2750 omnia
1462 2716 1622 2752 subtilius,

946 2779 1040 2810 quam
1059 2768 1172 2799 verius.
