1830 3220
588 170 660 212 IN
696 170 914 214 OVIDII
950 171 1203 214 FASTOS.
1519 173 1605 215 3923

180 300 310 340 super
332 288 657 341 ponderandum
680 289 866 331 videtur.
919 289 1132 331 Videmus
1154 290 1267 331 enim
1291 289 1470 344 populos
1492 290 1600 331 anti-

180 369 285 409 quos
322 356 365 397 in
399 357 545 411 primis
578 358 756 399 culturae
792 358 995 413 gradibus
1029 366 1252 400 versantes
1288 365 1334 400 et
1366 364 1466 400 ante
1498 360 1600 401 artis

178 424 414 479 scriptoriae
437 426 506 467 vel
534 426 726 481 plasticae
756 427 874 468 initia
900 429 954 468 ad
985 428 1150 469 fabulas
1179 434 1224 469 et
1251 428 1479 483 religiones
1501 443 1600 470 suas

177 495 475 549 propagandas
510 502 555 537 et
585 496 826 550 posteritati
863 497 1094 537 tradendas
1132 497 1404 543 carminibus,
1441 512 1537 552 quae
1575 513 1600 539 a

179 563 322 605 bardis
357 564 443 605 suis
478 565 713 619 composita
743 565 1019 620 omniumque
1052 581 1123 607 ore
1155 565 1433 621 frequentata
1461 574 1599 615 erant.

178 634 231 674 ad
261 648 393 675 unum
424 635 516 676 fere
548 650 694 676 omnes
726 649 824 676 usos
854 650 965 676 esse.
1031 635 1242 677 Habuere
1273 636 1486 691 ejusmodi
1509 650 1598 677 car-

178 703 293 744 mina
321 703 482 752 Graeci,
507 704 707 751 Romani,
735 703 956 752 Germani,
983 703 1179 746 Hebraei.
1243 704 1355 757 Quae
1387 706 1421 746 si
1454 705 1597 760 igitur,

177 773 247 814 vel
269 773 321 813 ob
340 773 577 814 naturalem
596 788 743 815 eorum
765 774 1071 828 praestantiam,
1091 779 1137 814 ut
1158 774 1199 814 in
1219 772 1386 814 Graccis
1405 773 1599 814 carmini-

176 843 254 884 bus
291 843 640 892 Homeridamm,
671 842 739 884 vel
773 858 874 884 casu
908 843 1050 898 aliquo
1085 848 1253 884 servata
1292 848 1404 890 sunt,
1428 848 1600 884 veteres

175 912 259 954 illae
281 913 392 955 ideae
412 920 457 954 et
478 914 634 955 fabulae
658 913 782 968 hujus
804 913 954 968 populi
973 928 1071 954 cum
1094 913 1142 954 iis
1165 912 1406 968 posteritati
1428 912 1597 953 traditae

174 989 220 1024 et
240 983 363 1037 quasi
386 984 560 1025 sancitae
582 990 711 1032 sunt3
742 998 766 1025 e
788 984 999 1025 contrario
1028 998 1126 1025 cum
1154 983 1202 1024 iis
1230 982 1425 1037 plurimae
1454 982 1596 1038 gentis

173 1052 331 1095 fabulae
361 1054 545 1108 periere,
569 1060 614 1096 et
646 1055 819 1096 unicum
852 1060 953 1095 tunc
984 1053 1202 1094 memoriae
1232 1066 1369 1107 genus
1398 1065 1596 1092 mansere

172 1122 279 1163 ritus
307 1123 416 1164 sacri
446 1124 487 1164 in
518 1124 764 1165 memoriam
789 1123 982 1164 Deorum
1012 1122 1208 1164 instituti.
1273 1121 1343 1162 Ita
1371 1121 1483 1162 inter
1506 1119 1595 1162 Ro-

174 1205 322 1233 manos
350 1191 511 1233 factum
541 1207 636 1234 esse
666 1193 860 1234 arbitror.
925 1191 1073 1233 Rudia
1103 1191 1188 1239 illa,
1213 1206 1311 1246 quae
1343 1190 1515 1231 Latium
1550 1196 1596 1230 et

176 1259 318 1302 Roma
347 1261 548 1310 habuere,
571 1262 711 1317 patria
740 1259 968 1309 carminad,
992 1261 1099 1302 citra
1121 1261 1297 1302 dubium
1320 1260 1362 1300 in
1385 1259 1595 1313 religione

173 1336 342 1386 patrum
366 1331 634 1385 potissimum
654 1330 881 1379 versantia,
901 1330 1011 1371 adeo
1032 1344 1179 1384 parum
1204 1329 1458 1370 auctoritate
1479 1327 1595 1369 valu-

172 1401 257 1441 isse
286 1407 331 1442 et
360 1400 589 1442 virtutibus
620 1415 664 1442 se
699 1400 1023 1441 commendasse
1052 1399 1265 1446 videntur,
1291 1405 1338 1438 ut
1368 1397 1448 1439 nisi
1477 1397 1595 1452 prius

173 1470 341 1519 amissa,
377 1476 521 1512 tamen
556 1471 677 1525 poesi
709 1470 878 1512 Graecae
912 1470 955 1510 in
988 1468 1158 1510 Italiam
1197 1468 1414 1510 translatae
1450 1467 1595 1509 statim

172 1540 395 1589 cederent,
414 1546 459 1581 et
480 1555 578 1581 cum
598 1539 649 1581 iis
671 1539 821 1594 patriae
839 1539 921 1580 illae
941 1539 1100 1580 veteris
1118 1538 1232 1579 Latii
1254 1538 1363 1580 ideae
1380 1536 1593 1592 religiosae

170 1614 217 1649 et
245 1609 378 1665 mythi
406 1609 518 1650 haud
549 1609 679 1650 dubie
709 1608 928 1663 perierint,
953 1608 1013 1649 ita
1042 1614 1103 1656 ut,
1127 1607 1294 1648 nonnisi
1323 1607 1363 1648 in
1396 1606 1519 1648 festis
1549 1612 1595 1646 et

169 1678 322 1720 ritibus
350 1679 596 1720 domesticis
631 1678 774 1734 aliqua
804 1693 952 1719 eorum
981 1678 1133 1719 notitia
1161 1683 1344 1725 servata,
1370 1691 1511 1718 causae
1539 1676 1592 1716 ri-

171 1753 292 1790 tuum
328 1748 495 1790 illorum
528 1749 783 1804 plerumque
819 1748 1024 1803 perirent.
1089 1747 1199 1788 Inde
1237 1746 1362 1787 simul
1399 1750 1592 1801 apparet.

170 1833 247 1859 cur
267 1818 348 1874 ipsi
367 1824 536 1860 veteres
558 1819 601 1859 in
623 1818 779 1874 mythis
801 1824 845 1859 et
867 1819 1021 1867 causis,
1041 1833 1065 1859 a
1087 1817 1241 1873 quibus
1264 1816 1384 1857 feriae
1405 1822 1450 1856 et
1473 1829 1592 1856 cere-

171 1890 326 1932 moniae
350 1890 599 1932 domesticae
623 1890 873 1944 repetendae
894 1895 1053 1937 essent,
1077 1889 1186 1930 adeo
1212 1888 1255 1928 in
1281 1887 1453 1928 diversa
1477 1885 1592 1927 abie-

172 1961 271 2009 rint,
307 1974 440 2015 quum
473 1966 623 2001 vetera
654 1959 725 2000 illa
758 1965 1035 2000 monumenta
1069 1958 1137 1999 vel
1171 1957 1398 2012 deperdita
1431 1961 1590 2003 essent,

213 2077 229 2099 d
256 2076 419 2121 Ejusmodi
457 2077 544 2108 fuere
574 2077 718 2108 Saturnii
744 2089 846 2108 versus

171 2134 270 2161 metro
290 2128 360 2160 rudi
375 2134 408 2160 et
429 2128 612 2167 incondito;
637 2128 716 2160 Hor.
732 2139 783 2171 ep.
799 2129 845 2160 II.

170 2179 192 2212 i.
212 2180 283 2211 158.
300 2186 332 2210 et
346 2178 468 2210 Ennius
491 2179 576 2221 apud
589 2179 658 2211 Cic.
676 2179 766 2210 Brut.
786 2180 844 2217 18;

169 2231 308 2260 carmina
324 2229 470 2265 saliaria,
487 2236 608 2271 postea,
621 2240 720 2272 quum
736 2240 775 2260 ex
792 2240 845 2261 ac-

169 2278 312 2311 cessione
338 2278 503 2310 literarum
525 2279 711 2310 Graecarum
735 2278 845 2321 lingua

169 2330 285 2361 mirum
312 2329 345 2360 in
374 2329 504 2361 modum
533 2336 656 2361 mutata
678 2337 771 2366 esset,
792 2330 845 2362 vix

168 2380 347 2416 intellecta,
360 2391 492 2423 quorum
505 2387 609 2412 autem
623 2391 771 2423 magnam
783 2380 846 2411 vim

170 2442 240 2463 esse
256 2430 297 2463 ad
313 2430 555 2473 intelligendam
570 2432 706 2474 patriam
722 2431 847 2473 mytho-

167 2481 288 2524 logiam
301 2486 422 2513 certum
438 2486 496 2512 est.
542 2482 590 2512 Ea
604 2481 688 2513 enim
703 2481 847 2517 numina,

167 2542 242 2574 quae
258 2531 291 2562 in
306 2531 370 2563 illis
384 2532 569 2563 nominatim
585 2537 766 2569 occurrunt,
777 2532 847 2574 jam

169 2589 246 2614 tunc
264 2583 377 2614 Romae
393 2583 483 2614 culta
502 2593 582 2619 esse,
594 2582 739 2625 judicare
757 2582 844 2618 licet,

168 2633 288 2675 etjam
313 2638 437 2664 veteres
461 2632 659 2674 grammatici
681 2643 719 2663 ex
746 2643 795 2669 eo,
821 2632 846 2664 si

168 2683 257 2725 'quod
273 2693 391 2714 numen
406 2683 440 2714 in
456 2683 519 2714 illis
541 2694 603 2714 non
623 2682 752 2714 obvium
767 2688 846 2719 erat,

168 2733 210 2765 de
239 2733 355 2765 seriore
390 2734 459 2776 ejus
487 2734 668 2765 accessione
703 2733 846 2775 conjece—

236 2801 348 2830 VOL.
374 2801 420 2830 V.

915 2082 1006 2114 runt;
1041 2075 1126 2118 (vid.
1159 2076 1241 2107 infra
1271 2075 1309 2107 de
1341 2073 1496 2114 Venere.)
1552 2075 1591 2106 In

915 2126 1026 2169 paucis
1048 2127 1097 2164 iis,
1113 2138 1184 2169 quae
1211 2126 1376 2162 habemus,
1393 2125 1591 2167 fragmentis.

915 2190 945 2209 v.
961 2189 988 2210 c.
1018 2179 1130 2215 Janus,
1146 2179 1235 2221 cujus
1250 2178 1411 2221 praecipue
1427 2177 1470 2208 ibi
1487 2183 1594 2220 partes

914 2228 1001 2260 fuere
1018 2229 1120 2271 (unde
1139 2227 1249 2271 Lydus
1274 2238 1293 2259 a
1313 2227 1450 2270 potiore:
1479 2226 1593 2259 Σάλιοι

914 2279 1177 2321 ὑμνοποιοῧντες
1190 2280 1252 2310 τὸν
1266 2277 1421 2317 Ἰαννόν)
1437 2278 1593 2309 Saturnus

914 2331 1030 2372 (quam
1054 2329 1186 2361 formam
1205 2328 1275 2359 vult
1299 2327 1404 2368 Scal.)
1430 2328 1590 2364 Lucetius,

919 2380 1091 2416 Volumnia,
1124 2379 1246 2415 Mania,
1278 2378 1444 2410 Pilumnus
1481 2388 1591 2409 occur-

914 2436 998 2467 runt,
1028 2430 1068 2461 de
1093 2440 1227 2472 quorum
1257 2427 1449 2471 antiquitate
1473 2433 1505 2460 et
1536 2428 1593 2459 do-

914 2480 1048 2512 mestica
1076 2480 1110 2511 in
1141 2479 1238 2511 Italia
1268 2478 1420 2521 religione
1445 2477 1592 2520 judicare

914 2531 1000 2563 licet.
1047 2530 1146 2562 Aliud
1166 2541 1274 2562 eorum
1291 2528 1492 2561 commodum
1507 2529 1539 2559 in
1554 2539 1592 2560 eo

914 2588 1068 2618 versatur,
1100 2588 1147 2618 ut,
1176 2580 1203 2611 si
1231 2580 1308 2623 quid
1334 2579 1432 2616 aliud,
1460 2579 1592 2621 antiqua

916 2644 1023 2664 eorum
1061 2632 1185 2673 lingua,
1222 2631 1262 2662 ad
1287 2641 1392 2662 veram
1431 2629 1592 2660 notionem

916 2683 1048 2715 deorum
1093 2682 1303 2725 quorumdam
1349 2679 1592 2711 domesticorum

917 2734 1099 2776 conjectura
1115 2731 1352 2775 adsequendam
1369 2730 1477 2762 ducat.

1103 2788 1184 2829 aa
