1830 3220
576 181 931 224 FASTORUM
963 182 1087 226 LIB.
1122 184 1160 225 I.
1520 191 1577 232 19

154 294 321 343 Multa
345 297 552 361 quidem
579 298 762 346 didici:
805 300 895 347 sed
920 316 1010 347 cur
1035 300 1226 349 navalis
1253 302 1303 350 in
1329 320 1426 352 aere

224 373 396 422 Altera
422 375 622 438 signata
645 384 739 433 est,
768 377 925 425 altera
950 377 1110 425 forma
1135 378 1346 444 biceps?
1476 387 1575 430 230

154 452 380 501 Noscere
406 469 486 501 me
511 454 701 519 duplici
729 472 905 519 posses
932 455 984 503 in
1012 456 1247 520 imagine,
1276 458 1434 518 dixit3

223 530 290 578 Ni
316 538 459 579 vetus
485 532 596 596 ipsa
620 532 730 580 dies
756 541 1061 582 extenuaret
1087 551 1232 599 opus,

155 609 327 657 Causa
346 610 464 657 ratis
481 618 714 675 superest
732 628 741 658 :
772 611 999 660 Tuscum
1020 620 1126 661 rate
1147 613 1284 661 venit
1303 614 1352 662 in
1374 631 1575 664 amnem

222 687 355 735 Ante
380 696 636 752 pererrato
662 688 855 737 falcifer
880 690 1002 737 orbe
1031 690 1190 738 Deus.

157 765 267 813 Hac
294 782 388 829 ego
418 767 694 815 Saturnum
720 767 926 816 memini
952 769 1133 817 tellure
1159 778 1446 834 receptum:
1477 776 1575 821 235

224 844 493 893 Coelitibus
520 846 689 910 regnis
716 847 780 894 ab
805 846 932 894 Jove
957 848 1135 912 pulsus
1163 856 1286 897 erat.

157 924 282 972 Inde
308 924 394 972 diu
421 926 559 988 genti
585 926 772 974 mansit
799 926 1039 976 Saturnia
1064 944 1277 977 nomen:

224 1002 379 1051 Dicta
403 1020 609 1068 quoque
629 1011 707 1052 est
734 1003 933 1052 Latium
960 1012 1107 1061 terra,
1137 1006 1329 1054 latente
1361 1007 1487 1055 Deo.

154 1081 223 1128 At
248 1082 383 1129 bona
407 1082 677 1146 posteritas
704 1083 918 1147 puppim
945 1084 1165 1131 servavit
1191 1084 1241 1130 in
1267 1101 1382 1142 aere,

225 1159 456 1225 Hospitis
483 1161 755 1209 adventum
781 1161 1053 1209 testificata
1079 1162 1194 1210 Dei.

1477 1167 1576 1211 240

156 1238 276 1303 Ipse
302 1240 465 1286 solum
491 1239 642 1296 colui,
670 1241 815 1303 cujus
842 1239 1188 1304 placidissima
1212 1241 1389 1289 laevum

224 1316 381 1365 Radit
405 1317 602 1366 arenosi
628 1317 849 1366 Tibridis
876 1318 1013 1366 unda
1035 1319 1185 1367 latus.

156 1427 196 1458 ad
214 1427 354 1459 AEn.vii.
384 1428 442 1460 Sed
452 1440 509 1460 cm·
520 1430 651 1465 navalis,
664 1433 726 1460 ete.
755 1430 829 1460 Ma-

155 1478 290 1515 crobius,
321 1479 390 1510 Sat.
422 1479 443 1510 i.
473 1480 504 1511 7.
543 1481 685 1518 “Quum
711 1479 830 1521 primus

156 1539 284 1570 quoque
304 1539 369 1560 aera
398 1529 549 1572 signaret,
574 1529 714 1560 servavit
740 1535 772 1560 et
798 1528 830 1560 in

156 1579 214 1610 hoc
235 1580 362 1611 Saturni
381 1580 601 1617 reverentiam,
624 1586 659 1611 ut
679 1579 829 1622 quoniam

155 1628 209 1659 ille
226 1629 298 1660 navi
320 1629 421 1661 fuerat
442 1629 605 1667 advectus,
621 1641 660 1661 ex
680 1640 744 1661 una
759 1629 829 1671 qui-

156 1680 230 1710 dem
246 1686 334 1722 parte
346 1680 394 1711 sui
406 1681 520 1721 capitis
531 1681 660 1723 effigieS‚
674 1691 711 1712 ex
729 1681 830 1712 altera

157 1740 230 1760 vero
251 1729 342 1761 navis
360 1729 599 1772 exprimeretur,
619 1741 682 1772 quo
702 1730 829 1761 Saturni

156 1779 341 1811 memoriam
357 1781 452 1811 etiam
469 1780 502 1811 in
520 1785 660 1822 posteros
674 1791 830 1822 propaga-

157 1830 241 1862 ret.’'
288 1830 405 1862 Confer
427 1830 608 1861 Minucium
629 1830 698 1861 Fel.
713 1831 778 1868 223
799 1836 832 1861 et

159 1880 356 1923 Cyprianum
373 1881 412 1912 de
428 1881 510 1912 Idol.
521 1880 633 1912 Vanit.
651 1880 673 1911 i.
688 1882 727 1920 3;
750 1881 830 1912 Lac-

159 1931 295 1962 tantium
323 1932 402 1962 Inst.
432 1931 460 1962 I.
482 1930 548 1962 xiii.
576 1931 607 1961 7.
631 1930 684 1961 ubi
712 1930 831 1962 nummi

157 1987 291 2017 veteres,
307 1981 419 2023 quales
434 1980 485 2012 hie
501 1980 734 2017 describuntur,
746 1991 833 2011 com-

158 2037 381 2064 memorantur.
427 2030 566 2062 Omnino
595 2030 668 2062 vide
698 2030 832 2062 Rascliii

160 2082 271 2114 Lexic.
300 2092 424 2113 numar.
452 2091 520 2113 voc.
543 2080 655 2112 Janus.
703 2081 834 2112 Navalis

157 2134 270 2174 forma,
287 2133 386 2164 forma
401 2131 502 2168 navis,
514 2134 656 2174 signata.-
682 2130 834 2162 Heinsius

158 2186 279 2226 signato
302 2183 457 2213 malebat.
505 2182 635 2212 Nascere
659 2193 705 2212 me
729 2192 832 2221 posses,

159 2239 221 2265 etc.
237 2243 392 2269 nosceres,
406 2231 571 2274 bicipitem
591 2231 680 2262 illam
701 2230 834 2262 sormam

159 2295 229 2316 esse
256 2283 318 2315 mei
339 2282 464 2325 capitis,
494 2292 545 2313 me
574 2281 677 2324 ipsum
708 2282 834 2318 referre,

160 2335 220 2366 nisi
249 2339 386 2376 ternpus,
416 2331 501 2374 quod
528 2331 635 2362 omnia
671 2336 833 2368 extenuat,

160 2385 256 2417 etiam
275 2384 308 2414 in
323 2393 384 2414 aere
404 2381 460 2413 illo
482 2381 677 2412 lineamenta
695 2380 756 2412 oris
772 2380 834 2412 mei

162 2435 373 2469 obliterasset,
387 2438 577 2468 extenuaret,
594 2432 749 2462 minueret
762 2441 832 2473 par-

164 2493 223 2517 tes.
268 2483 359 2515 Male
375 2482 493 2513 librarii
511 2488 697 2513 extenuasset
718 2481 835 2512 substi-

163 2540 312 2574 tuerunt3
336 2533 459 2565 Auctor
474 2531 556 2563 enim
574 2532 718 2563 universe
732 2531 835 2574 loqui-

163 2592 227 2618 tur.

207 2636 285 2667 233.
312 2634 389 2665 Fala„
402 2633 527 2664 Saturni
543 2631 722 2675 symbolum
739 2629 835 2662 fuisse

163 2692 291 2730 putatur
315 2684 516 2726 agriculturae
538 2683 578 2714 ab
601 2681 668 2725 ipso
690 2681 722 2712 in
741 2681 837 2712 Italia

163 2742 308 2779 repertae.
353 2734 420 2766 Alii
441 2744 512 2765 eam
528 2738 643 2776 putant
659 2732 687 2763 ei
704 2731 836 2763 attribu-

165 2793 241 2824 tam,
266 2784 352 2829 quod
373 2790 498 2827 tempus
518 2782 622 2815 omnia
648 2786 757 2818 metat,
783 2792 836 2812 ex-

900 1434 999 1466 secet,
1016 1428 1158 1469 incidat3
1182 1430 1329 1461 Macrob.
1348 1430 1370 1461 i.
1388 1431 1419 1461 3.
1461 1429 1575 1471 Recep«

901 1487 966 1511 tum
995 1480 1066 1511 scil.
1096 1490 1115 1511 a
1145 1491 1206 1512 me.
1271 1482 1317 1511 Ab
1346 1480 1422 1512 Jove
1447 1482 1577 1520 pulsus,-

899 1529 1049 1560 Macrob.
1098 1534 1119 1546 “
1135 1529 1292 1561 Eumdem
1314 1541 1333 1561 a
1354 1530 1417 1561 filio
1437 1530 1577 1572 pulsum,

899 1578 976 1619 quid
997 1579 1085 1610 aliud
1109 1586 1167 1617 est,
1183 1591 1281 1622 quam
1305 1586 1449 1622 tempora
1470 1591 1578 1612 senes-

899 1629 1006 1660 centia
1035 1630 1075 1660 ab
1104 1629 1164 1667 his,
1189 1641 1260 1672 quae
1288 1636 1360 1672 post
1388 1635 1462 1661 sunt
1486 1636 1575 1668 nata,

899 1678 1063 1720 depelli?’'
1082 1680 1245 1711 Saturnia.
1271 1680 1308 1711 In
1322 1679 1465 1722 inscript.
1479 1691 1577 1722 quam

898 1728 1074 1772 Dionysius
1086 1730 1194 1761 Halic.
1208 1730 1369 1761 Archaeol.
1385 1729 1407 1760 i.
1424 1731 1473 1762 14.
1490 1741 1576 1761 com-

898 1785 1054 1810 memorat
1070 1780 1219 1821 Στείχετε
1235 1780 1411 1822 μαιόμενοι
1433 1781 1577 1812 Σικελῶν

900 1829 1092 1870 Σατορνίαν
1103 1830 1194 1862 ἇιαν.
1204 1830 1295 1860 Idem
1306 1840 1379 1872 cap.
1392 1830 1448 1860 24.
1460 1835 1577 1868 narrat,

900 1885 973 1910 ante
993 1879 1142 1911 Herculis
1162 1879 1334 1911 adventum
1357 1885 1456 1910 totam
1471 1890 1577 1918 oram,

900 1938 972 1970 quae
998 1934 1068 1971 post
1092 1929 1188 1961 Italia
1217 1929 1316 1965 dicta,
1343 1929 1479 1960 Saturno
1504 1929 1576 1961 Deo

901 1978 997 2010 fuisse
1020 1984 1189 2016 sacratam,
1211 1985 1243 2011 et
1269 1979 1309 2009 ab
1334 1977 1447 2009 incolis
1469 1979 1578 2010 Satur-

901 2027 987 2059 niam
1029 2035 1198 2069 vocatam3
1235 2040 1304 2061 esse
1343 2029 1440 2060 etiam
1484 2030 1579 2061 urbes

901 2078 1068 2121 quasdam,
1079 2091 1150 2122 quae
1163 2080 1207 2111 ita
1224 2079 1436 2122 appellentur.
1459 2080 1479 2111 J
1483 2090 1578 2111 anum

901 2127 1005 2170 ipsum
1044 2135 1135 2160 terrae
1166 2129 1225 2161 hoc
1262 2139 1380 2160 nomen
1415 2128 1579 2167 indidisse,

902 2186 1011 2211 auctor
1025 2185 1073 2211 est
1088 2181 1238 2211 Macrob.
1253 2180 1322 2211 Sat.
1336 2179 1358 2211 i.
1376 2180 1407 2211 7.
1437 2179 1578 2219 Latium,

904 2231 1017 2260 latente
1034 2230 1112 2261 Deo.
1157 2229 1210 2261 Sic
1225 2229 1321 2271 vulgo
1335 2229 1504 2272 putabant,
1521 2229 1576 2262 de-

903 2279 988 2322 cepti
1004 2280 1113 2322 inepta
1129 2279 1336 2321 etymologia.
1366 2279 1472 2310 Etiam
1487 2280 1579 2322 Virg.

903 2332 981 2361 AEn.
996 2329 1062 2361 viii.
1074 2331 1138 2361 320
1153 2341 1224 2372 sqq.
1249 2330 1349 2365 Bona,
1362 2334 1466 2371 grata.
1493 2330 1579 2370 Pup-

900 2382 964 2420 pim
987 2381 1130 2412 servavit.
1176 2380 1303 2422 Nempe
1329 2379 1422 2410 multi
1447 2380 1580 2416 nummi,

902 2429 998 2461 etiam
1013 2435 1083 2472 post
1103 2428 1203 2460 Servii
1226 2428 1324 2459 Tullii
1348 2434 1492 2471 tempora
1513 2429 1578 2471 sig-

904 2478 982 2516 nati,
1008 2485 1136 2511 servant
1165 2478 1216 2510 vel
1246 2479 1322 2510 Jani
1352 2478 1496 2510 biformis
1528 2480 1578 2510 vel

905 2529 993 2561 navis
1009 2529 1155 2571 figuram.
1188 2528 1269 2559 Inde
1281 2528 1361 2559 forte
1374 2527 1480 2570 opinio
1494 2534 1580 2565 nata,

899 2580 966 2622 jam
982 2580 1002 2611 J
1006 2589 1100 2610 anum
1116 2579 1257 2620 signasse
1276 2588 1430 2609 nummos.
1456 2578 1580 2609 Laevvm

905 2631 999 2661 latus.
1036 2627 1153 2660 Fabius
1170 2628 1276 2659 Pictor
1289 2639 1296 2658 z
1322 2632 1343 2646 “
1356 2628 1389 2658 Is
1404 2629 1506 2660 Janus
1520 2628 1579 2659 sub

904 2679 1030 2711 initium
1052 2678 1139 2710 aurei
1162 2678 1271 2710 saeculi
1290 2678 1405 2709 laevum
1425 2677 1508 2708 latus
1525 2676 1580 2707 Ti·

905 2729 987 2761 beris
1003 2729 1160 2760 Hetruriae
1176 2727 1312 2759 tenuit.''
1350 2728 1473 2757 Radere
1487 2737 1580 2768 aeque

906 2790 942 2812 ac
956 2781 1060 2811 rodere
1071 2785 1103 2811 et
1118 2780 1253 2810 mordere
1265 2777 1305 2809 de
1321 2777 1416 2809 fluvio
1427 2776 1579 2809 alluente.
