1830 3220
598 166 950 210 FASTORUM
984 166 1105 209 LIB.
1139 166 1220 209 IV.

1529 167 1616 209 233

191 281 297 331 Res
324 285 522 348 placet:
564 285 691 333 alter
716 285 808 332 init
832 284 1082 332 nemorosi
1109 299 1234 330 saxa
1259 282 1456 339 Palati;
1516 285 1614 330 815

260 360 406 409 Alter
431 362 740 410 Aventinum
766 378 914 409 mane
940 377 1183 408 cacumen
1211 360 1334 408 adit.

191 438 295 486 Sex
314 438 508 486 Remus
527 458 537 497 ;
562 440 644 487 hic
659 440 888 487 volucres
905 439 983 485 bis
1000 455 1091 486 sex
1108 438 1246 485 videt
1262 438 1437 485 ordine
1456 454 1465 485 :
1491 453 1609 502 pac·

258 516 458 574 Statur3
497 524 548 565 et
573 517 834 564 arbitrium
862 515 1112 563 Romulus
1137 515 1275 562 urbis
1301 516 1470 563 habet.

1535 517 1610 578 [to

188 593 328 659 Apta
351 594 461 642 dies
486 595 688 658 legitur,
717 610 819 657 qua
843 593 1029 640 moenia
1054 593 1222 655 signet
1247 599 1428 640 aratro.

257 672 414 720 Sacra
440 672 579 720 Palis
606 672 872 719 suberant:
915 671 1030 718 inde
1056 676 1284 717 movetur
1311 685 1455 733 opus.
1510 672 1609 716 820

190 749 348 798 Fossa
372 750 427 797 fit
454 750 517 797 ad
545 749 789 806 solidum;
830 748 1000 811 fruges
1020 748 1281 811 jaciuntur
1306 747 1357 793 in
1384 746 1512 804 ima;

258 827 327 875 Et
350 828 414 875 de
439 827 603 875 vicino
628 834 763 875 terra
786 826 946 891 petita
968 825 1091 872 solo.

189 905 347 953 Fossa
372 907 597 970 repletur
622 905 791 960 humo,
820 903 1090 967 plenaeque
1116 902 1391 966 imponitur
1417 918 1529 959 ara;

258 983 325 1032 Et
350 1001 508 1032 novus
534 1000 750 1032 accenso
775 982 982 1029 finditur
1008 981 1121 1045 igne
1147 979 1306 1027 focus.

189 1062 316 1110 Inde
342 1079 579 1126 premens
602 1062 782 1109 stivam
808 1061 1042 1123 designat
1067 1060 1253 1106 moenia
1277 1059 1444 1106 sulco:
1510 1060 1607 1106 825

256 1140 391 1188 Alba
410 1142 590 1206 jugum
617 1140 760 1188 niveo
787 1156 899 1187 cum
922 1140 1052 1186 bove
1076 1153 1232 1185 vacca
1255 1136 1386 1184 tulit.

186 1298 298 1340 μυρία.
327 1298 480 1335 Volucres,
491 1309 605 1341 nempe
622 1299 776 1336 vultures,
792 1297 862 1341 qui-

185 1348 256 1384 bus,
286 1349 436 1390 quoniam
466 1358 523 1379 nec
553 1349 671 1391 pecori,
700 1359 758 1380 nec
785 1348 864 1379 satis

185 1402 312 1433 nocent,
324 1397 463 1429 Romani
477 1397 511 1428 in
526 1398 676 1440 auspiciis
691 1398 862 1440 plurimum

184 1446 388 1485 tribuebant3
414 1447 580 1479 Plutarch.
597 1448 682 1479 dieto
697 1448 777 1479 loco.
824 1448 863 1479 In

187 1496 338 1538 auspiciis
353 1497 416 1528 illis
433 1497 555 1540 aliquid
571 1497 692 1530 fraudis
715 1499 862 1529 commis-

185 1557 254 1578 sum
270 1558 338 1579 esse
354 1558 373 1579 a
385 1547 538 1584 Romulo,
550 1548 728 1590 Dionysius
742 1548 862 1590 prolixe

186 1603 314 1636 narrat3
328 1597 402 1629 inde
415 1598 649 1630 contentionem
666 1609 734 1629 esse
750 1604 861 1635 ortam,

185 1658 282 1689 quam
297 1648 470 1680 multitudo
486 1648 689 1686 accenderit;
706 1648 737 1678 in
754 1659 864 1690 pugna

185 1697 345 1740 utrimque
365 1699 481 1730 multos
501 1698 666 1735 cecidisse,
682 1698 778 1729 etiam
796 1699 862 1730 Re-

186 1757 272 1778 mum
295 1753 327 1779 et
349 1748 551 1784 Faustulum,
570 1758 666 1789 quum
688 1748 766 1778 iram
788 1748 862 1778 diri-

185 1807 269 1828 mere
307 1796 416 1829 vellet,
470 1797 533 1828 Sed
571 1797 708 1829 Ovidius
746 1798 862 1829 famam

186 1846 340 1888 sequitur,
379 1857 475 1890 quam
514 1848 634 1883 Livius,
670 1847 756 1878 dicto
794 1848 862 1879 loco

185 1896 395 1938 vulgatiorem
426 1902 528 1934 vocat,
559 1908 598 1928 ex
634 1908 698 1939 qua
730 1897 862 1934 Remus,

185 1947 282 1978 muris
301 1947 368 1989 jam
394 1947 514 1990 positis,
538 1946 641 1990 periit.
687 1948 862 1979 Arbitrium

184 1998 268 2028 urbis
285 1998 385 2032 habet,
398 1997 517 2039 pendet
533 1997 572 2027 ab
589 2007 626 2027 eo
638 1996 691 2039 jus
707 1997 860 2039 ponendae

185 2046 283 2082 urbis,
300 2057 500 2089 quocumque
517 2046 587 2077 loeo
604 2047 712 2077 vellet.

230 2098 306 2129 821.
338 2097 445 2133 Ritus,
473 2097 589 2139 quibus
617 2097 693 2127 urbs
723 2095 862 2127 condita.

185 2147 281 2179 Ritus
314 2152 346 2178 et
378 2147 450 2178 illos
484 2152 515 2178 et
544 2146 622 2177 alios
654 2146 791 2177 Romani
821 2146 861 2176 ab

185 2198 328 2229 Etruscis
356 2203 544 2228 sumserunt.
601 2197 733 2227 Festus:
765 2200 784 2213 ‘¹
803 2195 860 2226 Ri-

185 2247 287 2278 tuales
315 2246 519 2278 nominantur
544 2247 752 2277 Etruscorum
776 2245 861 2281 libri,

186 2298 219 2328 in
242 2297 359 2339 quibus
382 2296 592 2339 perscriptum
618 2302 678 2333 est,
706 2307 769 2337 quo
799 2295 861 2327 ritu

186 2347 362 2378 condantur
391 2347 497 2383 urbes,
522 2357 596 2383 arae,
623 2345 708 2377 aedes
735 2356 861 2376 sacren-

185 2397 270 2433 tur‚”
294 2402 358 2427 etc.
405 2396 506 2427 Varro
529 2396 569 2427 de
594 2395 688 2437 Ling.
714 2396 787 2426 Lat.
810 2394 859 2425 iv:

183 2450 203 2463 ‘¹
223 2446 353 2488 Oppida
373 2446 554 2477 condebant
569 2446 601 2476 in
617 2445 708 2476 Latio
728 2446 862 2476 Etrusco

186 2496 249 2527 ritu
264 2495 378 2531 multa,
397 2495 429 2525 id
445 2500 493 2526 est
507 2495 624 2537 junctis
640 2495 755 2531 bubus,
771 2500 861 2525 tauro

188 2552 220 2577 et
235 2556 346 2581 vacca,
368 2545 514 2577 interiore
539 2551 642 2577 aratro
665 2544 860 2586 circumage-

184 2596 263 2627 bant
299 2595 460 2626 sulcum.''
509 2594 641 2626 Plenius
674 2594 747 2625 illos
784 2595 862 2625 ritus

185 2652 341 2676 memorat
355 2645 547 2676 Plutarchus
562 2644 648 2676 dicto
662 2644 742 2676 loco.
790 2644 861 2675 Fos-

186 2707 247 2726 sam
263 2694 351 2725 illam
369 2695 523 2726 mundum
538 2695 708 2731 vocabant,
724 2694 757 2725 in
775 2703 863 2725 eam-

188 2755 250 2788 que
279 2751 311 2776 et
339 2744 494 2787 primitias
527 2744 669 2776 omnium
699 2755 802 2776 rerum
832 2749 863 2775 et

232 2795 335 2826 VOL.
352 2795 394 2826 V.

933 1297 1106 1340 particulas
1129 1302 1231 1333 terrae,
1253 1307 1290 1328 ex
1316 1306 1381 1338 qua
1404 1294 1539 1337 quisque
1564 1304 1611 1325 re-

932 1348 1025 1389 gione
1042 1353 1182 1382 venerat,
1199 1345 1388 1377 commixtas
1408 1344 1608 1375 deferebant.

931 1398 1011 1428 Tum
1037 1396 1181 1427 conditor
1204 1406 1293 1427 aeneo
1317 1405 1455 1430 vomere,
1476 1392 1611 1436 junctis-

933 1458 995 1489 que
1007 1448 1122 1483 bubus,
1134 1446 1213 1477 mari
1229 1452 1261 1477 et
1277 1445 1405 1481 femina,
1418 1443 1609 1486 profundum

933 1497 1072 1528 ducebat
1095 1496 1230 1531 sulcum,
1248 1502 1290 1532 et,
1311 1495 1366 1526 ubi
1390 1499 1482 1537 porta
1505 1492 1609 1535 desig-

932 1547 1038 1578 nanda
1064 1552 1143 1582 erat,
1168 1545 1211 1577 ibi
1240 1550 1388 1587 exempto
1419 1543 1609 1584 sublatoque

932 1607 1069 1633 vomere,
1099 1596 1238 1638 spatium
1277 1594 1491 1636 relinquebat.
1545 1594 1610 1630 Qui

932 1659 1005 1678 eum
1028 1647 1255 1688 sequebantur,
1276 1646 1297 1676 ii
1322 1645 1480 1676 excitatas
1504 1649 1608 1674 aratro

931 1697 1043 1738 glebas
1066 1696 1148 1727 intro
1167 1696 1345 1727 vertebant.
1391 1694 1486 1725 Adde
1512 1694 1610 1725 Colu-

932 1747 1071 1783 mellam,
1091 1746 1132 1777 vi.
1148 1746 1238 1788 praef.
1284 1746 1334 1775 Ad
1357 1745 1485 1775 solidum
1510 1744 1607 1774 Lenz.

932 1797 1167 1839 interpretatur,
1197 1795 1229 1826 in
1260 1794 1331 1825 loco
1361 1793 1473 1830 solido,
1502 1794 1607 1824 locum

931 1847 1016 1878 enim
1040 1845 1132 1877 illum
1159 1844 1299 1875 maxima
1328 1854 1368 1874 ex
1395 1848 1484 1885 parte
1512 1843 1608 1874 suisse

930 1896 1127 1937 palustrem3
1161 1894 1216 1925 sed
1247 1893 1326 1935 quid
1351 1893 1404 1923 fiet
1432 1892 1481 1923 his
1508 1892 1609 1923 locis?

934 1945 1078 1977 valerius
1108 1944 1283 1980 Maximus,
1313 1943 1346 1974 ii.
1375 1944 1410 1973 l:
1445 1942 1606 1974 “Funda-

930 2001 1109 2026 mentorum
1156 1992 1448 2024 constituendorum
1493 1992 1607 2034 gratia,

930 2051 1043 2075 teriam
1075 2044 1115 2075 ad
1147 2043 1284 2074 solidum
1315 2042 1457 2073 fodere.''
1512 2042 1610 2074 Colu-

931 2094 1039 2131 mella,
1056 2093 1098 2124 iv.
1114 2094 1176 2124 30:
1195 2097 1214 2110 “
1232 2092 1347 2123 salices
1360 2092 1380 2104 ’'
1398 2091 1555 2133 deponere
1571 2102 1608 2122 eo

930 2154 1043 2185 usque,
1053 2147 1073 2160 “
1083 2143 1158 2173 dum
1171 2142 1210 2173 ad
1222 2141 1358 2173 solidum
1368 2140 1610 2172 demittantur.’'

931 2194 975 2225 Iis
998 2194 1076 2225 locis
1100 2194 1190 2225 sossae
1215 2192 1351 2224 altitudo
1374 2191 1527 2228 innuitur,
1544 2203 1608 2234 qua

930 2255 979 2275 res
1017 2242 1161 2274 demissae
1199 2243 1325 2273 firmum
1360 2241 1607 2272 fundamentum

932 2293 1064 2324 liabent.
1112 2293 1229 2324 Noster
1243 2292 1381 2322 Metam.
1397 2291 1441 2322 xi.
1456 2292 1516 2322 72:
1543 2296 1563 2309 “
1575 2292 1607 2322 in

930 2344 1065 2374 solidam
1103 2342 1237 2374 detrusit
1275 2340 1421 2372 acumine
1459 2342 1609 2373 terram.''

932 2393 1167 2424 Mitscherlich.
1178 2392 1319 2435 praetulit
1334 2393 1373 2422 ad
1384 2393 1513 2428 solitam,
1523 2393 1608 2434 quod

931 2443 1057 2486 plurimi
1073 2449 1216 2474 veterum
1233 2449 1421 2484 agnoscunt.

975 2495 1052 2524 825.
1081 2493 1179 2529 Stiva,
1211 2493 1332 2534 lignum
1360 2503 1416 2535 per
1440 2492 1544 2523 burim
1574 2493 1607 2524 in

931 2543 1060 2574 dentale
1083 2543 1293 2579 descendens,
1313 2542 1404 2584 cujus
1425 2552 1485 2583 ope
1506 2548 1608 2573 arator

931 2594 1081 2625 flectebat
1111 2599 1272 2631 aratrum3
1313 2592 1403 2633 Virg.
1436 2593 1552 2633 Georg.
1583 2592 1606 2623 i.

935 2645 1008 2675 179.
1050 2644 1207 2680 Premens,
1224 2649 1259 2674 ut
1275 2653 1380 2674 vomer
1396 2642 1459 2673 alte
1475 2642 1605 2672 descen-

933 2694 1010 2732 dat;
1028 2693 1219 2736 profundum
1229 2693 1312 2725 enim
1331 2692 1609 2729 sulcum,‹iv)xasca

932 2744 1088 2784 βαθεῖαν,
1102 2743 1276 2774 faciebant.

1066 2793 1096 2823 H
1113 2793 1133 2823 h
