1830 3220
656 155 1049 199 PROOEMIUM.
1512 156 1555 196 ix

155 278 277 314 ente:
321 272 365 313 in
397 272 555 328 quibus
591 271 787 322 eandem,
821 286 950 326 quam
980 271 1025 311 in
1058 269 1194 312 altero
1229 269 1300 311 illo
1336 285 1484 325 opere,
1514 278 1557 312 et

150 340 421 394 phantasiam
441 347 485 381 et
505 339 786 395 petulantiam
806 339 1069 381 observabis.
1131 337 1315 393 Insignis
1336 344 1401 379 est
1420 337 1555 388 locus,

151 408 411 463 ingenioque
441 408 613 463 poetico
644 407 817 462 dignus,
846 407 904 448 iii.
940 406 1119 447 11—54.
1150 406 1206 447 de
1238 405 1367 448 Rhea
1400 405 1557 457 Silvia3

153 476 402 517 suavissima
422 476 651 531 reperitur,
665 491 704 516 v.
733 475 971 516 191-330,
995 473 1137 516 Florae
1154 475 1356 516 narratio.
1409 475 1557 522 Quid?

152 544 272 599 quod
303 551 346 585 et
376 543 632 585 tenuissimis
659 543 806 593 rebus,
827 558 926 598 quae
953 542 1010 584 ad
1038 557 1263 585 numerum
1292 549 1335 584 et
1364 543 1559 585 ordinem

151 612 377 661 mensium,
410 612 466 653 ad
506 611 735 653 discrimen
769 611 951 660 dierum,
983 611 1039 652 ad
1079 618 1221 666 etyma
1251 611 1559 654 vocabulorum

152 679 387 734 pertinent,
405 678 669 735 genealogiae
690 678 904 728 Dardani,
919 677 1145 720 Pleiadum
1165 679 1421 730 nominibus,
1445 687 1561 722 cata-

152 746 252 802 logo
275 747 544 797 Graecorum,
563 747 638 801 qui
655 747 700 787 in
721 745 887 788 Italiam
907 753 1211 801 pervenerunt,
1233 747 1395 803 aliquid
1416 755 1560 790 tamen

153 815 305 870 gratiae
335 815 518 865 addidit,
539 822 588 856 ut
615 814 801 857 libenter
829 823 1158 870 cognoscantur.
1221 815 1311 858 Illis
1339 816 1474 858 multa
1497 817 1559 858 in-

154 884 383 938 terposuit,
404 899 502 939 quae
529 882 734 925 lectorem
761 884 955 939 impense
983 891 1147 934 tenent,
1169 885 1280 927 veris
1307 885 1561 941 descriptio-

152 966 266 1002 nem,
283 951 433 994 laudes
454 952 689 1007 primorum
709 951 1084 1003 Astronomorum,
1102 952 1242 995 locum
1259 955 1483 1010 egregium
1505 955 1561 997 de

155 1019 341 1062 Veneris
368 1021 576 1075 potentia,
596 1020 792 1076 hymnos,
814 1035 966 1076 preces
996 1022 1052 1063 ad
1073 1022 1276 1064 Cererem
1297 1031 1340 1065 et
1361 1024 1560 1075 Terram,

155 1089 212 1130 ad
243 1088 393 1140 Palen,
416 1089 472 1130 ad
503 1089 780 1144 Robiginem,
803 1096 847 1131 et
878 1098 1162 1138 mercatorum
1193 1092 1248 1133 ad
1276 1091 1560 1143 Mercurium,

155 1157 395 1199 notationes
416 1171 582 1198 morum
602 1157 752 1213 priscis
773 1164 817 1199 et
838 1159 1148 1200 recentioribus
1169 1161 1450 1214 temporibus,
1470 1162 1564 1202 Au-

156 1225 273 1280 gusti
292 1224 443 1267 laudes
465 1232 509 1266 et
529 1239 625 1266 cum
645 1224 834 1267 Romulo
855 1227 1230 1281 comparationem.
1294 1228 1457 1270 Sedulo
1479 1227 1564 1271 ela-

157 1294 341 1343 boravit,
362 1300 411 1334 ut
437 1294 567 1335 rebus
596 1294 831 1335 tractandis
853 1295 1011 1335 variam
1031 1295 1208 1337 formam
1230 1296 1369 1347 daret,
1391 1304 1439 1338 ut
1469 1296 1565 1352 plu-

156 1363 265 1403 rima
284 1362 505 1412 animaret,
527 1368 658 1416 atque
679 1361 887 1404 doctrinae
917 1377 1006 1404 suae
1034 1364 1168 1418 copiis
1189 1372 1433 1406 exornaret.
1495 1365 1564 1406 Ac

158 1429 410 1472 varietatem
429 1429 605 1484 quidem
630 1429 749 1471 haud
779 1430 867 1471 scio
895 1444 949 1471 an
976 1431 1022 1471 in
1041 1431 1218 1473 vinculis
1238 1448 1410 1488 quoque
1434 1433 1567 1474 admi-

159 1498 282 1548 reris,
302 1499 459 1553 quibus
480 1497 745 1554 singulorum
766 1498 932 1540 dierum
954 1499 1105 1542 seriem
1127 1501 1355 1542 connectit.
1399 1501 1567 1542 Rerum

159 1567 291 1623 igitur
325 1567 644 1608 innumerarum
680 1567 861 1623 copiam,
891 1582 999 1622 quas
1032 1582 1159 1610 nosse
1194 1576 1238 1610 et
1270 1568 1566 1611 Romanorum

161 1636 262 1679 olim
290 1637 511 1687 intererat,
541 1644 584 1678 et
613 1636 745 1678 hodie
776 1644 923 1679 nostra
954 1638 1147 1687 interest,
1175 1639 1405 1693 perspicue
1436 1646 1567 1694 atque

155 1705 352 1760 jucunde
373 1704 533 1755 retulit,
555 1719 696 1760 neque
717 1704 909 1760 neglexit
930 1704 1195 1760 Augustum,
1217 1720 1470 1761 omnemque
1493 1707 1570 1749 do-

161 1788 279 1815 mum
299 1773 542 1815 Caesaream
562 1773 632 1827 pie
653 1773 863 1815 venerari.

220 1842 273 1883 In
303 1842 388 1884 hoc
421 1842 608 1883 carmine
639 1842 940 1897 componendo
968 1842 1133 1897 Elegos
1165 1841 1380 1891 adhibuit,
1410 1843 1568 1897 quibus

165 1918 292 1953 antea
319 1910 365 1951 in
393 1910 608 1951 amoribus
639 1910 843 1951 canendis
871 1925 974 1951 usus
996 1918 1102 1951 erat.
1167 1909 1312 1957 Quam
1340 1911 1564 1952 audaciam

166 1986 363 2028 excusat,
383 1978 457 2019 lib.
481 1979 522 2019 ii.
546 1978 637 2018 init.
661 1986 705 2018 et
725 1976 860 2018 multo
881 1979 1030 2032 magis,
1053 1992 1141 2019 ver.
1169 1978 1262 2019 125.
1286 1978 1361 2019 ubi
1383 1978 1568 2020 honores

167 2047 359 2102 Augusti
385 2045 592 2095 celebrat,
614 2060 793 2101 eamque
824 2046 961 2101 tangit
987 2046 1116 2086 etiam
1137 2046 1190 2087 vi.
1213 2048 1284 2086 21.
1346 2046 1420 2087 An
1442 2046 1571 2088 Calli-

167 2114 344 2156 machus
374 2115 417 2155 in
446 2114 599 2155 causis'
615 2114 701 2154 suis
731 2113 884 2154 eodem
913 2113 1111 2155 carminis
1131 2128 1291 2168 genere
1311 2129 1415 2156 usus
1437 2115 1505 2164 sit,
1527 2116 1571 2155 in

169 2198 222 2225 eo
243 2183 321 2223 viri
355 2182 470 2224 docti
499 2196 585 2222 non
619 2182 914 2231 consentiunt3
947 2181 1158 2222 affirmant
1189 2182 1302 2223 enim
1335 2181 1568 2224 Salmasius

169 2252 224 2292 ad
248 2250 380 2292 Solin.
400 2265 442 2305 p.
466 2250 564 2291 601.
588 2257 631 2290 et
653 2248 1010 2290 Hemsterhusius
1032 2250 1075 2290 in
1097 2249 1183 2290 Ed.
1209 2249 1316 2291 Ern.
1341 2250 1397 2291 ad
1418 2251 1570 2305 fragm.

174 2320 238 2361 19.
258 2334 366 2374 quos
388 2318 577 2360 Lenzius
599 2319 815 2373 sequitur3
848 2325 1009 2372 negant
1029 2316 1344 2359 Valckenarius
1365 2319 1420 2360 ad
1444 2318 1573 2360 Calli-

170 2387 311 2429 machi
331 2386 480 2442 fragm.
500 2402 543 2441 p.
564 2386 629 2427 10.
648 2393 691 2427 et
714 2385 902 2427 Ernesti.
952 2385 1019 2426 Ac
1042 2384 1228 2426 Lenzius
1250 2386 1424 2441 quidem
1445 2387 1574 2428 etiam

171 2455 387 2504 observat,
410 2454 684 2509 Propertium
705 2468 877 2509 quoque
907 2453 1093 2494 carmina
1114 2454 1313 2508 quaedam
1333 2456 1574 2509 argumenti

172 2522 363 2564 historici
384 2521 516 2577 elegis
536 2522 828 2564 concinnasse.

233 2589 381 2637 Quum
404 2589 587 2631 Ovidius
608 2589 688 2632 hos
710 2605 787 2632 sex
808 2590 1035 2632 Fastorum
1056 2590 1189 2632 libros
1211 2591 1416 2646 Augusto
1438 2605 1576 2632 sacra-

176 2668 241 2701 tos
277 2658 544 2708 absolvisset,
567 2658 621 2700 A.
646 2657 702 2699 U.
735 2659 831 2699 762.
866 2659 1002 2700 aetatis
1037 2659 1104 2699 52.
1129 2658 1269 2713 patria
1300 2657 1449 2712 pulsus
1487 2667 1574 2707 est3

233 2741 331 2769 VOL.
358 2741 396 2769 v,
1204 2726 1231 2764 b
