1830 3220
510 184 861 227 FASTORUM
895 185 955 227 LI
965 185 1017 226 B.
1052 185 1134 227 IV.

109 300 375 364 Largaque
401 301 632 364 provenit
657 302 870 349 cessatis
895 302 1076 349 messis
1099 302 1149 349 in
1177 302 1334 360 arvis3

175 378 243 426 Et
261 379 346 426 vix
372 386 642 441 congestas
668 395 784 426 area
811 379 949 443 cepit
973 396 1114 444 opes.

105 456 241 505 Alba
265 456 450 504 decent
477 456 717 504 Cererem
740 475 751 513 ;
791 463 959 504 vestes
988 457 1285 505 Cerealibus
1312 459 1454 506 albas

175 535 400 582 Sumite:
442 551 576 582 nunc
603 534 727 599 pulli
753 535 951 582 velleris
979 551 1099 582 usus
1126 536 1289 584 abest.

1425 539 1524 584 620

106 614 380 662 OCCUPAT
406 613 607 677 Apriles
635 612 758 659 Idus
785 612 1085 675 cognomine
1111 613 1285 661 Victor

172 691 402 757 Jupiter:
442 691 537 738 hac
564 691 634 737 illi
661 698 779 738 sunt
804 691 923 738 data
948 692 1140 755 templa
1165 692 1265 739 die.

107 769 220 817 Hac
247 785 470 832 quoque,
499 768 549 815 ni
575 767 735 824 fallor,
763 768 953 832 populo
979 769 1277 832 dignissima
1302 777 1472 818 nostro

174 847 318 895 Atria
346 846 576 894 Libertas
603 846 758 911 coepit
783 847 969 895 habere
996 864 1102 896 sua.

106 925 258 973 LUCE
286 931 523 973 secutura
547 932 683 973 tutos
710 932 843 990 pete,
871 926 1054 982 navita,
1083 933 1255 991 portus
1279 944 1288 974 :

1427 929 1525 973 625

171 1003 368 1052 Ventus
395 1004 459 1051 ab
485 1020 669 1052 occasu
696 1004 938 1066 grandine
966 1004 1156 1052 mixtus
1183 1005 1293 1051 erit.

102 1169 232 1200 Cessatis
251 1170 282 1198 in
302 1169 394 1203 arnis,
410 1177 483 1197 nam
506 1172 601 1198 antea
621 1167 708 1209 apud
728 1167 776 1198 Si—

103 1218 203 1254 culos,
240 1217 434 1260 perfregerat
463 1222 577 1253 aratra,
617 1217 779 1248 occiderat

101 1267 229 1299 colonos
244 1277 317 1297 curn
339 1267 456 1301 bubus,
474 1265 697 1307 arvajusserat
718 1265 778 1297 fal-

100 1318 164 1349 lere
184 1316 373 1359 depositum,
395 1315 579 1357 seminaque
600 1314 778 1351 vitiaverat,

101 1373 136 1398 ut
155 1365 304 1398 fertilitas
323 1376 413 1397 cassa
430 1365 570 1407 jaceret3
594 1364 730 1396 Metam.
746 1377 776 1397 v.

103 1417 191 1456 476;
215 1416 300 1447 conf.
316 1415 426 1457 hymn.
442 1415 572 1445 Homer.
589 1415 663 1446 305.
698 1416 776 1446 Alba

101 1469 219 1503 decent,
249 1473 311 1498 etc.
357 1466 496 1497 Causam
523 1471 618 1506 poeta
648 1465 716 1508 ipse
743 1478 775 1497 v.

103 1518 179 1549 357.
194 1516 309 1553 reddit,
325 1517 396 1558 quia
417 1517 547 1546 maturis
566 1516 688 1546 albescit
703 1527 776 1547 mes-

101 1570 141 1599 sis
153 1569 267 1599 aristis.
313 1567 365 1597 De
389 1571 512 1597 matura
530 1570 640 1607 segete
658 1566 740 1597 Met.
756 1566 778 1598 i.

103 1619 176 1649 110.
205 1628 336 1654 canere5
382 1615 460 1647 alibi
496 1615 561 1645 fere
585 1616 777 1656 flavescere5

101 1669 198 1701 verba
218 1668 357 1699 colorum
381 1677 400 1697 a
417 1665 575 1697 veteribus
594 1665 672 1696 satis
697 1676 777 1707 vage

100 1723 304 1760 usurpantur.
351 1716 446 1746 Nunc
464 1716 545 1755 pulli
565 1716 696 1750 velleris,
713 1721 777 1746 etc.

99 1769 215 1811 Itaque
235 1767 268 1798 in
287 1767 377 1798 luctu
396 1765 525 1808 publico
543 1775 633 1796 sacra
652 1765 777 1796 Cereris

101 1820 214 1850 Romae
224 1816 527 1850 intermittebantur,
542 1813 618 1856 quia
632 1814 777 1855 lugentes

101 1874 262 1900 matronas
272 1865 468 1897 iisinteresse
479 1864 569 1895 nefas
579 1863 772 1895 habebatur:

101 1918 222 1954 Livius,
233 1916 310 1948 xxii.
323 1916 388 1954 563
404 1914 513 1945 xxxiv·
529 1915 570 1953 63
585 1913 657 1945 vide
673 1914 776 1956 Span-

101 1969 187 2000 hem.
205 1967 246 1999 ad
263 1965 500 2000 Callimachum
516 1965 590 1996 Cer.
611 1965 663 1995 18.

143 2016 332 2049 621—624.
359 2014 465 2046 Idibus
479 2015 550 2045 Jovi
570 2014 686 2045 Victori
702 2021 774 2045 tem-

97 2069 196 2109 plum,
213 2074 242 2098 et
258 2067 411 2097 Libertati
426 2067 508 2095 atria
525 2065 610 2096 data.
662 2064 776 2095 Victori

101 2129 184 2150 anno
206 2119 281 2149 457.
303 2117 345 2153 Q.
363 2115 481 2146 Fabius
499 2113 663 2145 Maximus
685 2120 775 2146 ante-

99 2180 197 2211 quam
224 2167 265 2199 ad
283 2172 388 2198 castra
408 2164 598 2197 Samnitium
618 2172 775 2207 pergeret,

100 2219 201 2250 aedem
218 2218 322 2256 vovit3
347 2215 467 2252 Livius,
484 2227 514 2247 x.
530 2216 585 2246 29.
609 2215 778 2247 Libertatis

100 2271 192 2300 aedem
219 2266 339 2299 Tiberii
368 2264 519 2302 Gracchi,
550 2265 603 2307 qui
634 2270 776 2307 tempore

99 2318 177 2350 belli
206 2317 319 2349 Punici
350 2315 483 2348 secundi
512 2313 602 2351 vixit,
630 2320 720 2357 pater
743 2315 775 2346 in

100 2374 208 2400 monte
246 2367 406 2399 Aventino
435 2365 616 2397 faciendam
653 2365 777 2396 curavit

100 2417 346 2459 dedicavitque;
370 2415 489 2452 Livius,
506 2415 657 2446 xxiv.·26.
681 2415 776 2452 Quod

98 2469 179 2499 forte
203 2468 324 2498 factum
350 2465 435 2498 circa
459 2475 578 2495 annum
609 2466 683 2496 515.
713 2475 776 2506 quo

99 2518 154 2549 ille
185 2517 353 2548 consulatu
383 2516 512 2547 functus
544 2520 604 2545 est.
652 2515 777 2545 Atrium

101 2569 269 2600 Libertatis
299 2577 382 2598 anno
412 2577 444 2597 u.
474 2576 503 2597 c.
532 2565 607 2596 559.
638 2574 657 2594 a
686 2565 776 2595 Paeto

101 2625 133 2650 et
165 2617 314 2650 Cornelio
343 2616 486 2657 Cethego
516 2613 700 2646 censoribus
728 2624 776 2646 re-

101 2669 218 2699 fectum
247 2674 313 2705 est;
345 2666 464 2702 Livius,
489 2665 599 2695 xxxiv.
624 2665 677 2694 44.
737 2664 776 2695 In

101 2729 139 2749 eo
157 2725 247 2750 erant
270 2716 398 2748 tabellae
424 2714 574 2758 publicae,
596 2720 681 2745 certe
705 2714 776 2744 Tib.

101 2767 241 2800 Gracchi
268 2774 430 2809 tempore3
465 2764 588 2803 Livius,
613 2763 693 2796 xliii.
724 2764 776 2796 16.

149 2817 250 2848 VOL.
267 2817 307 2848 V.

846 1167 952 1198 Etiam
965 1167 1097 1198 Asinius
1109 1167 1211 1198 Pollio
1221 1168 1337 1198 atrium
1354 1167 1520 1198 Libertatis

845 1221 1023 1249 eistrnrisse
1038 1228 1054 1248 a
1066 1217 1217 1248 Suetonio
1230 1218 1366 1258 August.
1381 1218 1434 1248 29.
1451 1227 1521 1248 nar-

846 1273 943 1304 ratur,
965 1267 1050 1310 quod
1074 1267 1161 1298 haud
1185 1267 1282 1298 dubie
1307 1266 1347 1298 ad
1367 1266 1525 1298 instaura-

848 1316 968 1348 tionem
994 1317 1063 1359 ejus
1081 1322 1113 1347 et
1132 1316 1369 1348 exornationem
1389 1318 1527 1348 referen-

845 1365 932 1397 dum.

888 1416 1078 1447 625—628.
1098 1416 1159 1446 Die
1172 1414 1238 1447 xiv.
1255 1416 1382 1455 Aprilis,
1395 1418 1527 1457 grando.

851 1465 961 1496 Eodem
975 1467 1024 1496 die
1035 1466 1189 1496 Antonius
1199 1467 1298 1496 victus
1308 1467 1347 1496 ad
1358 1466 1526 1496 Mutinam.

845 1516 951 1546 Etiam
966 1515 1158 1552 Columella,
1171 1515 1215 1546 xi.
1228 1517 1247 1546 2
1264 1528 1269 1546 :
1288 1515 1376 1546 xviii.
1389 1515 1526 1547 Kalend.

848 1565 930 1597 Maii
955 1573 1077 1597 ventosa
1102 1572 1258 1606 tempestas
1281 1572 1309 1597 et
1331 1567 1447 1603 imbres,
1472 1577 1529 1596 nec

846 1615 898 1646 hoc
914 1622 1100 1647 constanter.

892 1666 1087 1697 Mutinensia
1101 1677 1200 1696 arma.
1238 1665 1409 1702 Antonius,
1425 1677 1524 1707 quum

846 1715 1018 1746 Decimum
1038 1716 1176 1747 Brutum
1198 1716 1331 1747 Mutinae
1351 1716 1524 1752 obsideret,

846 1774 866 1795 a
889 1769 1013 1801 senatu,
1039 1765 1195 1796 Cicerone
1216 1764 1358 1806 inprimis
1383 1771 1526 1802 auctore,

846 1813 944 1845 hostis
969 1813 1080 1856 patriae
1100 1808 1265 1855 judicatus
1290 1819 1348 1850 est,
1373 1813 1526 1856 missique

845 1870 919 1895 sunt
934 1869 1046 1895 contra
1066 1874 1138 1895 eum
1161 1873 1238 1894 ann.
1254 1873 1287 1894 u.
1307 1874 1336 1894 c.
1352 1863 1429 1895 710.
1452 1864 1527 1895 Hir-

846 1914 908 1945 tius
929 1920 961 1945 et
979 1915 1086 1945 Pansa
1106 1924 1187 1946 coss.
1209 1919 1306 1955 atque
1327 1913 1528 1946 Octavianus

848 1964 948 1994 Casm-
964 1968 1146 2006 propraetor.
1174 1963 1274 1994 Priori
1290 1962 1405 2005 proelio
1421 1963 1528 1995 Pansa

847 2012 1029 2044 vulneratus
1051 2017 1110 2049 est,
1133 2012 1298 2055 posteriori
1326 2012 1450 2044 Hirtius
1473 2023 1528 2044 eo-

845 2062 919 2094 dem
934 2063 986 2094 die
1002 2062 1124 2094 fortiter
1139 2073 1286 2105 pugnans
1298 2062 1416 2094 cecidit
1431 2075 1437 2093 z
1465 2074 1527 2106 quo

845 2113 930 2144 facto
956 2123 1056 2155 quum
1088 2112 1289 2144 Octavianus
1319 2112 1453 2144 victoria
1478 2113 1526 2144 uti

845 2163 896 2194 vel
921 2162 1067 2199 nesciret,
1095 2163 1145 2193 vel
1170 2162 1281 2200 nollet,
1303 2161 1462 2193 Antonius
1485 2162 1526 2193 ad

845 2212 978 2255 Ligures
1012 2213 1141 2255 elapsus
1170 2217 1241 2252 est;
1285 2212 1456 2255 Appianus
1485 2212 1525 2244 de

846 2263 929 2294 Bell.
953 2263 1026 2294 Civ.
1050 2262 1095 2294 iii.
1117 2264 1159 2295 50
1181 2273 1268 2304 sqq.;
1298 2263 1361 2293 Dio
1382 2262 1524 2300 Cassius,

846 2313 923 2344 xlvi.
959 2314 1001 2345 39
1039 2323 1112 2355 sqq.
1160 2312 1266 2344 Nimis
1301 2312 1399 2354 igitur
1430 2319 1526 2355 poeta

846 2363 1006 2395 Caesarem
1030 2363 1154 2399 laudat,
1185 2374 1284 2405 quum
1313 2373 1386 2394 eum
1414 2371 1524 2394 contu-

846 2415 922 2445 disse
936 2425 1024 2445 arma
1038 2414 1232 2444 Mutinensia
1249 2413 1305 2444 ait.
1359 2414 1448 2445 Beue
1466 2424 1522 2445 au-

847 2469 910 2495 tem
936 2463 1018 2495 hanc
1043 2462 1209 2494 victoriam
1235 2474 1309 2494 cum
1336 2468 1524 2505 tempestate

845 2513 931 2545 illius
947 2513 1010 2545 diei
1026 2511 1196 2555 conjunxit
1217 2513 1321 2544 verbis
1339 2514 1386 2544 Sit
1410 2514 1479 2544 licet
1496 2520 1524 2544 et

834 2564 955 2606 fuerit,
984 2563 1025 2595 sit
1054 2564 1110 2600 ita,
1141 2568 1177 2594 ut
1209 2573 1246 2594 eo
1276 2563 1327 2594 die
1360 2562 1521 2594 interdum

845 2615 965 2657 grando
993 2613 1101 2650 cadat,
1126 2620 1156 2645 et
1175 2613 1283 2656 fuerit
1304 2613 1350 2644 ita
1378 2619 1409 2644 et
1434 2613 1523 2644 olim.

848 2664 981 2700 Militia,
1005 2669 1154 2695 monente
1183 2663 1365 2694 Burmanno
1390 2662 1439 2693 vel
1466 2672 1521 2692 ex-

845 2714 1006 2757 peditione
1024 2724 1094 2751 sua,
1109 2713 1160 2745 vel
1177 2713 1331 2744 militibus
1350 2711 1414 2743 suis
1429 2724 1438 2750 ;
1460 2711 1516 2742 sed

847 2764 886 2796 de
901 2763 953 2795 die
969 2769 1066 2794 restat
1080 2762 1188 2805 aliqua
1204 2761 1386 2793 difficuitas.
1414 2760 1523 2792 Galba

980 2813 1004 2843 F
1021 2813 1034 2843 f
