1809 3220
165 158 252 200 234

566 152 618 193 P.
653 148 869 191 OVIDII
907 146 1191 189 NASONIS

166 274 282 322 Vox
308 271 401 319 fuit
426 271 534 317 haec
561 268 723 330 regis:
768 264 1041 319 Condenffi,
1068 262 1286 327 Jupiter,
1315 261 1508 316 urbem,

237 350 304 398 Et
330 348 526 413 genitor
552 345 774 400 Mavors,
803 343 1065 406 Vestaque
1090 348 1266 397 mater,
1295 340 1447 398 ades;

170 429 415 492 Quosque
432 426 571 490 pium
592 430 670 472 est
690 422 931 471 adhibere
951 420 1109 477 Deos,
1126 419 1372 467 advertite
1387 418 1585 466 cuncti:

239 503 548 570 Auspicibus
574 501 715 550 vobis
741 501 837 548 hoc
864 500 982 546 mihi
1013 504 1188 561 surgat
1208 497 1365 561 opus!

1489 499 1588 544 830

170 584 344 646 Longa
369 582 432 630 sit
458 580 576 628 huic
604 587 745 636 aetas,
772 577 1094 640 dominaeque
1120 575 1348 640 potentia
1371 581 1517 623 terrae
1539 592 1551 632 ;

239 662 421 725 Sitque
448 660 543 707 sub
569 659 663 706 hac
691 656 859 705 oriens
886 655 1234 718 occiduusque
1256 654 1384 702 dies.

170 741 264 788 Ille
290 739 620 804 precabatur:
663 736 848 783 tonitru
874 733 1018 781 dedit
1043 732 1213 780 omina
1236 732 1360 779 laevo

236 818 438 882 Jupiter
460 835 470 873 ;
512 824 563 864 et
588 816 710 862 laevo
735 813 947 861 fulmina
974 812 1128 859 missa
1154 811 1285 875 polo.

171 896 398 959 Augurio
424 894 526 942 laeti
545 894 745 957 Jaciunt
763 891 1059 939 fundamina
1083 890 1248 946 cives;

1495 889 1592 935 835

239 973 307 1021 Et
332 989 490 1020 novus
516 972 701 1034 exiguo
728 978 957 1034 tempore
984 985 1157 1016 murus
1184 974 1307 1015 erat.

171 1051 283 1099 Hoc
303 1051 454 1098 Celer
466 1056 611 1112 urget
621 1065 768 1112 opUS,
782 1063 937 1111 quem
959 1046 1211 1094 Romulus
1232 1044 1341 1109 ipse
1356 1049 1561 1091 vocarat
1578 1060 1589 1100 ;

239 1130 472 1193 Simque,
503 1128 669 1183 Celer,
697 1143 848 1183 curae,
876 1126 1092 1182 dixerat,
1121 1124 1219 1172 ista
1242 1131 1370 1171 tuae:

172 1208 312 1256 Neve
339 1207 453 1271 quis
481 1213 567 1253 aut
592 1221 778 1260 muros,
808 1211 895 1251 aut
920 1203 1104 1251 factam
1131 1218 1330 1250 vomere
1356 1200 1545 1248 fossam

238 1286 515 1341 Transeat;
560 1284 832 1331 audentem
860 1282 981 1329 talia
1006 1282 1137 1330 dede
1164 1279 1293 1328 neci.

213 1389 399 1421 827—832.
423 1388 539 1419 Preces
557 1386 699 1422 Romuli,
715 1385 755 1416 de
776 1385 846 1427 qui-

167 1440 227 1471 bus
249 1438 388 1471 historici
412 1437 492 1469 nihil
516 1437 656 1474 habent3
683 1435 846 1467 victimam

168 1495 276 1521 tamen
297 1489 366 1531 ejus
387 1487 563 1530 Dionysius
585 1492 748 1518 memorat.
795 1485 846 1516 De

173 1540 260 1571 Vesta
276 1539 368 1570 Latio
384 1538 475 1570 illata
491 1537 562 1568 vide
580 1537 624 1568 iii.
642 1537 716 1567 426.
744 1536 848 1566 Mater

168 1599 336 1620 commune
353 1588 495 1619 Dearum
517 1586 691 1629 epitheton,
709 1591 743 1616 ut
760 1592 848 1625 puter

170 1639 324 1669 Deorum.
371 1638 522 1668 Adhibere
541 1636 572 1667 in
597 1635 764 1670 auxilium,
789 1636 847 1665 im-

170 1688 313 1730 plorare;
338 1688 433 1719 etiam
460 1686 545 1728 apud
568 1686 706 1721 Florum,
728 1684 754 1714 1.
776 1684 797 1714 i.
818 1684 848 1714 6.

170 1738 328 1769 Romulus
348 1738 458 1768 urbem
479 1735 676 1771 conditurus,
696 1735 772 1765 Deos
794 1735 848 1764 ‹nl-

170 1790 262 1825 hibet,
314 1798 428 1829 nempe
481 1785 642 1828 auspiciis.
690 1785 850 1815 Advertite

168 1837 356 1868 Taubnerus
401 1836 553 1878 explicat,
597 1833 850 1866 animadvertite.

170 1887 273 1918 Immo
310 1886 410 1922 deest,
446 1889 576 1916 numina
614 1891 725 1920 vestra,
764 1883 850 1925 quod

171 1936 331 1968 interdum
362 1935 500 1970 additur,
534 1940 566 1966 ut
599 1935 674 1965 AEn.
704 1933 746 1964 iv.
771 1933 848 1964 611.

171 1986 213 2017 Et
233 1985 352 2028 passim
374 1985 433 2016 hoc
450 1985 580 2015 verbum
602 1984 745 2014 absolute
761 1983 849 2025 poni-

172 2041 243 2072 tur;
267 2033 513 2065 Drakenborch.
534 2033 574 2064 ad
594 2032 719 2068 Silium,
737 2032 757 2063 i.
773 2033 849 2063 288.

172 2085 356 2124 Auspicibus
369 2085 456 2119 vobis,
474 2089 576 2114 vestro
590 2081 720 2117 auxilio,
737 2080 848 2117 ductu,

171 2133 313 2164 consilio.
360 2133 494 2175 Surgere
513 2131 558 2163 sic
580 2138 612 2163 et
632 2130 717 2174 apud
735 2130 849 2172 virgil.

173 2190 209 2215 ut
225 2183 257 2214 in
273 2183 328 2214 illo
343 2196 349 2213 ε
372 2187 394 2201 ‘¹
411 2183 439 2213 Ο
457 2182 619 2218 fortunati,
635 2192 766 2223 quorum
782 2181 850 2223 jam

172 2233 292 2264 moenia
307 2238 440 2274 surgunt
453 2233 459 2262 !
471 2232 489 2244 '’
537 2233 710 2262 AEternitas
726 2230 849 2273 imperii

173 2288 205 2314 et
216 2285 355 2323 potentia
375 2293 477 2313 rerum
497 2281 615 2324 ubique
636 2281 849 2312 Romanorum

173 2332 287 2364 animis
307 2333 568 2363 obversabantur.
616 2331 761 2367 Domina,
778 2340 850 2372 quae

174 2382 272 2414 habet
295 2382 461 2424 imperium
486 2382 518 2412 in
543 2392 669 2420 omnes;
696 2381 769 2413 vide
784 2395 848 2416 ver.

174 2433 251 2464 859.
280 2432 353 2462 Dies
366 2442 422 2473 pro
437 2431 576 2472 regione.

218 2482 296 2512 833.
321 2481 426 2512 Etiam
444 2481 527 2522 apud
545 2481 750 2522 Dionysium,
769 2482 802 2513 ii.
819 2485 849 2515 4.

174 2541 272 2573 quum
294 2530 462 2566 Romulus,
491 2535 525 2560 ut
547 2541 599 2561 rex
623 2530 849 2570 declararetur,

173 2579 320 2611 victimas
342 2584 509 2615 mactaret,
527 2590 701 2622 precesque
722 2580 850 2618 faceret,

173 2628 336 2672 ἀστραπὴ
361 2627 496 2668 διῆλθεν
515 2628 548 2660 ἐκ
573 2631 642 2661 τῶν
667 2629 851 2673 ἀριστερῶν

174 2678 230 2710 ἐπὶ
244 2680 284 2711 τὰ
303 2678 402 2715 δεξιά·
428 2685 494 2710 tum
511 2679 607 2711 latius
623 2679 777 2722 disputat,
795 2692 851 2713 cur

175 2726 308 2759 fulmina
331 2739 348 2760 a
369 2729 452 2760 laeva
467 2728 506 2759 ad
526 2727 668 2760 dextram
686 2729 850 2761 tendentia

1494 1280 1593 1326 840

918 1384 1072 1416 Romanis
1090 1384 1193 1415 fausta
1208 1383 1270 1414 siut
1283 1382 1403 1414 habita.
1450 1382 1597 1414 Breviter

919 1435 1002 1466 Plin.
1015 1435 1048 1466 ii.
1065 1436 1126 1466 55:
1154 1434 1283 1465 “Laeva
1300 1431 1434 1464 fulmina
1447 1443 1596 1475 prospera

917 1485 1150 1520 existimantur,
1194 1483 1345 1525 quoniam
1382 1483 1465 1513 laeva
1505 1488 1595 1525 parte

917 1534 1026 1566 mundi
1042 1540 1128 1565 ortus
1144 1533 1225 1565 est.'‘

962 1585 1038 1616 837.
1067 1585 1166 1620 Celer,
1177 1594 1260 1615 unus
1275 1593 1292 1613 e
1310 1581 1403 1614 sociis
1419 1581 1549 1614 Romuli
1563 1588 1597 1614 et

917 1634 1085 1676 praefectus
1108 1634 1207 1676 operi,
1234 1633 1285 1670 τὶς
1307 1635 1375 1664 τῶν
1399 1631 1540 1674 ἑταίρων
1563 1638 1596 1663 et

917 1684 1099 1723 ἐπιστάτης
1136 1687 1204 1716 τῶν
1249 1683 1370 1726 ἔργων,
1419 1682 1595 1714 secundum

918 1735 1068 1766 Plutarch
1076 1758 1083 1765 .
1095 1740 1127 1766 et
1137 1734 1339 1776 Dionysium.
1355 1733 1389 1764 Is
1399 1739 1491 1775 urget
1500 1744 1574 1774 opus
1584 1745 1596 1771 ,·

917 1785 1027 1827 itaque
1044 1784 1180 1816 Lenzius
1196 1789 1298 1826 putat,
1314 1793 1386 1814 eum
1400 1793 1419 1814 a
1433 1782 1598 1814 celeritate

918 1835 1020 1877 operis
1032 1834 1164 1877 perfecti
1181 1843 1294 1864 nomen
1308 1832 1491 1874 accepisse3
1517 1832 1594 1864 Plu-

920 1884 1048 1915 tarchus
1067 1890 1177 1915 contra
1198 1890 1307 1914 auctor
1328 1888 1388 1919 est,
1409 1882 1534 1915 veloces
1555 1883 1596 1914 ab

920 1945 956 1965 eo
973 1934 1074 1965 dictos
1090 1944 1158 1965 esse
1176 1934 1296 1964 celeres.
1343 1932 1478 1969 Remus,
1490 1931 1595 1975 indig-

920 1994 1010 2020 nans,
1026 1983 1109 2025 quod
1132 1982 1205 2013 dolo
1220 1982 1457 2013 circumventus
1478 1988 1561 2013 esset
1577 1993 1599 2014 a

919 2033 1027 2069 fratrc,
1046 2041 1075 2063 et
1094 2032 1173 2069 risit,
1189 2038 1220 2063 et
1235 2030 1416 2074 impedivit,
1434 2037 1466 2062 et
1482 2032 1595 2063 transi-

919 2083 978 2113 luit
994 2093 1117 2120 muros;
1142 2081 1318 2123 Dionysius
1334 2080 1420 2113 dicto
1435 2082 1516 2114 loco.
1540 2083 1596 2115 Se·

918 2133 1058 2164 cundum
1098 2132 1245 2163 eumdem
1287 2131 1374 2162 Celer
1410 2137 1478 2163 tum
1517 2132 1596 2165 forte

919 2182 1025 2213 stabat
1050 2181 1083 2213 in
1113 2192 1213 2212 muro.
1263 2181 1412 2218 Rutrum,
1442 2182 1595 2214 rusticum

920 2231 1163 2263 instrumentum
1183 2237 1215 2262 et
1236 2231 1277 2262 ad
1299 2231 1483 2263 fodiendum
1504 2238 1537 2264 et
1554 2233 1596 2265 ad

920 2281 1145 2323 subigendum,
1163 2281 1203 2312 de
1215 2292 1277 2323 quo
1293 2282 1420 2313 Nonius
1436 2287 1468 2313 et
1484 2282 1597 2316 Varro.

921 2332 1024 2362 Burro
1051 2332 1190 2363 Remum
1215 2341 1283 2362 esse
1311 2331 1462 2368 occisum,
1486 2337 1519 2364 et
1541 2333 1596 2365 alii

920 2387 1066 2413 auctores
1077 2386 1215 2417 narrant,
1225 2391 1304 2423 quos
1314 2381 1449 2412 laudant
1458 2382 1490 2412 N
1493 2383 1597 2425 eapol.

920 2436 951 2462 et
976 2431 1147 2470 Heinsius3
1178 2431 1352 2473 Dionysius
1375 2430 1516 2474 σκαψέιῳ
1541 2439 1597 2465 aut

918 2482 1046 2524 σκαφὶιμ
1063 2481 1172 2513 habet.
1219 2481 1336 2512 Noster
1356 2481 1389 2512 in
1409 2481 1503 2513 Ibide
1519 2482 1595 2514 635.

920 2542 975 2573 pro
992 2538 1078 2562 rutro
1088 2532 1215 2563 omnino
1227 2533 1343 2562 rustica
1356 2532 1419 2562 tela
1430 2537 1596 2563 memorat.

922 2580 1071 2622 Occupat,
1097 2587 1131 2612 ut
1157 2581 1178 2612 i.
1203 2581 1280 2612 675.
1310 2581 1448 2621 Occupat
1472 2581 1595 2613 Alcides

919 2631 1028 2670 clava;
1054 2638 1086 2663 et
1101 2632 1183 2663 Met.
1199 2631 1254 2663 xii.
1269 2631 1352 2662 343:
1386 2635 1409 2649 Η
1425 2636 1593 2662 conantem

919 2680 1025 2722 stipite
1041 2692 1161 2722 querno
1178 2681 1326 2724 Occupat
1343 2680 1513 2723 AEgides.”
