1830 3220
553 193 906 238 FASTORUM
939 194 1060 237 LIB.
1094 194 1176 237 IV.

1486 197 1572 238 175

150 310 263 359 Hoc
286 318 431 375 pater
452 311 658 368 Iliades,
681 327 838 375 quum
860 312 1066 375 longum
1092 311 1338 359 scriberet
1362 327 1567 369 annum,

218 389 388 448 Vidit;
431 397 482 437 et
508 397 742 437 auctores
770 389 964 437 rettulit
990 390 1097 454 ipse
1126 405 1260 437 suos.

151 466 327 531 thue
353 467 458 515 fero
491 467 642 516 Marti
670 468 883 532 primam
910 468 1052 515 dedit
1078 467 1252 515 ordine
1279 474 1481 525 sortem,
1509 470 1574 515 25

221 544 371 600 Quod
397 545 493 593 sibi
519 545 748 593 nascenti
775 545 1008 609 proxima
1032 560 1186 592 causa
1210 544 1331 602 fuit;

156 622 240 670 Sic
267 622 538 680 Venerem,
567 623 808 686 gradibus
835 622 1005 670 multis
1032 622 1082 668 in
1109 629 1259 685 gente
1285 628 1554 687 repertam,

221 701 447 749 Alterius
473 702 633 749 voluit
658 701 846 749 mensis
873 702 1061 748 habere
1086 701 1283 749 locum:

153 778 573 843 Principiumque
600 779 678 826 sui
704 778 920 842 generis,
949 780 1281 842 revolutaque
1307 795 1540 842 quaerens

224 857 441 914 Saecula,
468 865 711 921 cognatos
737 857 875 905 venit
900 858 964 905 ad
990 874 1153 922 usque
1182 857 1337 905 Deos.

1513 860 1579 904 30

156 934 430 982 Dardanon
459 935 664 983 Electra
688 935 909 984 nesciret
936 934 1197 984 Atlantide
1223 943 1418 984 cretum

228 1013 466 1071 Scilicet3
510 1013 768 1062 Electram
794 1014 1132 1062 concubuisse
1158 1013 1306 1062 Jovi?

161 1090 332 1155 Hujus
361 1092 752 1141 Erichthonius:
795 1092 921 1140 Tros
948 1099 1027 1140 est
1052 1099 1323 1156 generatus
1351 1091 1415 1138 ab
1441 1090 1556 1138 illo:

226 1169 513 1219 Assaracon
541 1178 680 1219 creat
704 1171 816 1219 hic:
859 1170 1245 1234 Assaracusque
1274 1170 1488 1234 Capyn:

159 1247 433 1296 Proximus
462 1250 750 1307 Anchisen3
792 1266 909 1297 cum
937 1266 1037 1313 quo
1064 1265 1332 1297 commune
1357 1246 1584 1312 parentis

229 1326 347 1375 Non
372 1328 646 1391 dedignata
671 1336 748 1376 est
773 1344 958 1376 nomen
984 1327 1170 1376 habere
1197 1326 1389 1374 Venus.

206 1539 259 1569 23.
278 1539 374 1569 Pater
392 1539 518 1576 Iliades,
535 1539 705 1577 Romulus,
721 1540 790 1570 Iliae
802 1540 839 1570 fi-

162 1587 234 1625 lius,
246 1587 306 1619 hoc
320 1591 405 1626 vidit,
420 1590 568 1632 respexit,
580 1590 746 1633 spectavit.
759 1591 842 1621 Scri-

164 1639 254 1673 beret,
271 1638 465 1670 describeret
480 1639 512 1670 in
529 1651 664 1672 menses.
717 1641 843 1682 Longus

162 1688 303 1720 solemne
318 1689 391 1720 anni
402 1689 576 1732 epitheton.
602 1691 750 1721 Auctores
762 1702 840 1726 suos,

165 1749 245 1780 quos
280 1750 347 1770 ver.
378 1741 431 1771 57.
459 1747 600 1780 parentes
638 1752 704 1771 suos
739 1746 843 1777 vocat,

165 1789 304 1820 Martem
322 1795 353 1820 et
370 1790 541 1822 Venerem.
578 1792 763 1822 Burmanno
779 1791 844 1821 ele-

166 1838 290 1880 gantior
307 1840 473 1871 videbatur
488 1840 585 1871 lectio
601 1840 634 1871 in
650 1841 722 1872 cod.
749 1841 845 1871 Fran-

166 1890 279 1920 cosurt.
292 1891 444 1930 pustulis,
462 1890 612 1932 prodidit,
631 1890 761 1922 tradidit
775 1901 846 1932 pos-

166 1939 241 1970 teris
264 1940 374 1971 ordine
397 1940 453 1971 illo
478 1946 509 1971 et
533 1940 677 1972 instituto
700 1948 847 1983 parentes

168 2000 252 2021 suos.
283 1990 381 2022 Ferus
396 1996 428 2022 et
443 2002 550 2027 saevus,
569 1991 758 2022 bellatorum
774 1996 848 2021 sunt

169 2039 322 2082 epitheta.
370 2041 497 2078 Sortem,
520 2040 643 2072 locum.
692 2041 849 2072 Gradibus

169 2091 300 2128 mult1'35
337 2096 372 2121 ut
399 2101 417 2122 a
445 2092 572 2123 Venere
598 2096 787 2132 prognatum
813 2101 847 2122 se

167 2140 328 2182 reperiret,
349 2151 406 2182 per
430 2140 548 2182 gradus
573 2140 690 2171 multos
713 2140 847 2171 adscen-

169 2188 308 2220 dendum
326 2196 394 2221 erat
410 2190 442 2221 in
462 2196 642 2221 stemmate.
688 2191 848 2221 Caeterum

170 2239 210 2270 de
240 2239 300 2271 hac
330 2240 489 2271 sententia
519 2240 628 2271 confer
654 2241 801 2271 Macrob.
828 2240 852 2270 i.

171 2289 300 2321 Saturn.
326 2291 375 2322 12.
401 2291 492 2333 cujus
515 2291 613 2321 verba
636 2289 679 2322 ad
705 2301 771 2322 ver.
797 2291 850 2322 61.

173 2339 331 2372 dedimus.

218 2390 272 2421 29.
295 2390 370 2421 Non
386 2391 542 2422 aVenere
559 2395 694 2426 tantum,
709 2389 764 2420 sed
780 2390 849 2420 lon-

175 2439 246 2481 gius
262 2439 343 2471 adeo
356 2441 396 2470 ab
412 2440 480 2482 ipso
496 2441 576 2472 Jove
592 2439 706 2482 repetit
723 2440 853 2470 Romuli

176 2490 340 2532 originem.
364 2490 561 2532 Principium
571 2490 696 2532 generis
706 2492 855 2531 quaerebat

176 2541 231 2576 sic,
253 2546 288 2572 ut
309 2541 429 2572 saecula
452 2541 659 2583 praeterlapsa
679 2542 854 2578 revolveret,

175 2602 231 2633 per
247 2601 285 2622 ea
300 2590 416 2622 rediret
433 2590 473 2622 ad
495 2589 705 2633 principium;
731 2591 808 2621 AEn.
824 2602 855 2621 x.

176 2641 260 2672 256:
294 2644 316 2657 “
332 2640 476 2671 revoluta
497 2641 611 2671 ruebat
637 2639 738 2676 dies,'’
754 2640 856 2671 revol-

177 2691 324 2727 vehatur,
356 2690 491 2722 redibat.
537 2690 588 2722 De
625 2689 729 2732 gentis
754 2689 851 2721 Juliae

179 2741 432 2784 progenitoribus
451 2740 595 2784 Trojanis
615 2741 722 2772 confer
737 2740 855 2782 virgil.

183 2791 300 2834 Georg.
316 2790 362 2823 iii.
375 2793 428 2824 35.
442 2790 497 2823 ubi
508 2792 633 2823 demissa
645 2792 683 2822 ab
697 2791 770 2822 Jove
783 2801 856 2833 gens

1520 1328 1583 1372 36

910 1544 1052 1570 vocatur.
1077 1537 1159 1569 Fon's
1172 1543 1279 1570 autem
1294 1537 1378 1569 illius
1394 1536 1589 1578 genealogiae

911 1594 959 1619 est
975 1589 1107 1619 Homer.
1126 1588 1165 1619 ll.
1182 1599 1237 1619 xx.
1255 1589 1330 1619 215.
1377 1587 1405 1617 E
1422 1586 1589 1617 serioribus

913 1638 995 1669 adde
1011 1638 1253 1680 Apollodorum,
1267 1638 1330 1668 III.
1344 1637 1398 1669 xii.
1414 1638 1445 1667 l.
1475 1636 1505 1667 A
1516 1636 1591 1667 Jove

913 1695 945 1719 et
971 1689 1107 1725 Electra,
1139 1690 1278 1720 Atlantis
1308 1688 1386 1725 filia,
1413 1686 1503 1729 (vide
1525 1697 1590 1718 ver.

917 1738 1008 1779 174.)
1030 1750 1139 1770 omnes
1158 1750 1266 1780 regum
1291 1739 1497 1781 Trojanorum
1521 1736 1592 1768 stir-

914 1800 987 1832 pem
996 1794 1153 1832 repetunt.
1172 1791 1353 1824 Dardanus,
1362 1787 1475 1819 relicta
1485 1787 1593 1817 Samo-

916 1838 1035 1875 thrace,
1053 1838 1085 1868 in
1098 1838 1208 1869 Asiam
1222 1837 1355 1880 trajecit,
1367 1837 1421 1868 ubi
1434 1847 1453 1867 a
1465 1836 1591 1874 Teucro,

916 1888 1103 1920 Scamandri
1117 1894 1149 1919 et
1164 1887 1260 1918 Idaeae
1278 1887 1437 1929 Nymphae
1449 1886 1525 1922 filio,
1537 1897 1592 1916 ex-

916 1945 1039 1981 ceptuS,
1061 1945 1185 1981 partem
1205 1938 1293 1980 regni
1313 1937 1448 1978 accepit,
1465 1937 1592 1968 urbem-

917 2000 979 2032 que
1008 1988 1207 2020 Dardaniam
1232 1993 1288 2019 aut
1314 1987 1492 2018 Dardanon
1518 1997 1593 2017 con-

917 2039 1010 2071 didit.
1036 2039 1159 2070 Teucro
1175 2043 1309 2074 mortuo,
1326 2037 1428 2068 omnis
1441 2036 1497 2068 illa
1513 2042 1596 2068 terra

918 2089 1086 2120 Dardania
1115 2088 1212 2119 dicta.
1259 2087 1412 2118 Dardano
1442 2085 1597 2118 successit

923 2139 1151 2174 Erichthonius,
1180 2139 1249 2181 ejus
1277 2137 1374 2173 filius,
1400 2148 1454 2168 rex
1483 2136 1596 2178 opibus

918 2189 1036 2220 clarus.
1082 2188 1113 2219 A
1132 2188 1207 2219 Troe
1229 2198 1303 2229 rege
1321 2187 1377 2217 illa
1390 2186 1484 2228 Troja
1500 2186 1597 2217 dicta.

919 2239 950 2270 Is
976 2239 1074 2275 Ilum,
1102 2240 1285 2270 Assaracum
1311 2242 1342 2268 et
1370 2236 1596 2277 Ganymedem

919 2288 1039 2330 genuit.
1069 2289 1117 2319 Ex
1134 2288 1183 2319 Ilo
1199 2287 1381 2318 Laomedon
1397 2292 1429 2318 et
1444 2285 1597 2328 deinceps

919 2338 1075 2375 Priamus,
1093 2338 1147 2380 qui
1166 2349 1228 2369 non
1243 2337 1445 2380 pertinebant
1461 2335 1501 2367 ad
1522 2346 1597 2366 con-

921 2388 1027 2420 silium
1050 2390 1146 2420 nostri
1169 2393 1293 2431 poetae3
1317 2389 1440 2419 AEneas
1455 2386 1538 2418 enim
1557 2387 1596 2417 ab

923 2440 1080 2476 Assaraco,
1102 2437 1193 2480 cujus
1218 2437 1300 2468 filius
1324 2437 1423 2477 Capys
1446 2437 1597 2466 Anchisen

923 2489 1043 2531 genuit.
1088 2490 1203 2530 Itaque
1223 2494 1254 2519 et
1275 2487 1360 2530 apud
1377 2486 1493 2527 virgil.
1540 2487 1597 2517 As-

923 2550 1047 2571 saracus
1076 2539 1273 2581 potissimum
1299 2542 1489 2568 memoratur
1517 2535 1599 2566 inter

924 2591 1039 2621 AEneae
1050 2589 1199 2632 majores3
1225 2587 1431 2625 AEn.i.284;
1454 2585 1498 2617 vi.
1513 2586 1597 2624 6503

925 2640 968 2672 ix.
989 2640 1065 2672 259.
1087 2640 1162 2671 643.
1207 2637 1357 2669 Anchisae
1379 2636 1415 2668 δι’
1438 2636 1596 2678 ἐρωτικὴν

921 2689 1100 2733 ἐπιθυμίαν
1151 2687 1326 2731 Ἀφροδίτη
1378 2686 1599 2720 συνελθοῦσα,

925 2739 1062 2773 Αἰνείαν
1079 2738 1267 2782 ἐγέννησεν.
1306 2735 1457 2779 Apollod.
