1809 3220
158 166 244 208 420

500 165 591 206 AD
626 162 864 205 LIVIAM
897 160 1259 203 AUGUSTAM

166 283 365 332 Funera
389 299 479 348 pro
505 281 662 329 sacris
689 280 781 328 tibi
810 287 928 328 sunt
953 279 1191 328 ducenda
1216 278 1518 343 triumphis;

238 362 304 410 Et
329 361 557 410 tumulus
586 360 814 408 Drusum
841 376 931 425 pro
957 359 988 407 J
994 360 1100 408 ovis
1128 376 1244 408 arce
1268 366 1459 408 manet.

164 441 419 505 Fingebas
447 441 718 498 reducem3
762 446 1128 504 praeceptaque
1155 446 1327 488 mente
1352 437 1559 486 fovebas

237 519 470 577 Gaudia;
513 526 566 568 et
592 526 711 567 ante
739 519 913 567 oculos
934 520 1043 583 jam
1068 518 1161 566 tibi
1186 518 1348 566 victor
1373 524 1497 565 erat.
1534 519 1601 563 30

164 597 195 645 J
202 615 283 646 am
308 598 508 657 veniet3
545 599 651 662 jam
678 614 760 646 me
786 605 1071 662 gratantem
1098 599 1248 646 turba
1271 595 1496 645 videbit:

232 677 350 726 Jam
377 677 501 725 mihi
529 694 619 742 pro
649 677 818 725 Druso
844 678 978 725 dona
1002 678 1213 726 ferenda
1238 693 1371 724 meo.

168 756 334 805 Obvia
360 756 670 821 progrediar,
698 756 926 820 felixque
955 774 1045 821 per
1070 756 1260 822 oppida
1283 755 1451 811 dicar;

236 835 491 901 Collaque
517 843 568 884 et
595 837 691 884 hoc
718 837 893 884 oculos
920 837 1054 884 illius
1080 852 1166 884 ore
1192 850 1439 900 premam.

166 913 304 962 Talis
331 915 454 972 erit;
499 915 570 963 sic
599 922 849 971 occurret,
876 915 948 962 sic
975 915 1152 962 oscula
1171 916 1384 978 junget:

1535 914 1600 959 35

236 992 348 1041 Hoc
375 994 497 1040 mihi
525 994 776 1051 narrabit3
820 994 891 1041 sic
919 994 1056 1058 prior
1082 994 1194 1058 ipsa
1219 994 1417 1056 loquar.

168 1071 374 1120 Gaudia
387 1088 518 1120 vana
532 1071 671 1120 foves
691 1091 701 1129 ;
743 1089 889 1137 spem
906 1089 1057 1137 pone,
1075 1071 1375 1129 miserrima,
1392 1070 1598 1119 falsam:

236 1149 429 1198 Desine
455 1151 519 1199 de
549 1150 719 1199 Druso
745 1151 862 1199 laeta
888 1151 1072 1199 referre
1098 1159 1205 1199 tuo.

168 1228 389 1277 Caesaris
416 1229 542 1277 illud
569 1246 716 1295 opus,
745 1230 847 1278 voti
874 1247 992 1295 pars
1020 1230 1179 1279 altera
1202 1230 1373 1287 vestri,

237 1307 470 1357 Occidit:
513 1309 764 1374 indignas,
795 1309 951 1366 Livia,
980 1311 1118 1358 solve
1145 1326 1335 1358 comas.

1536 1310 1605 1355 40

168 1386 305 1442 Quid
331 1387 423 1436 tibi
452 1405 585 1436 nunc
614 1406 781 1438 mores
808 1398 1038 1454 prosunt,
1068 1397 1344 1453 actumque
1372 1388 1557 1453 pudice

238 1467 406 1514 Omne
433 1484 612 1524 aevum,
641 1477 693 1516 et
718 1476 861 1517 tanto
889 1477 993 1517 tam
1019 1468 1276 1533 placuisse
1301 1468 1441 1516 viro?

169 1545 413 1610 Quidque
442 1546 690 1610 pudicitia
715 1554 914 1596 tantum
942 1549 1182 1596 inviolata
1207 1549 1475 1604 bonorum,

239 1623 436 1672 Ultima
463 1625 528 1672 sit
553 1625 731 1673 laudes
758 1626 887 1674 inter
913 1635 969 1674 ut
994 1627 1080 1675 illa
1105 1627 1256 1675 tuas?

211 1772 268 1802 ‘28-
295 1772 337 1802 Et
359 1774 498 1803 tumulus
521 1773 670 1808 Drusum,
692 1784 747 1812 pro
767 1774 852 1805 Jovis

166 1833 248 1858 arce,
266 1823 398 1864 manen]
436 1823 497 1854 Pro
514 1823 688 1866 Capitolio,
708 1825 762 1855 ubi
779 1825 852 1856 Jovi

169 1872 247 1914 Opt.
263 1873 354 1904 Max.
373 1873 528 1916 templum
552 1879 749 1905 exstructum
773 1881 852 1912 erat,

166 1922 251 1964 quod
269 1923 420 1955 victorem
438 1935 642 1955 ascensurum
660 1924 750 1956 Livia
766 1926 852 1957 Dru-

166 1983 237 2004 sum
262 1975 410 2016 speraba,
430 1976 544 2017 ignara
569 1975 691 2006 scilicet
702 1976 852 2017 satorum

168 2034 240 2065 quae
256 2024 360 2066 ipsum
376 2030 608 2067 oppresserant.

213 2074 269 2105 31.
293 2074 366 2105 Jam
382 2078 494 2111 veniet,
513 2075 594 2116 etc.]
622 2076 705 2107 Suus
721 2087 791 2107 eam
809 2077 853 2108 ita

168 2123 252 2155 ludit
271 2135 355 2156 error
371 2136 445 2156 vere
467 2131 641 2163 maternuS,
659 2135 691 2157 et
711 2138 783 2168 qum
804 2127 852 2158 di-

169 2180 232 2209 cet,
249 2185 387 2217 quaeque
403 2175 523 2207 dicenti
539 2176 653 2208 referet
669 2177 766 2214 filius,
785 2178 850 2209 ani-

167 2234 219 2255 mo
230 2224 298 2267 jam
315 2225 492 2268 praecipiat.

212 2275 268 2306 39.
297 2275 425 2307 Caesaris
450 2277 530 2306 illud
558 2277 659 2318 opusn]
688 2278 735 2308 Eo
760 2289 853 2310 sensu

172 2324 299 2356 Caesaris
315 2337 389 2366 opus
400 2326 542 2357 Drusum
561 2326 650 2364 dicit,
664 2328 749 2370 quod
762 2328 852 2359 illum

167 2374 227 2407 sibi
251 2382 282 2408 et
296 2375 461 2407 'liberium
480 2376 608 2408 fratrem
631 2377 664 2408 in
685 2378 764 2409 {ilios
782 2379 852 2411 Au-

167 2431 279 2468 gustus
303 2425 644 2468 &scripseram—suti
661 2441 732 2469 pars
753 2431 851 2461 altera

167 2478 272 2507 vestri.
318 2476 370 2507 Sic
394 2488 431 2507 ex
457 2477 525 2520 ipso
548 2478 666 2510 Ovidio
693 2480 851 2522 corrigen-

169 2526 259 2563 dum,
286 2526 340 2569 qui
368 2527 466 2558 Pont.
494 2527 538 2558 iv.
568 2527 660 2570 Eleg.
688 2529 757 2560 xiii.
786 2532 848 2562 47:

169 2581 192 2593 “
208 2577 260 2608 Sic
286 2577 414 2608 valeant
440 2577 541 2620 pueri,
569 2585 669 2609 ιύιιιιη
694 2591 851 2612 commune

167 2627 336 2658 duorum.”
386 2627 451 2658 Alii
483 2638 611 2659 omnes:
652 2629 753 2661 Veluti
778 2643 850 2671 pars

168 2679 268 2709 ultera
286 2681 388 2710 vestri.

212 2729 266 2759 41.
292 2727 376 2763 Quid
393 2729 448 2759 tibi
462 2741 543 2759 'tunc
557 2741 661 2766 mores,
677 2730 757 2771 etc.]
789 2730 846 2761 Ni-

168 2777 248 2809 mius
279 2778 328 2809 hic
358 2785 451 2821 poeta
483 2778 514 2810 in
549 2779 643 2810 Liviae
677 2780 842 2812 laudibus:

921 1776 1082 1818 parciores
1097 1776 1209 1812 multo,
1227 1775 1284 1807 sed
1300 1775 1406 1807 forsan
1422 1774 1608 1818 iniquiores,

921 1826 1024 1859 Tacit.
1047 1827 1137 1858 Suet.
1158 1825 1236 1858 Dio.
1252 1825 1418 1857 Patercul.
1440 1836 1526 1861 vero,
1550 1825 1608 1857 lib-

923 1876 957 1908 ii.
980 1878 1051 1909 130.
1067 1888 1122 1920 per
1142 1876 1250 1908 omnia
1271 1876 1364 1913 Deis,
1383 1886 1481 1918 quam
1505 1875 1607 1907 homi-
1640 1899 1648 1904 ..

924 1927 1030 1964 nibus,
1049 1927 1231 1959 similiorem
1249 1926 1400 1958 feminam
1416 1926 1524 1958 dicere
1546 1937 1607 1958 non

922 1977 1062 2009 dubitat.

968 2029 1021 2061 43.
1046 2028 1189 2069 Quidque
1202 2029 1356 2069 pudicitia
1371 2033 1494 2059 tantum
1509 2029 1607 2060 invio—

925 2081 989 2110 lata
1009 2081 1152 2110 bonorum
1163 2079 1192 2120 ?]
1242 2078 1346 2110 Locus
1366 2083 1452 2110 certe
1473 2078 1606 2110 mendo-

923 2129 1076 2165 sissimus,
1090 2130 1122 2160 in
1137 2139 1232 2171 quem
1250 2135 1358 2159 tamen
1372 2127 1607 2160 restituendum

923 2179 1074 2216 vicissim,
1099 2179 1155 2210 sed
1183 2179 1311 2215 frustra,
1338 2177 1535 2221 conspirasse
1561 2178 1607 2210 vi-

923 2230 984 2261 deo
1000 2230 1081 2261 viros
1096 2229 1309 2260 doctissimos.
1356 2229 1431 2260 Non
1451 2228 1536 2260 male
1551 2229 1607 2260 Pi-

924 2279 1042 2316 thoeus,
1066 2282 1097 2310 ιίι
1124 2286 1247 2310 tantum
1274 2280 1425 2310 inviolata
1449 2280 1605 2311 bonorum.

923 2330 1073 2361 Maxima
1100 2329 1218 2372 quippe
1243 2331 1400 2369 pudicitiae
1427 2328 1508 2366 laus,
1532 2340 1607 2372 quae

924 2382 956 2411 in
988 2387 1075 2411 tanto
1105 2381 1249 2410 bonorum
1283 2389 1450 2416 concursu,
1478 2378 1511 2409 id
1546 2385 1607 2416 est,

920 2442 1021 2473 quum
1059 2436 1106 2462 tot
1138 2430 1347 2473 suppeditent
1383 2440 1501 2466 causae,
1531 2440 1606 2472 quae

920 2480 1041 2523 possint
1074 2480 1204 2516 violare,
1240 2481 1389 2511 inviolata
1425 2485 1606 2522 permanet.

919 2530 981 2561 Sed
1004 2530 1118 2562 Latina
1139 2529 1245 2561 minus
1262 2529 1383 2561 locutio
1403 2529 1485 2566 haec,
1505 2540 1603 2572 quam

920 2587 954 2611 ut
981 2579 1212 2612 admittendam
1239 2579 1429 2622 putaverim.
1475 2579 1606 2622 Micylli

920 2630 1062 2673 vestigiis
1081 2630 1230 2662 insistens
1248 2629 1410 2667 Heinsius,
1428 2629 1604 2672 aliquando

920 2681 1102 2723 cogitabat:
1133 2686 1154 2698 ‘¹
1171 2680 1325 2723 Quidque
1350 2680 1504 2724 pudicitia
1532 2687 1603 2713 tan—

920 2738 986 2762 tum
1027 2734 1196 2763 cumulasse
1233 2731 1436 2763 bonorum?'‘
1493 2731 1536 2763 Ut
1563 2731 1604 2763 sit

918 2791 1046 2813 sensus:
1075 2782 1151 2824 quid
1177 2781 1233 2813 tibi
1260 2781 1377 2824 profuit
1405 2789 1525 2812 tantum
1553 2783 1602 2813 bo-
