1809 3220
235 177 321 219 280

632 173 684 214 Ρ.
719 171 936 214 OVIDII
974 171 1254 213 NASONIS

235 291 485 340 Romulus
511 289 826 352 obsequitur,
855 288 1124 350 lucemque
1151 286 1394 334 Remuria
1416 285 1547 333 dixit

301 368 465 423 Illam,
495 383 596 430 qua
620 365 797 430 positis
819 366 960 428 justa
983 364 1212 412 feruntur
1237 364 1357 411 avis.

1546 364 1646 409 480

233 447 431 510 Aspera
455 451 649 491 mutata
673 450 751 490 est
776 443 826 489 in
852 443 1018 490 lenem
1043 450 1270 505 tempore
1296 442 1445 503 longo

303 523 486 578 Litera,
515 538 627 584 quae
654 528 759 568 toto
786 520 988 566 nomine
1014 520 1176 583 prima
1200 519 1308 566 fuit.

234 601 360 648 Mox
387 599 538 647 etiam
565 598 805 645 Lemures
832 597 1025 644 animas
1053 597 1228 644 dixere
1255 597 1523 650 silentum3

301 678 352 725 Is
377 677 515 725 verbi
542 692 737 730 sensus,
764 675 837 721 vis
864 690 925 721 ea
948 674 1083 721 vocis
1111 681 1233 721 erat.

233 756 372 804 Fana
396 762 566 802 tamen
589 762 784 801 veteres
811 752 908 799 illis
935 752 1161 799 clausere
1188 751 1398 809 diebus3

1549 751 1647 796 485

301 833 375 880 Ut
399 848 532 879 nunc
558 831 699 879 ferali
723 838 948 893 ternpore
975 835 1149 892 operta
1173 828 1329 875 vides.

235 911 346 959 Nec
372 911 534 957 viduae
561 910 706 956 taedis
733 908 928 963 eadem,
958 923 1049 954 nec
1075 905 1282 968 virginis
1309 912 1430 968 apta

299 987 576 1051 Tempora:
619 1002 733 1049 quae
759 985 947 1049 nupsit,
977 1001 1077 1031 non
1103 984 1342 1030 diuturna
1365 982 1475 1028 fuit.

234 1064 345 1112 Hac
372 1080 577 1127 quoque
602 1064 665 1110 de
692 1078 862 1117 causa,
892 1062 932 1108 si
957 1069 1007 1108 te
1033 1061 1298 1124 proverbia
1321 1066 1553 1122 tangunt,

302 1141 484 1188 Mense
510 1141 667 1187 malas
695 1139 834 1186 Maio
861 1139 1049 1185 nubere
1074 1139 1254 1200 vulgus
1281 1138 1368 1184 ait.

1547 1137 1647 1182 490

236 1219 338 1266 Sed
360 1225 531 1265 tamen
550 1218 658 1264 haec
684 1216 779 1263 tria
804 1223 922 1263 sunt
948 1215 1042 1262 sub
1068 1215 1247 1262 eodem
1269 1221 1496 1278 tempore
1517 1212 1649 1260 festa

303 1296 441 1343 Inter
466 1311 518 1342 se
546 1295 682 1341 nullo
709 1294 1003 1341 continuata
1027 1293 1125 1340 die.

234 1373 461 1428 Quorum
487 1372 528 1418 si
555 1371 733 1419 mediis
762 1370 997 1418 Boeotuin
1026 1369 1215 1417 Oriona
1240 1385 1466 1433 quaeres;

302 1450 481 1497 Falsus
508 1449 633 1497 eris:
675 1449 804 1511 signi
829 1464 983 1495 causa
1007 1448 1236 1496 canenda
1261 1446 1400 1493 mihi.

233 1527 450 1592 Jupiter,
479 1534 545 1582 et,
573 1527 673 1573 lato
701 1525 788 1588 qui
814 1532 991 1588 regnat
1015 1525 1066 1571 in
1092 1540 1310 1587 aequore,
1338 1523 1490 1571 frater
1547 1525 1646 1570 495

304 1604 595 1668 Carpebant
621 1603 798 1658 socias,
830 1602 1236 1664 Mercuriusque,
1265 1602 1387 1648 vias.

277 1819 352 1849 483.
376 1817 519 1848 Lemures
535 1817 565 1847 in
582 1816 692 1858 glossis
707 1816 905 1858 explicantur

233 1868 417 1909 νυκτερινοὶ
446 1866 606 1909 δαίμονες.
662 1866 751 1896 Fana
781 1867 905 1896 claude-

234 1919 347 1948 bantur
371 1915 536 1948 Feralibus
562 1925 712 1957 quoque;
741 1915 848 1946 confer
873 1915 906 1946 ii.

235 1967 309 1997 563.

277 2015 351 2045 487.
375 2013 438 2044 Hic
462 2024 587 2054 quoque
609 2023 675 2043 mos
695 2012 853 2043 Lemni-iis
873 2018 905 2042 et

233 2064 395 2096 Feralibus
410 2063 606 2102 communis3
629 2063 663 2093 ii.
681 2063 754 2093 557.
798 2061 903 2093 Etiam

234 2112 434 2148 Plutarchus,
461 2112 585 2148 Quaest.
610 2112 749 2142 Roman.
774 2122 805 2152 p.
832 2111 904 2142 147.

233 2162 297 2193 vol.
314 2161 369 2192 vii.
387 2168 502 2196 narrat,
527 2171 634 2191 mense
657 2160 746 2191 Maio
771 2170 832 2190 non
857 2160 902 2191 fa-

234 2212 294 2243 cile
308 2211 505 2241 matrimonia
520 2209 674 2245 contrahi,
691 2209 747 2240 sed
762 2209 794 2239 in
809 2209 902 2240 Juni-

234 2271 286 2291 um
304 2259 439 2297 differri3
467 2260 597 2301 ejusque
613 2259 655 2289 rei
672 2269 785 2289 causas
799 2258 904 2300 plures

234 2310 346 2345 adfert,
362 2309 457 2339 etiam
473 2308 567 2344 lianc,
583 2307 667 2349 quod
684 2314 757 2338 tunc
774 2307 904 2338 mortuis

233 2364 413 2402 parentent.
438 2357 529 2388 Idem
544 2368 617 2400 pag.
637 2358 707 2388 161.
723 2363 832 2388 auctor
846 2363 905 2393 est,

234 2407 372 2451 publicis
381 2407 466 2437 feriis
479 2409 611 2448 virgines
628 2417 689 2437 non
705 2407 835 2442 nubere,
850 2407 904 2437 sed

234 2459 353 2488 viduas.
400 2456 471 2486 Non
494 2458 645 2486 diuturna
658 2457 743 2497 suit,
764 2466 825 2486 non
849 2455 904 2486 diu

233 2506 324 2538 vixit.
370 2504 458 2535 Inter
472 2516 500 2535 se
515 2506 611 2541 nullo,
628 2511 691 2535 etc.
737 2504 904 2536 Consentit

235 2555 374 2587 Kalend.
390 2561 490 2585 vetus.

277 2606 460 2637 493—544.
489 2605 530 2635 V.
557 2604 631 2635 Idus
659 2604 753 2634 Orion
783 2606 903 2635 occidit.

234 2655 296 2686 Hic
313 2654 439 2686 Orionis
454 2654 629 2696 procreatio
649 2660 680 2684 et
696 2653 806 2684 relatio
822 2654 902 2684 inter

233 2705 336 2736 sidera
359 2709 514 2734 narratur.
559 2704 713 2734 Fabulam
739 2703 819 2733 hanc
844 2703 899 2732 ab·

234 2754 360 2785 surdam
391 2759 423 2784 et
452 2754 634 2784 obscoenam
662 2753 780 2783 habent
806 2753 899 2783 etiam

974 1815 1157 1858 Apollodor.
1187 1816 1217 1846 I.
1249 1815 1291 1846 iv.
1322 1816 1361 1853 33
1396 1814 1575 1856 Palaephat.
1601 1815 1642 1852 5;

973 1865 1131 1906 Hyginus,
1156 1865 1220 1895 fab.
1240 1866 1320 1903 1953
1347 1865 1438 1895 Poet.
1460 1863 1590 1894 Astron.
1608 1863 1644 1893 ii.

973 1916 1015 1946 26
1035 1921 1067 1946 et
1088 1916 1143 1945 34.
1162 1914 1291 1956 aliique.
1337 1914 1394 1944 Est
1420 1918 1527 1944 autem
1554 1913 1650 1944 Orion

973 1974 1067 2006 prope
1090 1964 1175 1994 viam
1197 1963 1334 1994 lacteam
1359 1962 1446 1993 sidus
1470 1962 1647 2003 egregium,

973 2013 1024 2044 cui
1041 2012 1133 2043 hodie
1150 2013 1202 2043 78.
1219 2012 1318 2043 stellae
1334 2012 1526 2042 tribuuntur.

1028 2061 1164 2093 Boeotum
1197 2061 1282 2097 dedi,
1312 2071 1376 2091 non
1407 2061 1542 2096 Baeoton,
1572 2058 1648 2101 quia

973 2122 1080 2142 omnes
1095 2111 1158 2142 fere
1173 2111 1269 2141 MSS.
1283 2110 1326 2141 sic
1341 2109 1504 2141 exhibent.
1529 2109 1646 2140 Oriun-

973 2161 1032 2191 dus
1049 2168 1154 2191 autem
1166 2166 1234 2192 erat
1245 2161 1404 2201 Tanagra,
1417 2159 1532 2202 oppido
1548 2160 1646 2190 Boeo-

973 2209 1048 2248 tiae3
1073 2209 1216 2251 Palaeph.
1239 2209 1301 2240 Sed
1317 2208 1475 2239 Pindarus
1494 2207 1527 2238 in
1541 2207 1648 2249 dithy-

971 2260 1090 2289 rambis
1116 2266 1237 2300 patrem
1268 2258 1337 2300 ejus
1363 2257 1480 2288 Chium
1505 2256 1646 2295 fecerat;

971 2308 1212 2339 Aristomachus
1243 2308 1452 2346 Thebanum3
1486 2305 1646 2348 Hyginus,

973 2357 1006 2387 ii.
1025 2358 1078 2388 26.
1126 2357 1252 2387 Falsum
1281 2368 1350 2393 esse,
1373 2366 1496 2393 errare3
1518 2354 1646 2386 Terent.

974 2407 1056 2437 Eun.
1080 2407 1126 2437 II.
1150 2406 1182 2437 ii.
1199 2408 1260 2437 43:
1287 2412 1322 2436 ut
1335 2407 1442 2448 falsus
1464 2406 1560 2435 animi
1583 2404 1647 2435 est!

974 2456 1043 2487 Hoc
1067 2456 1137 2486 loco
1161 2466 1223 2486 non
1246 2455 1386 2485 invenire
1411 2453 1494 2496 quod
1519 2453 1646 2495 quaeris.

973 2505 1098 2545 Jupiter
1119 2511 1151 2536 et
1168 2505 1344 2536 Mercurius
1364 2504 1478 2546 saepius
1498 2503 1642 2534 ambula-

972 2555 1050 2585 bant
1067 2565 1128 2586 una
1144 2555 1176 2585 in
1192 2555 1300 2592 terris;
1315 2564 1399 2585 nunc
1415 2553 1549 2584 accessit
1560 2553 1646 2592 Nep-

972 2610 1180 2646 tzmuS,queni
1192 2612 1296 2635 tamen
1308 2603 1361 2634 alii
1373 2603 1458 2645 apud
1468 2602 1643 2644 Hyginum,

970 2653 1004 2683 ii.
1030 2655 1084 2684 34.
1108 2653 1290 2689 omiserunt,
1315 2658 1347 2684 et
1372 2652 1425 2683 cui
1448 2652 1576 2682 Tzetzes
1599 2650 1641 2681 ad

971 2703 1127 2744 Lycophr.
1157 2702 1316 2734 Cassand.
1348 2703 1425 2733 328.
1457 2700 1643 2744 Apollinem

969 2753 1144 2784 substituit.
