1809 3220
167 172 255 213 124

551 170 603 212 P.
638 168 845 212 OVIDII
879 166 1163 209 NASONIS

172 287 203 335 J
208 302 340 335 anua
364 302 497 334 nunc
523 285 653 349 regis
679 284 847 348 posita
870 283 998 332 viret
1021 283 1198 330 arbore
1227 281 1404 330 Phoebi
1427 299 1436 330 :

241 363 376 412 Ante
401 370 513 411 tuas
539 363 597 410 fit
621 362 775 418 idem,
802 361 943 408 curia
967 361 1150 425 prisca,
1178 359 1327 408 fores.

1503 361 1598 405 140

174 442 334 490 Vesta
359 458 564 506 quoque
592 446 648 488 ut
672 440 789 488 solio
815 439 976 488 niteat
998 439 1164 487 velata
1189 439 1397 495 recenti,

246 520 400 568 Cedit
425 520 488 567 ab
517 518 686 566 Iliacis
711 519 884 566 laurea
908 533 1038 565 cana
1061 516 1203 565 focis.

176 598 342 655 Adde,
371 597 509 661 quod
534 612 718 645 arcana
742 595 849 643 fieri
874 612 1033 643 novus
1058 595 1189 658 ignis
1215 594 1266 641 in
1291 594 1400 642 aede

247 676 476 733 Dicitur;
518 682 570 723 et
594 675 725 722 vires
751 674 957 722 flamma
981 673 1171 722 refecta
1195 672 1348 737 capit.

182 754 292 802 Nec
318 753 441 801 mihi
466 769 620 818 parva
643 753 789 811 fides,
812 769 969 801 annos
990 753 1107 800 hinc
1134 752 1235 800 isse
1260 751 1475 816 priores;
1507 752 1601 798 145

246 831 397 880 Anna
422 831 560 896 quod
586 831 681 879 hoc
706 838 875 896 coepta
901 838 980 879 est
1004 846 1177 878 mense
1205 830 1439 878 Perenna
1463 828 1578 876 coli.

180 908 314 958 Hinc
341 910 495 958 etiam
519 918 716 958 veteres
742 909 852 957 initi
877 915 1217 957 memorantur
1242 908 1459 956 honores

248 987 330 1035 Ad
358 987 580 1052 spatium
606 988 743 1045 belli,
772 987 963 1052 perfide
991 987 1166 1043 Poene,
1196 986 1286 1033 tui.

185 1065 421 1129 Denique
447 1065 655 1130 quintus
682 1067 745 1113 ab
772 1066 866 1112 hoc
893 1064 1056 1113 fuerat
1082 1064 1352 1119 Quintilis:
1395 1071 1447 1112 et
1472 1063 1589 1112 inde

251 1143 454 1208 Incipit,
483 1160 512 1191 a
536 1160 744 1192 numero
769 1144 972 1192 nomina
997 1142 1230 1207 quisquis
1256 1143 1430 1190 habet.

1510 1145 1604 1190 150

185 1221 404 1279 Primus,
432 1221 668 1269 oliviferis
698 1222 914 1270 Romam
940 1222 1191 1270 deductus
1218 1221 1281 1268 ab
1307 1220 1453 1276 arvis,

253 1298 534 1364 Pompilius
559 1315 762 1347 menses
788 1300 946 1348 sensit
970 1301 1152 1348 abesse
1176 1299 1332 1356 duos;

233 1457 308 1488 143.
332 1456 478 1488 Macrob.
494 1456 525 1487 d.
541 1457 564 1487 l.
604 1457 744 1499 “Hujus
761 1457 858 1488 etiam

185 1505 304 1538 mensis
319 1505 370 1537 die
385 1506 485 1549 prima
500 1506 605 1548 ignem
622 1517 739 1538 novum
752 1508 857 1539 Vesta:

187 1556 249 1588 aris
272 1557 504 1593 accendebant,
520 1562 556 1587 ut
579 1556 751 1599 incipiente
778 1568 859 1588 anno

185 1617 262 1637 cura
277 1605 382 1637 denuo
397 1605 543 1637 servandi
559 1606 667 1637 novati
683 1606 764 1647 ignis
780 1606 858 1638 inci-

184 1656 307 1698 peret-’¹
354 1655 521 1694 Quomodo
551 1655 641 1686 illum
672 1655 778 1697 ignem
809 1667 860 1687 ac-

185 1704 362 1741 cenderint,
379 1705 471 1736 docet
484 1704 571 1747 Lips.
582 1705 621 1736 de
636 1705 736 1736 Vesta
748 1716 818 1747 cap.
830 1706 860 1736 8.

186 1754 367 1786 Penetralia
396 1754 506 1796 templi
534 1754 621 1785 adire
653 1766 713 1785 non
743 1755 863 1786 licebat

185 1805 262 1836 viro.
320 1804 371 1835 lbi
401 1816 450 1836 res
479 1815 603 1836 arcanae
634 1805 862 1844 servabantur;

187 1853 262 1886 hinc
291 1866 406 1886 arcana
437 1856 522 1886 aedes.
580 1855 681 1891 Fides,
713 1854 744 1885 id
775 1855 862 1897 quod

186 1904 282 1936 fidem
307 1904 394 1941 facit,
411 1911 644 1946 argumentum.
691 1906 783 1936 Anna
807 1905 861 1936 Pe-

186 1965 285 1985 renna
313 1954 372 1985 suit
398 1965 437 1985 ex
463 1965 594 1985 numero
619 1954 808 1996 indigetum‚
832 1962 864 1987 et

186 2003 353 2034 indicabat
369 2004 473 2035 fausta
488 2004 563 2034 anni
579 2003 680 2035 initia.
718 2005 864 2036 Macrob.

188 2052 276 2083 dicto
299 2053 386 2084 loco:
414 2057 435 2070 “
449 2053 490 2084 Et
512 2053 640 2095 publice
663 2059 695 2084 et
717 2054 864 2096 privatim

189 2101 230 2133 ad
264 2101 393 2133 Annam
434 2102 612 2133 Perennam
650 2103 864 2135 sacrificatum

189 2152 262 2188 itur,
272 2157 306 2182 ut
320 2162 437 2183 annare
449 2162 687 2194 perennareque
701 2154 864 2185 commode

188 2201 322 2233 liceat.’'
367 2201 419 2232 De
442 2201 502 2232 hac
519 2202 593 2233 Dea
610 2202 682 2233 vide
704 2203 785 2234 infra
802 2214 865 2236 ver.

191 2253 255 2283 523
271 2262 342 2294 sqq.
357 2251 410 2283 ubi
427 2258 459 2282 et
478 2252 546 2294 ejus
569 2263 658 2283 sacra
679 2253 864 2285 describun-

190 2309 253 2340 tur,
281 2309 313 2334 et
336 2302 424 2335 varia
452 2302 492 2334 de
523 2304 596 2334 Dea
626 2303 696 2346 ipsa
725 2305 864 2335 referun-

190 2359 255 2384 tur.

238 2403 313 2433 147.
339 2403 476 2434 Honores
490 2402 556 2434 sive
578 2402 782 2444 magistratus
802 2414 864 2435 non

191 2451 304 2483 eodem
332 2462 457 2494 semper
483 2458 623 2494 tempore
649 2452 761 2483 Romae
791 2459 866 2484 sunt

190 2501 273 2533 initi.
320 2501 420 2532 Primi
449 2512 531 2532 coss.
561 2512 677 2532 munus
710 2501 865 2544 auspicati

192 2556 276 2587 sunt,
297 2561 360 2592 quo
385 2556 523 2592 tempore
550 2560 638 2592 reges
664 2550 770 2592 ejecti,
792 2562 866 2593 ergo

191 2599 364 2631 Februario
379 2599 420 2630 ad
435 2600 529 2630 finem
547 2605 697 2641 vergente
711 2612 718 2638 3
742 2600 774 2631 ii.
791 2602 865 2632 685.

190 2650 256 2680 An.
274 2650 316 2681 U.
332 2650 370 2681 C.
382 2651 459 2681 291.
472 2650 505 2680 id
523 2649 678 2681 Kalendis
692 2650 866 2682 Sextilibus

192 2701 257 2731 fieri
281 2700 420 2739 solebat3
446 2711 500 2732 an.
517 2701 591 2731 304.
608 2700 720 2731 Idibus
744 2700 865 2739 Maiis;

191 2749 311 2785 Livius,
336 2749 381 2780 iii.
397 2750 428 2781 6.
444 2750 502 2781 36:
534 2749 589 2781 sed
614 2749 688 2781 inde
713 2760 763 2780 an.
786 2750 863 2782 600.

929 1459 969 1495 Q.
986 1457 1099 1489 Fulvio
1123 1456 1299 1491 Nobiliore,
1314 1457 1352 1488 T.
1367 1455 1474 1487 Annio
1499 1456 1603 1488 Lusco

929 1519 1010 1539 coss.
1030 1508 1105 1539 Kal.
1121 1509 1198 1539 Jan.
1217 1507 1285 1538 Liv.
1303 1507 1390 1549 Epit.
1408 1505 1485 1538 xvii.
1525 1506 1603 1538 Ovi-

929 1557 999 1588 dius
1016 1557 1110 1598 igitur
1128 1568 1188 1587 non
1204 1557 1281 1587 satis
1301 1562 1448 1587 accurate
1468 1555 1605 1599 scripsit.

931 1607 1074 1647 Perfidus
1091 1607 1212 1642 I'rrnus,
1226 1605 1398 1641 Hannibal,
1412 1605 1444 1636 in
1458 1616 1520 1647 quo
1534 1617 1606 1646 per-

920 1657 1004 1696 fidia
1019 1657 1088 1695 plus
1103 1667 1190 1697 quam
1210 1656 1354 1693 I'unica5
1371 1654 1490 1691 Livius,
1502 1655 1608 1688 xxi.4.

934 1706 1070 1740 Quintus
1095 1707 1132 1735 (zl1
1158 1706 1223 1741 hoc,
1252 1710 1314 1736 etc.
1360 1704 1482 1735 Eodem
1513 1715 1608 1746 argu-

932 1761 1038 1786 mento
1062 1755 1110 1786 usi
1135 1761 1208 1786 sunt
1232 1753 1327 1786 etiam
1350 1754 1517 1785 Plutarch.
1534 1755 1607 1786 Ma-

932 1807 1019 1837 crob.
1038 1812 1069 1836 ct
1083 1805 1181 1837 Solin.

979 1856 1053 1887 151.
1081 1856 1241 1887 Deduc-ere
1263 1864 1331 1886 esse
1356 1854 1489 1886 verbum
1512 1854 1607 1886 officii

932 1912 964 1937 et
988 1905 1124 1942 honoris,
1143 1905 1195 1936 ubi
1218 1916 1291 1936 cum
1313 1915 1427 1946 magno
1449 1910 1481 1936 et
1500 1904 1607 1947 splen·

933 1956 1008 1987 dido
1032 1956 1186 1987 comitatu
1214 1955 1352 1997 aliquem
1376 1954 1609 2000 prqsequimur,

934 2005 1056 2037 notavit
1076 2006 1292 2036 Burmannus.
1339 2004 1381 2034 Et
1395 2003 1525 2040 Numae,
1542 2004 1610 2036 Cu-

933 2054 1020 2086 ribus
1043 2054 1162 2086 relictis
1187 2054 1324 2084 Romam
1346 2052 1498 2090 venienti,
1513 2064 1607 2086 sena-

934 2110 1001 2135 tum
1024 2104 1240 2146 populumque
1264 2103 1361 2134 Rom.
1383 2103 1511 2134 obviam
1534 2103 1610 2140 isse,

932 2160 968 2185 ut
984 2164 1055 2185 eum
1071 2153 1116 2184 sic
1133 2153 1339 2189 deducerent,
1356 2159 1498 2192 constat3
1523 2153 1604 2185 Dio-

933 2214 1002 2245 nys.
1018 2203 1051 2234 ii.
1065 2204 1127 2243 603
1144 2203 1307 2234 Plutarch.
1323 2203 1422 2234 Num.
1433 2202 1488 2235 vii.
1514 2204 1608 2235 Otivae

934 2254 1051 2284 Sabinae
1080 2263 1196 2294 magno
1226 2252 1328 2295 pretio
1359 2258 1469 2292 erant,
1507 2253 1606 2285 Colu-

933 2303 1040 2339 mella,
1058 2304 1099 2334 V.
1115 2302 1180 2334 viii.
1197 2305 1227 2334 5.
1266 2302 1345 2334 Inde
1361 2308 1392 2334 et
1409 2303 1561 2335 Mutusca
1574 2304 1608 2336 in

933 2352 1058 2383 Sabinis
1070 2352 1211 2394 olivifera
1225 2362 1243 2383 a
1258 2351 1350 2393 Vir-g.
1362 2352 1440 2382 AEn.
1454 2351 1519 2384 viii.
1533 2353 1610 2385 711.

933 2401 1032 2433 dicta.
1078 2403 1178 2433 Samio
1201 2401 1391 2443 Pythagora,
1408 2402 1499 2444 cujus
1519 2402 1609 2435 insti-

935 2451 1054 2483 tutione
1081 2453 1190 2483 Numa
1214 2451 1320 2493 vulg0‚
1344 2450 1399 2482 sed
1421 2451 1512 2489 salso,
1532 2463 1608 2485 usus

934 2510 1001 2531 esse
1015 2500 1213 2537 credebatur,
1225 2500 1332 2542 utjam
1347 2501 1388 2531 ad
1404 2501 1539 2533 Metam.
1553 2513 1609 2534 xv.

936 2551 966 2580 7.
980 2550 1170 2581 monuimus.
1217 2549 1333 2581 Confer
1361 2557 1392 2581 et
1415 2550 1552 2592 Dionys.
1574 2552 1609 2583 ii.

935 2600 988 2630 59.
1037 2599 1253 2641 Pythagoram
1289 2610 1306 2630 a
1343 2600 1609 2643 metempsychosi

934 2648 1205 2690 circumloquitur‚
1228 2650 1280 2689 qui
1304 2660 1386 2689 posse
1411 2652 1528 2681 renasci.
1558 2662 1609 2681 nos

932 2705 1033 2737 putat.
1084 2699 1208 2741 Egeria,
1234 2699 1389 2741 Nympha
1417 2705 1471 2730 aut
1496 2700 1608 2736 Musa,

933 2748 975 2779 ad
1013 2748 1103 2790 cujus
1133 2748 1221 2780 velut
1258 2758 1459 2789 congressum
1497 2749 1607 2781 Numa
