1830 3220
617 770 849 820 LIBRI
906 770 1276 820 SECUNDI

723 927 1167 968 ARGUMENTUM.

233 1090 381 1123 Praefatio
400 1096 431 1121 et
450 1088 622 1125 dedicatio,
642 1088 759 1118 1-18,
806 1087 858 1118 De
879 1086 1024 1123 Februis,
1043 1086 1126 1117 unde
1148 1085 1264 1117 mensis
1280 1084 1395 1123 dictus,
1416 1086 1553 1118 19—34.
1598 1087 1650 1118 De

274 1146 306 1176 vi
321 1142 543 1187 purgaminum
558 1142 654 1183 vulgo
669 1141 801 1177 credita,
819 1141 962 1171 35-46.
1009 1140 1061 1171 De
1076 1140 1184 1171 ordine
1201 1139 1363 1171 Februarii
1378 1139 1509 1182 antiquo
1522 1146 1553 1172 et
1566 1141 1653 1173 facta

271 1198 462 1233 mutatione,
489 1196 630 1227 47—54.
675 1193 898 1226 Kalendarum
921 1194 945 1225 F
948 1194 1072 1226 ebruar.
1094 1193 1334 1232 memorabilia;
1357 1195 1378 1226 J
1383 1194 1494 1226 unonis
1515 1194 1649 1238 Sospitae

273 1253 429 1295 templum
444 1250 650 1289 dedicatum3
673 1248 786 1281 laudes
801 1248 937 1280 Caesaris
950 1260 959 1287 3
984 1247 1152 1279 celebritas
1174 1248 1207 1279 in
1223 1248 1296 1279 luco
1311 1247 1392 1290 asyli
1408 1260 1416 1287 ;
1438 1259 1528 1280 sacra
1542 1250 1562 1281 J
1566 1248 1632 1280 ovis
1642 1260 1652 1288 3

273 1305 472 1349 tempestatis
486 1304 577 1341 ratio,
588 1304 729 1336 55—72.
768 1303 858 1345 Lyrae
872 1310 903 1333 et
915 1302 1011 1333 medii
1023 1301 1140 1333 Leonis
1151 1313 1293 1339 occasus,
1305 1302 1446 1334 73-78,
1480 1302 1651 1345 Delphinis

274 1372 406 1393 occasus
428 1365 460 1391 et
484 1358 558 1390 inde
573 1357 700 1388 Arionis
723 1356 843 1393 fabula,
859 1356 951 1398 cujus
975 1355 1104 1397 delphin
1128 1355 1209 1387 inter
1232 1355 1336 1388 sidera
1358 1355 1470 1398 fulget,
1486 1356 1650 1388 79—118.

275 1416 440 1457 Augustus
454 1419 543 1456 pater
557 1412 666 1455 patriae
682 1411 798 1442 dictus.
844 1411 929 1441 Hinc
945 1409 1056 1441 laudes
1073 1410 1141 1452 ejus
1157 1415 1188 1441 et
1202 1410 1396 1452 comparatio
1411 1421 1484 1442 cum
1500 1410 1650 1449 Romulo,

278 1469 464 1502 119—144.
490 1466 625 1509 Aquarii
635 1471 720 1497 ortus
732 1471 763 1496 et
775 1464 899 1496 mollior
911 1475 998 1501 aura,
1012 1465 1195 1496 145-148.
1219 1464 1351 1496 Initium
1362 1464 1455 1502 veris,
1467 1465 1653 1497 149—152.

274 1523 491 1566 Arctophylax
509 1521 616 1558 oritur,
632 1521 723 1563 cujus
747 1519 855 1551 fabula
873 1525 1028 1556 narratur,
1047 1520 1230 1551 153—192.
1265 1519 1367 1551 Fauni
1389 1530 1490 1557 sacra,
1507 1525 1540 1551 et
1554 1519 1649 1552 Fabi-

275 1590 364 1611 orum
376 1579 409 1609 in
421 1576 505 1609 bello
518 1575 687 1608 Veientino
698 1575 853 1612 interitus,
869 1575 1052 1607 193-242.
1091 1575 1223 1611 Corvus,
1235 1574 1359 1617 Anguis
1375 1580 1407 1606 et
1417 1575 1529 1607 Crater
1543 1574 1649 1607 oriun-

274 1639 337 1670 tur,
359 1641 493 1674 quorum
516 1630 602 1672 origo
625 1629 768 1665 refertur,
784 1630 970 1660 243—266.
1012 1629 1236 1671 Lupercalium
1259 1628 1346 1670 origo
1369 1633 1402 1660 et
1424 1627 1513 1665 ritus,
1535 1629 1651 1671 quibus

276 1686 426 1719 Herculis
445 1692 478 1717 et
493 1683 672 1726 Omphales
689 1683 796 1714 fabula
817 1683 953 1722 inserta3
977 1689 1045 1714 tum
1060 1683 1190 1714 Romuli
1212 1688 1244 1714 et
1262 1682 1358 1714 Remi
1378 1682 1532 1724 expositio
1551 1688 1649 1725 atque

276 1739 483 1776 conservatio,
511 1739 696 1770 267—452.
740 1737 952 1780 Tempestatis
981 1737 1214 1776 inconstantia3
1249 1737 1434 1768 453-456.
1483 1736 1650 1778 Ingressus

275 1797 355 1828 Solis
377 1794 410 1826 in
425 1794 545 1829 Pisces,
567 1798 663 1834 atque
682 1791 791 1822 horum
815 1791 912 1832 origo,
929 1791 1115 1823 457—474.
1169 1790 1351 1829 Quirinalia
1371 1797 1403 1822 et
1420 1790 1553 1822 Romuli
1572 1800 1648 1834 apo-

274 1850 416 1888 t.heosis;
441 1849 558 1879 festum
581 1847 656 1878 item
679 1846 854 1877 Stultorum
878 1854 909 1877 et
932 1846 1012 1877 Deae
1036 1846 1196 1883 Fomacis,
1221 1846 1407 1877 475—532.
1458 1844 1584 1876 Feralia
1606 1844 1648 1876 ad

274 1904 448 1948 placandos
471 1903 599 1938 Manes,
615 1901 801 1932 533—570.
846 1900 941 1931 Sacra
964 1900 1066 1931 Mutae
1090 1905 1146 1931 aut
1167 1899 1286 1931 Tacitae
1311 1899 1447 1941 magica,
1462 1899 1648 1931 571—616.

277 1957 423 1994 Caristia,
439 1957 624 1987 617-538,
665 1953 867 1991 Terminalia,
878 1954 1062 1986 639—684.
1108 1953 1208 1996 Regis
1224 1954 1308 1996 fuga,
1323 1959 1355 1984 et
1365 1953 1471 1996 plures
1481 1951 1647 1995 Tarquinii

276 2023 335 2049 τες,
352 2011 538 2044 685—852.
585 2008 772 2042 Hirundinis
789 2008 919 2046 reditus,
936 2008 1121 2040 853-856,
1158 2007 1300 2050 Equiria,
1315 2007 1502 2040 857—864.
