1830 3220
595 204 1014 247 FRAGMENTA.
1423 204 1514 245 535

103 321 155 362 In
190 320 403 375 Priapeiis
437 320 635 374 quaedam
675 320 822 361 Ovidii
855 320 960 372 (vid.
997 320 1116 360 Bart.
1150 319 1202 360 ad
1247 318 1447 366 Statium,
1487 319 1512 359 i.

100 389 236 430 Theb.
271 388 392 438 229.)
423 396 609 435 exstare,
646 388 802 428 eruditi
839 388 1110 429 arbitrantur.
1173 387 1243 428 Ex
1275 386 1347 428 illo
1380 391 1514 435 certe,

101 458 222 512 cujus
252 458 433 505 initium,
463 457 650 498 Obscura
675 463 877 512 poteram
907 457 984 498 tibi
1012 457 1163 505 dicere,
1187 456 1357 498 Seneca
1377 460 1513 510 pater,

101 527 172 567 lib.
195 527 221 567 i.
246 525 523 567 controvers.
545 525 589 566 2.
611 525 722 566 hunc
744 539 915 566 versum
939 525 1138 566 adducit:

312 616 418 654 Dum
437 616 551 654 timet
571 616 730 654 alterius
745 616 887 654 vulnus
906 616 1040 667 inepta
1058 615 1142 653 loci.

103 726 293 775 Servius,
312 726 354 766 in
378 725 540 781 Georg.
560 726 616 766 iv,
633 726 703 766 ubi
726 726 815 782 agit
830 727 883 767 de
901 725 1134 781 Eurydice,
1149 726 1252 766 citat
1269 739 1325 765 ex
1341 724 1512 772 Ovidi0‚

312 816 381 854 Bis
399 816 560 867 rapitur,
581 816 759 867 vixitque
778 816 911 860 semel,

101 927 214 981 quod
237 927 280 967 in
303 932 478 967 auctore
501 932 646 967 nostro
673 941 783 967 nunc
810 941 1019 980 nusquam
1043 932 1275 981 comparet.

160 1007 420 1048 Scholiastes
454 1013 578 1047 vetus
614 1007 785 1047 Horatii
818 1007 871 1047 ad
905 1007 976 1046 lib.
1012 1006 1055 1046 ii.
1090 1006 1175 1046 Od.
1212 1006 1265 1046 5:
1310 1011 1337 1027 ‘⁶
1364 1004 1514 1060 Gyges

100 1090 254 1116 nomen
284 1076 408 1130 pueri
436 1090 493 1116 ex
520 1075 658 1116 insula
681 1074 822 1116 Cnido
843 1074 1008 1115 Veneri
1041 1089 1184 1122 sacra;
1217 1073 1342 1129 hujus
1371 1080 1514 1114 autem

100 1145 222 1198 pueri
245 1144 608 1199 pulchritudinem
631 1144 778 1184 laudat
800 1144 929 1184 etiam
954 1143 1176 1184 Ovidius.”
1226 1142 1365 1197 Atqui
1385 1143 1427 1183 in
1448 1142 1513 1191 iis,

101 1227 198 1267 quae
220 1218 408 1260 exstant,
432 1211 580 1253 laudat
603 1212 765 1253 nullibi.

160 1281 464 1333 Quintilianus,
494 1281 566 1322 lib.
599 1281 671 1322 xii.
700 1296 793 1335 cap.
823 1281 903 1321 10:
939 1287 966 1303 “
993 1280 1080 1321 Sed
1117 1285 1381 1321 evanescunt
1409 1279 1513 1328 baec,

101 1356 231 1404 atque
266 1350 531 1391 emoriuntur
563 1350 880 1404 comparatione
911 1349 1146 1397 meliorum,
1182 1355 1230 1390 ut
1262 1349 1358 1390 lana
1386 1349 1518 1390 tincta

101 1419 200 1459 fuco
232 1419 337 1459 citra
367 1433 599 1472 purpuram
627 1418 796 1472 placet:
827 1424 869 1458 at
895 1418 930 1458 si
950 1418 1181 1458 contuleris
1203 1432 1297 1458 eam
1319 1418 1516 1465 lacernae,

103 1493 336 1541 conspectu
366 1486 553 1527 melioris
581 1487 799 1534 obruatur,
825 1493 872 1526 ut
894 1486 1079 1527 Ovidius
1101 1486 1198 1527 ait.''
1261 1486 1373 1538 Quae
1404 1486 1519 1527 nullo

103 1555 278 1610 negotio
305 1556 346 1596 in
381 1561 565 1596 metrum
594 1556 770 1597 redacta
798 1555 983 1596 iambum
1010 1555 1218 1610 tragicum
1251 1555 1452 1604 efficient,
1476 1561 1520 1595 et

103 1626 211 1666 duos
232 1624 639 1680 hendecasyllabos:

316 1731 372 1770 Ut
391 1731 479 1769 lana
499 1731 621 1769 tincta
640 1745 850 1782 purpuram
871 1731 966 1769 citra
985 1731 1110 1783 placet
1129 1747 1136 1768 :

314 1795 371 1833 At
391 1795 422 1833 si
442 1795 650 1833 contuleris
668 1809 752 1833 eam
772 1795 947 1840 lacernae,

313 1860 533 1910 Conspectu
553 1859 720 1897 melioris
738 1860 933 1897 obruatur.

105 1981 153 2022 In
182 1981 311 2022 Notis
343 1981 457 2021 enim
491 1981 544 2021 ad
580 1980 717 2034 Epist.
753 1980 796 2021 7.
825 1995 1093 2021 communem
1127 1996 1221 2022 esse
1257 1982 1446 2023 ultimam
1476 1983 1516 2023 in

101 2051 343 2099 contuleris,
378 2049 557 2098 dederis,
592 2049 840 2098 credideris,
877 2055 921 2090 et
953 2050 1157 2091 similibus
1192 2051 1394 2105 syllabam
1433 2066 1518 2092 mo-

105 2134 268 2160 nemus.

164 2188 347 2236 Seneca,
388 2186 666 2228 Controvers.
699 2187 768 2227 10.
800 2201 857 2227 ex
890 2187 1201 2228 declamatione
1235 2187 1382 2229 Ovidii
1416 2202 1517 2242 qua-

106 2258 201 2297 dam
230 2257 318 2297 haec
349 2256 568 2310 producit:
605 2262 631 2277 ‘⁶
658 2255 877 2309 Quicquid
905 2255 1058 2296 laboris
1087 2263 1167 2304 est,
1193 2257 1233 2297 in
1265 2256 1342 2298 hoc
1368 2263 1447 2305 est,
1474 2265 1520 2298 ut

106 2326 230 2366 uxori
254 2326 400 2373 virum,
426 2332 470 2366 et
492 2325 580 2365 viro
612 2339 787 2366 uxorem
819 2324 998 2379 diligere
1030 2326 1256 2366 concedas,
1323 2326 1517 2367 Necesse

105 2402 173 2436 est
201 2395 372 2443 deinde,
391 2395 538 2448 jurare
567 2394 803 2448 permittas,
830 2394 862 2433 si
894 2408 1035 2434 amare
1066 2394 1323 2448 permiseris.
1388 2394 1517 2445 Quod

106 2464 302 2504 habuisse
332 2478 407 2504 nos
435 2462 737 2517 jusjurandum
763 2462 918 2516 putas?
950 2468 995 2502 tu
1026 2462 1145 2503 nobis
1173 2462 1417 2517 religiosum
1445 2477 1517 2504 no-

107 2548 204 2574 men
239 2533 371 2573 fuisti.
432 2532 479 2572 Si
510 2532 799 2579 mentiremur,
824 2531 894 2572 illa
920 2531 998 2572 sibi
1028 2531 1180 2571 iratum
1210 2538 1374 2584 patrem
1402 2532 1518 2572 invo-

106 2602 233 2647 cavit,
259 2615 341 2656 ego
373 2614 582 2641 socerum.
635 2599 788 2648 Parce,
812 2606 959 2654 pater;
993 2613 1135 2654 parce,
1160 2614 1306 2647 socer;
1338 2614 1420 2640 non
1445 2615 1517 2654 pe-

103 2670 351 2724 jeravimus.
405 2669 520 2710 Ecce
540 2669 786 2724 objurgator
808 2676 964 2716 noster,
987 2683 1112 2723 quam
1135 2669 1355 2709 effraenato
1374 2683 1516 2709 amore

110 2739 266 2780 fertur!
310 2753 552 2793 quanquam
588 2752 683 2778 esse
720 2738 848 2779 filiam
890 2738 1104 2792 preceris;
1148 2752 1291 2778 carum
1329 2737 1515 2791 quidem,
