1809 3220
174 164 264 207 262

578 161 629 202 Ρ.
664 160 884 203 OVIDII
917 161 1204 204 NASONIS

178 280 332 329 Hunc
358 295 500 327 meus
526 278 752 342 implevit
777 294 1024 341 generoso
1049 279 1172 327 flore
1198 280 1438 338 maritus;

246 359 421 422 Atque
447 357 545 405 ait:
586 356 868 404 Arbitrium
893 365 966 413 tu,
995 357 1107 413 dea,
1136 357 1272 405 floris
1298 358 1446 407 habe.

176 444 328 508 Saepe
355 458 449 505 ego
476 441 702 505 digestos
726 441 860 488 volui
889 457 1153 490 numerare
1180 442 1404 499 colores3

243 521 354 569 Nec
382 519 553 585 potui:
596 536 806 568 numero
832 520 980 584 copia
1006 521 1165 584 major
1190 527 1314 568 erat.

174 598 400 647 Roscida
411 615 569 662 quum
582 598 800 661 primum
811 597 942 645 foliis
953 613 1173 645 excussa
1187 598 1474 662 pruinaest,
1496 600 1596 646 215

241 676 309 724 Et
333 677 481 725 variae
503 676 655 723 radiis
683 675 948 740 intepuere
969 691 1146 733 comae,

174 755 497 803 Conveniunt
523 754 675 818 pictis
702 753 935 801 incinctae
957 754 1186 801 vestibus
1216 753 1397 812 Horae3

240 833 405 897 Inque
431 834 567 880 leves
594 833 820 880 calathos
848 848 1058 880 munera
1083 839 1258 880 nostra
1283 833 1475 896 legunt.

170 911 412 960 Protinus
440 911 684 975 arripiunt
711 910 976 968 Charites3
1020 917 1341 974 nectuntque
1368 925 1596 966 coronas,

242 990 494 1054 Sertaque
520 989 754 1037 coelestes
780 987 1088 1052 implicitura
1114 1003 1304 1035 comas.

1499 992 1599 1036 220

170 1068 345 1116 Prima
369 1084 460 1132 per
485 1067 760 1115 immensas
788 1066 949 1131 sparsi
976 1082 1104 1114 nova
1129 1066 1326 1114 semina
1351 1073 1560 1130 gentes:

240 1145 406 1194 Unius
432 1147 582 1194 tellus
610 1153 727 1194 ante
755 1145 937 1193 coloris
964 1151 1089 1192 erat.

170 1225 345 1273 Prima
369 1224 685 1290 Therapnaeo
712 1224 809 1272 feci
835 1225 898 1272 de
925 1223 1171 1287 sanguine
1197 1223 1400 1272 florem:

239 1303 306 1351 Et
331 1310 502 1351 manet
526 1303 576 1349 in
601 1302 719 1350 folio
746 1302 936 1367 scripta
961 1301 1171 1366 querela
1199 1318 1306 1349 suo.

1463 1303 1564 1365 [tos
1583 1319 1592 1350 :

166 1380 244 1428 Tu
264 1397 472 1445 quoque
494 1397 678 1429 nomen
698 1381 857 1429 habes
879 1381 1062 1436 cultos,
1084 1379 1343 1436 Narcisse‚
1369 1395 1458 1444 per
1477 1379 1592 1427 hor-

238 1459 442 1516 Infelix,
472 1459 610 1523 quod
635 1476 735 1506 non
763 1459 891 1506 alter
918 1465 969 1505 et
995 1458 1120 1505 alter
1146 1458 1284 1506 eras!

166 1563 239 1596 vide
260 1565 436 1596 Graevium.
483 1565 597 1606 Itaque
617 1570 649 1595 et
668 1563 768 1606 ”Εργ.
788 1565 842 1595 73.

167 1624 241 1646 cum
272 1614 394 1646 Gratiis
432 1614 549 1645 adsunt
587 1613 627 1645 ad
660 1613 842 1645 Pandoram

167 1664 296 1696 floribus
311 1664 417 1695 vernis
434 1663 662 1695 coronandam.
699 1663 786 1702 Quin
803 1664 843 1694 ab

164 1713 203 1745 iis
224 1714 301 1756 ipsis
321 1713 525 1756 pulchritudo
546 1713 669 1745 Graecis
688 1713 776 1745 dicta
795 1722 844 1744 est

165 1763 246 1806 ὥρα.
294 1763 454 1795 Incedunt
471 1765 559 1804 pictis
576 1764 704 1794 restibus
724 1764 841 1794 incinc-

166 1819 213 1850 tae,
234 1819 269 1845 ut
291 1813 376 1856 apud
402 1812 568 1855 Orpheum
592 1812 701 1854 hymn.
723 1813 775 1843 42.
797 1813 838 1843 6:

168 1862 321 1900 πέπλους
337 1861 518 1905 ἐννύμεναι
536 1860 713 1904 ὃροσεροὺς
726 1860 842 1894 ἀνθῶν

166 1912 398 1956 πολυτέρπῶν.
446 1912 598 1943 Heinsius
615 1912 674 1943 hoc
691 1912 772 1948 loco,
789 1911 839 1942 in-

165 1963 268 2004 tellig.
290 1968 393 1993 vestes
416 1972 432 1992 e
458 1961 587 1993 floribus
612 1967 788 1998 contextas,
810 1967 842 1993 et

164 2017 229 2044 tres
244 2012 339 2043 MSS.
351 2012 471 2042 habent
480 2012 722 2053 pictis-fioribus.
742 2011 842 2053 Equi-

164 2062 236 2094 dem
253 2061 362 2093 malim
376 2061 416 2092 de
433 2061 573 2092 vestibus
590 2071 716 2103 capere,
731 2060 843 2103 quales

162 2112 195 2144 in
228 2111 345 2154 Cyprio
379 2110 531 2147 carmine,
562 2110 648 2153 quod
684 2111 840 2153 Neapolis

165 2161 322 2198 laudavit,
348 2159 581 2192 describuntur.
635 2160 685 2191 lbi
718 2160 839 2192 Gratiae

163 2217 267 2243 vestes
288 2210 388 2242 factas
407 2209 543 2252 ἔβαψαν
559 2210 595 2242 ἐν
615 2210 755 2242 ἄνθεσιν
776 2211 840 2242 εἰα-

161 2263 315 2305 ρινοῖσιν,
325 2260 380 2291 ubi
390 2259 517 2291 additur
528 2261 580 2291 οἶα
591 2259 721 2303 φοροῦσ’
729 2259 840 2304 τΩραι.

162 2312 268 2346 Leues,
287 2320 401 2352 nempe
422 2320 441 2340 a
461 2310 578 2342 vimine
598 2310 686 2342 lento
707 2317 810 2342 textos
828 2324 835 2350 ;

162 2362 206 2393 iv.
223 2361 298 2391 435.

205 2411 284 2442 221.
301 2409 421 2440 Merita
436 2409 549 2441 Florae.
581 2410 708 2441 Florum
726 2421 764 2443 ex
781 2411 837 2442 ho-

160 2459 300 2492 minibus
316 2465 462 2490 natorum
482 2460 675 2492 creationem
695 2461 753 2492 sibi
770 2462 836 2492 vin-

161 2511 260 2547 dicat,
287 2509 363 2552 quia
391 2510 460 2552 ejus
485 2520 582 2552 opera
608 2511 837 2543 intercesserat.

163 2562 345 2602 Therapnaeo
360 2562 397 2591 de
411 2562 631 2603 sanguineflos
645 2567 693 2592 est
706 2561 837 2604 hyacin-

160 2611 246 2648 thus,
277 2610 379 2641 factus
418 2620 456 2641 ex
495 2611 692 2653 Hyacinthe,
718 2612 836 2654 juvene

160 2660 418 2697 Lacedaemonio,
437 2671 534 2703 quem
558 2661 674 2704 Apollo
697 2662 756 2694 sibi
781 2673 834 2694 ca-

161 2711 319 2743 rissimum
345 2710 530 2754 imprudens
556 2711 645 2743 disco
669 2712 835 2755 percussit,

162 2768 194 2793 et
223 2761 254 2793 ‘m
284 2761 390 2793 florem
426 2762 646 2803 cognominem
680 2762 835 2801 mutavit3

1495 1460 1595 1506 226

916 1563 1053 1593 Metam.
1079 1573 1111 1592 x.
1144 1562 1217 1592 162.
1263 1562 1295 1593 Is
1323 1572 1394 1592 mox
1423 1562 1599 1603 Amyclides

914 1618 1056 1648 vocatur,
1078 1622 1149 1643 mox
1169 1612 1332 1649 OEbalides‚
1354 1622 1440 1643 nunc
1463 1612 1597 1653 Therap-

916 1673 997 1693 naeus
1036 1672 1054 1693 a
1091 1662 1279 1704 Therapnis,
1320 1662 1396 1693 urbe
1435 1662 1595 1700 Laconiae,

913 1722 1108 1754 quamquam
1134 1722 1218 1743 nunc
1237 1711 1367 1743 omnino
1385 1712 1594 1744 Lacedaemo-

912 1762 1000 1793 nium
1025 1772 1063 1793 eo
1093 1761 1221 1793 nominc
1246 1761 1380 1793 indicari
1404 1768 1495 1805 puto.
1543 1762 1596 1794 Ita

913 1811 1050 1843 Callisto
1075 1811 1177 1842 Arcas
1199 1821 1284 1842 nunc
1304 1811 1426 1854 Tegeaea
1450 1818 1592 1849 vocatur.

911 1872 996 1892 nunc
1017 1862 1178 1898 Marnalia,
1196 1871 1279 1892 nunc
1298 1861 1464 1893 Parrhasis
1481 1867 1512 1893 et
1529 1862 1593 1893 No-

912 1913 1066 1949 mic-rina,-
1092 1910 1165 1941 vide
1189 1909 1230 1941 ad
1251 1910 1284 1941 ii.
1304 1911 1375 1942 167.
1422 1910 1474 1942 Ita
1489 1922 1520 1941 v.
1536 1911 1592 1943 89.

912 1960 1061 1992 Evander
1081 1961 1266 1996 Nonacrius,
1280 1960 1335 2002 qui
1351 1959 1412 1991 fuit
1426 1960 1594 1992 Pallanteo

911 2015 1017 2049 ortus3
1034 2009 1107 2041 vide
1125 2016 1157 2041 et
1172 2009 1212 2040 ad
1228 2009 1249 2041 i.
1266 2011 1342 2041 478.
1389 2010 1440 2041 De
1458 2009 1591 2052 hyacin-

912 2059 966 2090 tho
995 2065 1139 2090 veterum
1168 2058 1290 2090 dictum
1323 2059 1365 2090 ad
1395 2059 1532 2091 Metam.
1560 2071 1593 2092 x.

909 2109 970 2139 211
986 2122 994 2147 3
1019 2109 1062 2140 ibi
1079 2119 1207 2151 quoque
1220 2109 1365 2140 Phoebus
1379 2120 1446 2140 snos
1460 2112 1593 2152 gemitus

898 2159 993 2201 soliis
1015 2160 1166 2196 inscribit,
1182 2166 1211 2190 et
1231 2161 1262 2190 αἱ
1281 2161 1313 2190 ai
1336 2159 1408 2190 Flos
1431 2160 1519 2191 habet
1542 2161 1591 2192 ‘in-

908 2212 1055 2249 scriptum
1073 2209 1266 2251 jimestaque
1293 2211 1385 2241 litera
1409 2212 1505 2242 ducta
1534 2217 1590 2243 ese.

910 2259 1100 2301 Intelligunt
1115 2259 1260 2290 nonnulli
1282 2259 1494 2302 Delphinium
1510 2259 1590 2303 Aja—

907 2308 952 2340 cis
966 2310 1052 2350 (eine
1064 2310 1124 2339 Art
1141 2309 1358 2350 Rittersporn)
1372 2309 1464 2352 cujus
1476 2309 1587 2341 folium

907 2358 1079 2390 candidum
1104 2359 1220 2400 figuras
1244 2358 1298 2390 AJ
1323 2360 1460 2391 caeruleo
1482 2359 1587 2391 colore

907 2409 1021 2447 refert:
1047 2408 1156 2440 confer
1171 2409 1308 2440 Metam.
1326 2408 1396 2440 xiii.
1414 2410 1490 2441 395.

951 2459 1026 2490 225.
1053 2458 1216 2490 Narcissus
1229 2458 1588 2502 Thespiensis,juvenis

907 2508 1149 2550 pulcherrimus,
1178 2519 1243 2539 suae
1281 2508 1382 2551 ipsius
1419 2509 1583 2551 imaginis,

907 2569 1004 2601 quam
1028 2559 1061 2590 in
1087 2559 1173 2590 fonte
1200 2558 1340 2601 quodam
1367 2564 1586 2602 conspexerat,

906 2608 1017 2640 insano
1042 2619 1147 2640 amore
1173 2613 1346 2651 correptuS,
1371 2615 1467 2651 atque
1492 2609 1583 2640 tabe·

905 2659 1022 2690 scendo
1039 2659 1072 2690 in
1086 2659 1195 2690 florem
1216 2658 1265 2690 sui
1282 2659 1419 2690 nominis
1438 2663 1582 2690 mutatus

904 2714 974 2747 est3
1001 2710 1139 2740 Metam.
1164 2709 1210 2740 iii.
1229 2710 1294 2741 339
1318 2720 1389 2752 sqq.
1434 2710 1526 2741 Alter
1551 2716 1581 2741 et

904 2760 984 2790 alter
1006 2765 1130 2801 argute,
1156 2765 1189 2791 tu
1214 2766 1247 2792 et
1268 2759 1294 2791 is
1319 2771 1415 2802 quem
1441 2761 1582 2799 amabas,
