1830 3220
232 191 290 232 *74

237 306 356 369 Ipse
385 304 526 351 Deus
549 302 696 349 velox
722 300 1001 346 discurrere
1027 296 1216 358 gaudet
1240 296 1291 342 in
1317 295 1431 343 altis

610 186 662 227 P.
694 182 911 227 OVIDII
945 180 1229 223 NASONIS

1546 296 1644 341 285

306 380 589 435 Montibus,
617 385 668 425 et
689 375 880 423 subitas
905 373 1127 421 concitat
1151 373 1234 420 ille
1260 373 1406 420 feras.

238 459 357 523 Ipse
386 458 525 505 Deus
551 456 715 503 nudus
739 453 901 500 nudos
921 452 1068 516 jubet
1087 451 1158 498 ire
1184 450 1466 498 ministros:

306 535 416 582 Nec
444 534 564 581 satis
586 533 649 580 ad
675 546 878 579 cursum
903 527 1170 576 commoda
1193 528 1348 576 vestis
1375 533 1498 575 erat.
1521 596 1524 597 γ

236 614 369 660 Ante
394 611 424 658 J
429 628 572 659 ovem
597 610 821 673 genitum
848 616 1004 655 terras
1032 606 1270 653 habuisse
1295 605 1523 652 feruntur

304 689 546 745 Arcades,
574 696 625 735 et
648 687 767 734 luna
792 701 916 748 gens
942 682 1074 747 prior
1100 683 1185 730 illa
1208 682 1317 730 fuit.

1551 683 1650 729 290

238 767 357 814 Vita
379 766 495 814 ferae
521 764 713 819 similis,
741 762 906 809 nullos
933 760 1121 823 agitata
1145 776 1235 823 per
1260 776 1380 806 usus
1401 776 1410 806 :

306 843 442 890 Artis
467 843 632 890 adhuc
658 855 842 904 expers
868 846 919 885 et
943 837 1065 884 rude
1092 837 1271 899 vulgus
1298 843 1466 884 erant:

239 921 340 969 Pro
365 921 597 968 domibus
622 918 823 966 frondes
850 922 1043 972 norant,
1072 931 1162 979 pro
1187 914 1413 978 frugibus
1435 913 1646 961 herbas:

311 998 500 1046 Nectar
524 1005 631 1046 erat
653 994 834 1060 palmis
859 994 1040 1040 hausta
1062 992 1258 1040 duabus
1285 1007 1446 1055 aqua:

244 1212 322 1243 ritus
344 1222 466 1248 causas,
483 1224 588 1244 cursus
609 1218 640 1243 et
662 1211 823 1244 nuditatis,
839 1209 920 1240 Nos-

245 1267 291 1292 ter
305 1267 428 1293 enarrat
445 1272 545 1303 usque
561 1261 601 1292 ad
617 1272 680 1292 ver.
695 1261 771 1292 380.
815 1260 919 1303 Ferre,

245 1310 375 1347 habere,
392 1318 427 1343 ut
450 1311 524 1342 alibi
546 1317 664 1353 gestare
685 1322 808 1351 corpora
830 1321 918 1342 mem-

247 1362 311 1393 bra.
361 1361 450 1392 I'elox
465 1361 603 1392 solemne
620 1360 716 1391 Panis
738 1361 920 1402 epitheton;

248 1410 359 1441 Horat.
394 1410 422 1440 I.
461 1409 523 1441 Od.
561 1410 636 1440 xvii.
666 1411 694 1440 l.
740 1410 921 1442 Secundum

248 1459 372 1495 Silium,
401 1459 464 1489 xiii.
496 1460 570 1490 327.
599 1459 694 1490 currit
730 1463 749 1476 “
767 1460 918 1501 pendenti

240 1507 370 1538 similis.
408 1509 470 1539 Vix
483 1508 548 1539 ulla
561 1507 735 1539 inscribens
747 1514 835 1539 terrae
848 1520 918 1540 ves-

250 1556 329 1598 tigia
350 1558 486 1588 cornu.'’
536 1559 686 1593 Com-irat,
701 1564 737 1588 ut
758 1557 826 1588 Liv.
843 1558 920 1589 xxii.

254 1607 304 1636 17.
321 1611 342 1623 “
361 1607 478 1648 majore
493 1612 580 1637 metu
600 1607 760 1638 concitant
775 1618 808 1638 se
823 1608 854 1639 in
870 1608 918 1639 fu-

250 1655 365 1697 gam.''
412 1655 507 1687 Illam
544 1656 640 1687 Panis
677 1657 920 1688 concitationem

249 1705 400 1736 describit
425 1706 532 1737 Valer.
547 1706 634 1736 Flac.
650 1707 770 1747 Argon.
791 1707 836 1738 iii.
860 1709 921 1742 562

249 1759 271 1772 “
287 1753 438 1796 pavidum
453 1755 647 1796 praesepibus
671 1755 772 1786 aufert
787 1758 921 1798 pecus‚''

251 1810 283 1834 et
298 1803 385 1839 facit,
402 1811 437 1835 ut
452 1809 473 1822 “
486 1804 609 1846 profugi
630 1810 773 1836 sternant
796 1805 925 1838 dumeta

247 1853 415 1895 juvenci.''
461 1854 511 1886 Cf.
541 1854 641 1896 Orph.
666 1854 697 1884 h.
721 1855 762 1886 X.
788 1855 842 1886 vii.
869 1858 923 1888 23.

253 1903 376 1939 Subitae,
404 1903 480 1944 quia.
512 1903 617 1935 subito
647 1903 838 1935 excitantur.
881 1907 923 1937 Et

251 1951 412 1982 excitabat
427 1951 509 1983 feras
520 1962 537 1983 e
551 1952 710 1984 cubilibus
723 1963 827 1985 comes
842 1955 922 1987 Dia-

252 2011 314 2032 nae.
364 2001 531 2037 Ministros,
547 2011 659 2043 nempe
675 2011 846 2033 sacrorum.
883 2005 922 2035 In

251 2049 355 2080 verbis
378 2061 433 2080 nec
454 2052 539 2086 satis,
563 2056 625 2081 etc.
646 2051 747 2093 prima
770 2052 923 2085 nuditatis

252 2108 360 2129 causa.

297 2148 481 2178 289—302.
502 2147 649 2179 Secunda
661 2158 759 2180 causa
771 2150 923 2183 nuditatis

254 2208 271 2228 e
290 2197 428 2227 ruditate
442 2197 612 2238 priscorum
626 2196 790 2229 Arcadum
806 2200 922 2240 repeti-

254 2253 315 2278 tur.
361 2247 402 2276 Et
423 2246 455 2276 in
476 2246 620 2287 pluribus
640 2247 736 2277 sacris
756 2248 834 2279 ritus
855 2249 923 2290 qui-

255 2296 330 2326 dam
364 2295 397 2326 in
431 2295 613 2326 memoriam
647 2296 733 2327 rudis
760 2299 926 2329 vetustatis

256 2344 346 2376 culti.
391 2345 472 2374 Ante
485 2345 598 2381 Jovem,
615 2350 676 2376 etc.
723 2345 774 2377 De
796 2346 854 2377 hac
871 2358 926 2378 an-

256 2394 404 2435 tiquitate
430 2393 604 2429 Arcadum.
631 2395 703 2425 vide
734 2396 774 2426 ad
801 2397 822 2426 i.
849 2398 925 2428 469.

257 2443 443 2474 Aristoteles
457 2450 645 2480 narraverat,
656 2445 804 2476 barbaros
815 2447 854 2477 ab
868 2446 926 2477 ini-

256 2491 300 2523 tio
320 2491 491 2523 Arcadiam
514 2492 663 2528 tenuisse,
679 2503 793 2535 eosque
814 2497 924 2537 expul-

257 2552 307 2573 sos
316 2551 382 2572 esse
393 2542 432 2572 ab
444 2541 623 2572 Arcadibus
633 2547 717 2579 ante,
726 2553 821 2584 quam
834 2545 926 2575 Luna

259 2591 412 2629 oriretu13
451 2591 555 2621 Schol.
585 2591 734 2633 Apollon.
771 2592 814 2624 iv.
847 2595 924 2625 264.

258 2641 357 2671 Erant
380 2639 553 2681 Pelasgicae
580 2640 684 2682 stirpis
711 2647 743 2672 et
771 2641 826 2673 diu
853 2650 925 2675 ante

258 2689 486 2720 Deucalionem
506 2689 678 2721 Arcadiam
702 2691 860 2728 habebant,
878 2692 924 2723 in-

257 2737 415 2769 colebant.
461 2738 585 2775 Noster,
609 2746 680 2770 ante
708 2740 810 2771 Jovem
836 2743 923 2783 geni—

991 1214 1076 1244 tum5
1114 1217 1250 1249 namque
1287 1207 1380 1238 Rhea
1414 1206 1448 1237 in
1477 1205 1656 1242 Parrhasio,

989 1262 1095 1288 monte
1112 1257 1270 1293 Arcadiae,
1289 1259 1308 1289 J
1312 1268 1402 1288 ovem
1419 1256 1577 1299 peperisse
1593 1262 1659 1287 tra-

989 1307 1134 1338 debatur.
1181 1307 1209 1336 F
1209 1319 1259 1338 era
1279 1308 1355 1344 vita,
1369 1304 1661 1348 ferina,9nptu'13ng,

990 1357 1094 1400 qualis
1116 1357 1286 1388 multarum
1307 1356 1450 1398 gentium
1474 1355 1657 1398 antiquissi-

990 1418 1111 1438 marum
1128 1406 1224 1438 fuisse
1239 1406 1382 1437 traditur.
1428 1406 1574 1437 Arcades
1588 1405 1658 1448 qui·

990 1456 1061 1488 dem
1079 1456 1152 1487 inde
1169 1457 1350 1499 quercubus
1365 1455 1485 1492 nati,in
1500 1456 1659 1498 specubus

987 1506 1142 1542 habitare,
1159 1511 1191 1536 et
1208 1505 1376 1547 glandibus
1393 1505 1476 1537 vesci
1490 1505 1573 1537 soliti
1589 1516 1658 1536 esse

987 1556 1186 1587 dicebantur.
1234 1555 1318 1586 Vide
1333 1555 1493 1597 Heynium
1508 1556 1540 1586 in
1554 1555 1658 1597 Opus-

988 1605 1052 1636 cul.
1075 1605 1176 1636 Acad.
1202 1611 1278 1636 tom.
1302 1605 1335 1636 ii.
1351 1616 1382 1646 p.
1399 1607 1474 1637 343.
1519 1607 1660 1648 Agitare,

992 1666 1096 1696 agere.
1143 1655 1204 1686 Per
1220 1656 1320 1685 nullos
1336 1666 1416 1691 usus,
1433 1655 1499 1686 sine
1521 1666 1661 1687 commo-

993 1705 1053 1741 dis,
1069 1716 1140 1746 quae
1156 1711 1239 1736 artes
1252 1705 1393 1747 praebent
1407 1704 1481 1736 vitae
1497 1704 1659 1737 humanae.

993 1754 1077 1787 Vide
1093 1754 1235 1786 Cortium
1252 1754 1292 1785 ad
1305 1755 1436 1786 Sallust.
1473 1755 1545 1787 Cat.
1560 1755 1663 1786 xlviii.

993 1806 1012 1835 2
1026 1817 1034 1844 ς
1057 1804 1154 1835 Diod.
1169 1803 1231 1835 Sic.
1248 1804 1333 1836 dicto
1349 1805 1430 1841 loco,
1441 1804 1580 1847 μηδενὸς
1595 1809 1663 1839 τῶν

995 1855 1079 1896 πρὸς
1092 1854 1170 1894 βίον
1186 1854 1359 1896 χρησίμων
1374 1854 1567 1897 ἐυρημένου.

1037 1905 1112 1935 293.
1143 1904 1172 1934 F
1174 1905 1291 1939 rondes,
1317 1914 1399 1935 casae
1426 1915 1464 1936 ex
1489 1905 1662 1938 frondibus.

991 1953 1042 1984 Cf.
1057 1954 1191 1984 Metam.
1205 1953 1226 1983 i.
1241 1954 1313 1985 121.
1326 1953 1366 1985 de
1381 1960 1530 1995 argentea
1545 1960 1641 1987 aetate
1654 1969 1661 1987 :

991 2006 1014 2021 “
1029 2002 1141 2034 domus
1157 2009 1248 2034 antra
1269 2002 1406 2040 fuerunt,
1422 2004 1465 2034 Et
1486 2003 1575 2036 densi
1596 2004 1660 2036 fru-

991 2052 1070 2083 tices
1092 2057 1124 2082 et
1143 2051 1258 2082 vinctae
1282 2052 1397 2084 cortice
1419 2052 1552 2094 virgae.'‘
1600 2054 1663 2086 Pro

980 2102 1133 2143 frugibus
1172 2102 1287 2132 herbas.
1342 2101 1560 2134 comedebant
1596 2106 1665 2136 τῶν

990 2150 1125 2192 φύλλων
1151 2151 1190 2181 τὰ
1219 2150 1265 2182 ἔτι
1293 2151 1407 2192 χλωρὰ
1433 2153 1487 2183 καὶ
1512 2152 1609 2190 πόας,
1632 2159 1666 2185 et

990 2199 1056 2230 alia
1067 2199 1186 2241 corpori
1203 2199 1308 2230 noxia.
1336 2200 1496 2231 Succurrit
1510 2201 1557 2233 his
1572 2203 1663 2234 malis

994 2248 1158 2290 PelasguS,
1184 2248 1347 2280 Arcadum
1376 2259 1441 2285 rex,
1471 2251 1525 2291 qui
1555 2250 1664 2283 docuit

991 2299 1050 2335 τὰς
1058 2297 1229 2338 βαλάνους
1238 2301 1300 2337 τῆς
1309 2300 1425 2340 φηγοῦ,
1435 2301 1561 2341 τροφὴν
1570 2300 1665 2334 εἶναι.

993 2347 1178 2384 Pausanias,
1189 2347 1254 2379 viii.
1268 2359 1300 2390 p.
1317 2349 1379 2380 599
1389 2359 1398 2386 ;
1421 2358 1555 2390 quarum
1572 2350 1664 2392 glan-

994 2396 1081 2427 dium
1112 2408 1186 2427 usus
1215 2396 1290 2428 inde
1326 2397 1597 2439 frequentissimus
1630 2401 1663 2432 in

994 2445 1146 2477 Arcadia.
1191 2446 1282 2477 Idem
1309 2447 1465 2488 Pelasgus
1496 2448 1604 2480 docuit
1632 2456 1665 2482 et

994 2497 1119 2527 tunicas
1136 2495 1250 2527 facere.
1282 2496 1334 2527 De
1351 2498 1448 2528 herbis
1461 2498 1609 2530 comestis
1623 2500 1666 2531 cf.

995 2546 1121 2582 Noster,
1136 2545 1177 2576 iv.
1194 2547 1277 2583 395;
1310 2546 1380 2577 Art.
1395 2546 1506 2578 Amat.
1520 2547 1555 2578 ii.
1577 2549 1642 2581 475
1655 2562 1663 2588 3

995 2601 1026 2625 et
1047 2594 1155 2626 Amor.
1176 2595 1239 2626 ῘΙΙ.
1262 2607 1294 2626 x.
1322 2597 1376 2626 10:
1411 2597 1513 2628 Glans
1536 2605 1615 2635 erat,
1635 2606 1665 2630 et

994 2646 1091 2674 teneri
1115 2646 1232 2684 cespitis
1255 2645 1354 2676 herba.
1403 2646 1529 2683 Nectar,
1551 2652 1613 2679 etc.
1632 2654 1665 2680 et

993 2692 1065 2724 vino
1081 2694 1243 2730 carebant,
1258 2699 1290 2725 et
1305 2695 1438 2736 poculis.
