1809 3220
224 175 311 217 470
625 175 674 216 Ρ.
711 174 929 217 OVIDII
962 175 1248 220 NASONIS

224 290 378 346 Quid,
406 291 447 338 si
474 307 572 338 non
599 297 743 355 aptas
771 292 929 340 solem
955 292 1266 356 fugientibus
1292 296 1514 352 umbras,

289 369 521 416 Finditur
547 369 708 418 Icario
735 387 892 434 quum
919 388 1045 420 cane
1072 380 1220 429 terra,
1249 374 1461 422 darem?

220 447 374 503 Quid,
403 446 499 494 nisi
525 448 799 511 suffugium
827 449 1024 497 nimbos
1049 451 1323 498 vitantibus
1352 467 1535 508 essem,

286 525 402 572 Non
429 534 728 590 exspectata
753 544 911 591 quum
937 529 1076 576 venit
1100 529 1262 577 imber
1287 529 1456 594 aqua?
1541 532 1636 577 120

216 602 404 650 Omnia
418 619 575 667 quum
592 603 789 662 faciam,
802 622 961 669 quum
983 614 1220 671 praestem
1238 608 1415 656 sedula
1429 607 1628 656 cunctis

284 681 538 739 Officium,
568 683 704 731 saxis
731 684 955 732 officiosa
980 692 1140 749 petor.

212 759 336 808 Haec
364 760 484 808 mihi
513 778 786 826 perpessae,
815 763 1003 810 domini
1031 764 1272 828 patienda
1297 765 1505 827 querela
1530 771 1625 813 est.

279 843 448 892 Causa
473 845 678 901 habeor,
705 862 860 910 quare
888 846 951 894 sit
976 846 1234 911 lapidosus
1261 863 1396 910 ager.
1533 851 1626 896 124

210 920 449 986 Dumque
475 931 714 988 repurgat
729 925 956 981 humum,
975 927 1293 990 collectaque
1310 942 1434 974 saxa
1453 927 1625 975 remit-

278 1004 491 1070 Semper
512 1007 703 1055 habent
728 1008 779 1055 in
804 1026 885 1057 me
912 1009 1015 1057 tela
1040 1016 1216 1074 parata
1240 1010 1347 1057 viae.
1522 1011 1622 1074 [tit,

207 1081 343 1146 Ergo
371 1084 530 1132 invisa
556 1085 680 1142 aliis,
709 1086 794 1132 uni
821 1087 943 1134 mihi
970 1086 1153 1151 frigora
1177 1095 1416 1151 prosunt:

275 1161 368 1210 Illo
394 1179 474 1211 me
500 1170 661 1211 tutam
688 1171 916 1229 tempore
944 1172 1152 1230 praestat
1176 1165 1354 1213 hiems.
1455 1167 1621 1229 [esse3

204 1239 358 1288 Nuda
394 1242 600 1305 quidem
637 1250 757 1291 tune
797 1261 938 1302 sum;
983 1244 1171 1292 nudam
1204 1250 1375 1291 tamen
1414 1244 1624 1308 expedit

270 1318 319 1365 N
324 1335 382 1367 ee
409 1321 627 1384 spolium
652 1322 715 1369 de
741 1339 838 1379 me,
868 1323 1005 1386 quod
1040 1330 1196 1387 petat,
1226 1322 1386 1370 hostis
1413 1322 1583 1370 habet.

199 1396 270 1444 At
292 1397 441 1445 simul
468 1399 723 1447 induimus
750 1401 934 1448 nostris
960 1417 1051 1448 sua
1076 1417 1286 1448 munera
1309 1399 1480 1457 ramis,
1525 1403 1613 1448 131

270 1476 408 1525 Saxa
431 1495 585 1526 novos
611 1478 803 1526 fructus
830 1480 1074 1542 grandine
1100 1480 1245 1544 plura
1270 1486 1467 1544 petunt.

197 1552 429 1603 Forsitan
455 1556 535 1604 hic
563 1556 746 1620 aliquis
773 1557 937 1606 dicat:
974 1574 1087 1622 quae
1114 1558 1321 1621 publica
1345 1564 1574 1621 tangunt,

266 1632 489 1698 Carpere
514 1650 815 1683 concessum
841 1643 946 1684 est:
989 1637 1083 1684 hoe
1109 1636 1188 1683 via
1207 1635 1336 1700 juris
1363 1636 1534 1683 habet.

242 1779 312 1810 117.
327 1780 421 1811 Solem
438 1782 633 1822 vitantibus]
662 1783 736 1813 Nou
753 1782 867 1819 solum,

192 1828 307 1872 inquit,
334 1831 496 1862 fructifera
526 1837 558 1862 et
583 1831 734 1872 innoxia3
759 1843 867 1864 verum

191 1879 288 1911 etiam
309 1880 379 1912 aliis
403 1881 505 1912 modis
526 1882 694 1913 commoda
715 1893 783 1914 sum
801 1883 866 1914 via—

192 1930 249 1960 tori
264 1930 430 1963 :videlicet
445 1932 503 1963 sub
516 1932 660 1963 umbram
673 1943 776 1964 meam
790 1943 866 1964 con-

190 1978 282 2020 fugit,
299 1991 396 2022 quum
421 1992 482 2012 non
508 1981 620 2012 tolerat
643 1987 754 2013 aestum
780 1982 864 2020 solis,

188 2034 243 2060 aut
259 2040 354 2071 quum
366 2032 424 2062 sub
440 2031 494 2062 dio
509 2031 613 2063 subito
628 2032 738 2063 oborta
753 2031 862 2075 pluvia

187 2079 366 2120 occupavit.
388 2081 522 2112 Eimsm.

236 2129 306 2160 118.
338 2129 488 2161 Findilur
516 2130 619 2161 Icario
656 2143 750 2171 quum
786 2143 861 2163 cane

187 2180 370 2221 terra‚etc.]
388 2180 499 2217 Sirius,
513 2180 578 2212 sive
594 2181 762 2223 προκύων,
774 2182 858 2224 quod

185 2227 226 2259 sit
242 2227 272 2259 in
289 2230 393 2272 capite
408 2231 521 2268 stellae,
538 2242 609 2273 quae
630 2233 714 2262 canis
733 2231 858 2263 dicitur.

185 2278 329 2310 Produnt
355 2280 437 2312 hunc
468 2282 564 2313 fuisse
590 2282 736 2313 comitem
763 2282 858 2319 Icari,

184 2329 240 2369 qui
264 2329 383 2361 domini
408 2342 519 2373 corpus
540 2331 690 2362 exstincti
710 2331 856 2374 prodide—

184 2378 244 2417 rit3
274 2380 359 2421 quod
390 2381 450 2423 ipsi
478 2381 616 2411 officium
645 2381 749 2412 locum
777 2382 858 2413 inter

184 2428 287 2460 sidera
303 2431 428 2462 meruit.
455 2432 585 2462 IenAsm.

231 2480 302 2510 124.
328 2481 429 2512 Causa
455 2481 591 2522 habeon]
617 2481 736 2512 Tibull.
753 2481 810 2512 lib.
828 2482 855 2512 I.

183 2527 274 2570 Eleg.
294 2528 339 2560 iii.
362 2531 419 2561 17:
447 2534 468 2547 “
486 2530 553 2561 Aut
574 2540 632 2571 ego
654 2541 722 2560 sum
748 2542 854 2561 cansa-

183 2585 240 2615 τηε,
258 2589 330 2610 aves
346 2579 424 2611 dant
440 2579 545 2610 omina
559 2579 639 2615 dira,
656 2580 782 2611 Saturni
800 2586 854 2611 aut

179 2639 300 2660 sacram
330 2640 380 2660 me
412 2629 550 2661 tenuisse
581 2628 705 2659 diem.'’
754 2630 853 2660 Causa

180 2679 288 2709 habeor
316 2691 409 2719 qnare
431 2681 468 2710 sit
501 2681 651 2720 lapidosus
680 2691 766 2721 ager.
826 2680 852 2710 Ε

178 2727 330 2769 conjectis
344 2728 375 2759 in
393 2740 504 2760 nucem
520 2728 617 2760 saxis.

225 2778 295 2808 126.
325 2778 445 2818 Semper
474 2780 581 2809 habent
614 2780 643 2808 in
680 2789 734 2813 me,
765 2779 846 2819 οἱα]

936 1783 1022 1814 Saxa
1051 1781 1121 1814 scil.
1151 1793 1223 1824 quae
1250 1780 1398 1812 dominus
1428 1781 1506 1823 agri,
1536 1780 1612 1813 dum

936 1838 1098 1874 repurgat,
1118 1831 1150 1862 in
1166 1832 1249 1863 viam
1267 1830 1412 1862 remittit.

983 1883 1057 1914 131.
1085 1882 1148 1913 Sua
1174 1893 1327 1919 munera,⁸
1352 1881 1385 1912 id
1407 1886 1455 1912 est
1479 1880 1611 1912 fructus.

935 1932 984 1963 M.

983 1982 1053 2013 132.
1069 1982 1233 2013 Grandine
1247 1981 1369 2022 μίμνω]
1395 1981 1609 2024 Hyperbolice

933 2031 1010 2063 dicit
1024 2044 1031 2070 ;
1056 2032 1141 2074 quod
1155 2031 1260 2063 Graeci
1278 2029 1483 2072 χαλαζηδόν.

979 2083 1049 2113 133.
1085 2081 1229 2112 Forsitan
1259 2082 1307 2112 hic
1345 2082 1455 2122 aliquis
1489 2079 1602 2122 dicat]

929 2131 1023 2169 Quod
1046 2130 1106 2162 sibi
1132 2130 1226 2173 objici
1250 2135 1365 2172 posset,
1382 2130 1527 2162 confutat
1551 2141 1606 2162 ex-

926 2181 1050 2223 emplis.
1074 2182 1154 2218 Quae
1168 2180 1359 2222 cujusquam
1371 2179 1509 2211 civitatis
1520 2181 1601 2222 pub-

927 2230 989 2262 lica
1014 2236 1099 2267 sunt,
1122 2231 1280 2262 communi
1312 2230 1465 2266 omnium,
1484 2230 1538 2272 qui
1561 2241 1599 2262 ex

926 2281 1039 2312 eadem
1063 2287 1136 2311 sunt
1159 2280 1300 2316 civitate,
1316 2278 1388 2311 usui
1409 2279 1601 2312 deserviunt.

928 2330 1003 2362 Nux
1029 2331 1124 2372 igitur
1150 2330 1181 2360 in
1206 2329 1338 2372 publica
1356 2329 1406 2361 via
1431 2329 1491 2361 sita
1515 2340 1600 2361 com-

927 2381 1032 2411 munis
1048 2386 1107 2416 est,
1125 2390 1163 2411 ex
1177 2390 1240 2422 qua
1255 2390 1364 2411 omnes
1378 2379 1446 2422 ejus
1461 2379 1600 2411 civitatis

927 2431 1069 2462 homines
1086 2431 1206 2461 fructus
1221 2440 1333 2471 capere
1355 2435 1499 2472 possunt.
1537 2431 1598 2461 Eo-

925 2480 996 2512 dem
1021 2491 1115 2512 sensu
1137 2486 1210 2511 sunt
1229 2479 1285 2511 illa
1301 2479 1463 2511 Ciceronis
1481 2479 1560 2511 libro
1577 2480 1599 2512 i.

925 2530 964 2562 de
982 2531 1107 2562 Offic.“
1125 2529 1242 2567 Multa,
1258 2532 1370 2571 inquit,
1388 2535 1462 2561 sunt
1474 2529 1597 2562 civibus

924 2579 1005 2611 inter
1020 2591 1052 2612 se
1069 2580 1268 2611 communia:
1295 2580 1407 2616 forum,
1426 2579 1509 2617 sana,
1526 2591 1598 2623 por-

922 2629 1017 2667 ticus,
1035 2629 1106 2666 viae,
1127 2629 1251 2672 leges,''
1271 2636 1334 2661 etc.
1385 2629 1514 2661 Publica
1539 2640 1596 2661 au-

922 2684 982 2710 tem
1000 2686 1031 2711 et
1043 2679 1381 2710 c‹›1mn11niainterdum
1394 2679 1479 2721 apud
1493 2679 1595 2712 Juris-

920 2730 1079 2761 consultos
1095 2728 1311 2760 confunditur.
1338 2728 1433 2760 Cior.

967 2779 1038 2810 134.
1062 2779 1126 2809 1100
1137 2778 1253 2819 juria]
1280 2778 1331 2809 Sic
1348 2777 1438 2819 Eleg.
1455 2777 1481 2808 Ι.
1498 2776 1552 2807 lib.
1569 2776 1590 2807 i.
