1809 3220
199 174 287 217 4234

535 177 626 217 ΑΙ)
660 175 897 218 LIVIAM
929 176 1291 219 AUGUSTAM

203 291 271 339 Et
295 293 500 341 tandem
527 293 753 357 trepidos
778 294 972 351 vultus;
1005 294 1160 359 inque
1187 297 1273 344 illa
1297 295 1525 345 ferocum

273 370 451 419 Invitis
476 372 711 419 lacrimas
738 372 975 421 decidere
1002 390 1088 421 ora
1115 375 1276 437 genis.

1529 375 1629 421 276

206 449 424 514 Spiritus
452 449 535 497 ille
562 450 754 505 minax,
778 458 829 498 et
857 451 1010 499 Drusi
1035 460 1199 501 morte
1226 454 1494 518 superbus,

273 527 514 576 Carnifici
541 529 591 576 in
619 536 800 577 moesto
825 545 1028 579 carcere
1055 531 1254 579 dandus
1281 532 1392 581 erit.

204 606 512 664 Consistam,
541 608 777 671 laetisque
800 609 979 666 oculis,
1010 610 1284 675 lentusque
1310 610 1494 658 videbo

274 686 446 734 Strata
472 703 560 751 per
586 687 851 735 obscaenas
878 705 1089 752 corpora
1110 690 1246 737 nuda
1264 690 1388 738 vias.

1528 692 1629 737 280

204 764 356 813 Hunc
383 765 580 814 Aurora
605 766 758 822 diem,
788 769 1084 832 spectacula
1109 776 1251 817 tanta
1275 769 1537 825 ferentem,

271 843 438 899 Quam
466 844 684 909 primum
713 846 905 894 croceis
931 846 1132 895 roscida
1157 856 1324 912 portet
1349 847 1514 912 equis·

205 921 387 987 Adjice
417 923 644 979 Ledaeos,
673 925 945 972 concordia
971 926 1153 983 sidera,
1181 926 1389 984 fratres3

271 1001 590 1066 Templaque
622 1002 854 1051 Romano
881 1005 1245 1069 conspicienda
1268 1005 1391 1054 foro.

201 1079 368 1135 Quam
395 1097 548 1145 parvo
576 1097 812 1129 numeros
840 1083 1069 1147 implevit
1093 1084 1340 1149 principis
1365 1101 1488 1141 aevo,
1528 1087 1627 1132 285

272 1159 332 1207 In
358 1160 573 1225 patriam
601 1160 794 1209 meritis
820 1163 1169 1227 occubuitque
1196 1180 1353 1211 senex
1375 1163 1384 1211 !

201 1239 312 1288 Nec
340 1256 432 1288 sua
456 1240 755 1304 conspiciet,
776 1241 1016 1290 miserum
1043 1243 1151 1291 me!
1181 1259 1392 1291 munera
1407 1242 1625 1299 Drusus,

272 1317 383 1366 Nec
404 1336 497 1367 sua
524 1336 614 1384 pro
641 1321 819 1385 templi
847 1322 1053 1370 nomina
1077 1322 1240 1370 fronte
1258 1322 1422 1386 leget!

204 1397 354 1462 Saepe
384 1398 537 1454 Nero,
566 1399 892 1458 illacrimans,
911 1401 1168 1449 submissa
1186 1418 1309 1449 voce
1334 1401 1601 1464 loquetur:

273 1476 379 1524 Cur
405 1478 532 1525 adeo
559 1478 755 1535 fratreS,
783 1479 911 1528 heu!
953 1481 1061 1529 sine
1086 1480 1256 1537 fratre,
1287 1479 1461 1528 Deos?
1527 1482 1628 1528 290

203 1556 390 1604 Certus
417 1574 528 1605 eras
555 1575 833 1622 nunquam,
863 1559 958 1607 nisi
978 1561 1153 1618 victor,
1185 1560 1371 1617 Druse,
1393 1558 1592 1608 reverti.

269 1635 394 1684 Haec
421 1644 471 1684 te
497 1637 781 1686 debuerant
806 1646 1066 1703 tempora:
1107 1639 1267 1687 victor
1293 1655 1421 1687 eras.

242 1736 318 1766 280.
342 1735 450 1766 Strata
486 1747 541 1776 per·
576 1737 723 1767 obscoenas
755 1748 881 1777 corpora

197 1786 283 1816 nuda
297 1786 386 1827 vias.]
408 1787 480 1817 Mos
495 1793 562 1818 erat
575 1787 749 1818 occisorum
761 1786 793 1817 in
810 1799 878 1819 car-

196 1845 267 1866 cere
298 1847 428 1879 corpora
457 1837 545 1868 nuda
572 1837 658 1868 foede
681 1837 792 1880 projici
822 1849 879 1880 per

196 1885 264 1917 vias
282 1886 412 1925 vicinas,
429 1898 501 1930 quae
518 1887 590 1919 ideo
607 1890 754 1925 obscaenae,
769 1887 801 1919 id
817 1895 875 1926 est,

195 1936 278 1968 male
299 1937 446 1968 ominosae
470 1937 693 1969 habebantur:
721 1949 875 1970 memora-

195 1992 309 2029 turque
337 1998 356 2018 a
382 1988 495 2025 Dione,
520 1988 598 2019 lviii.
624 1994 669 2020 tot
697 1988 778 2020 inter
802 2000 873 2031 quae

195 2037 302 2080 Sejani
341 2045 473 2070 mortem
511 2039 748 2081 portenderent,
789 2040 874 2082 quod

196 2088 276 2119 servi
293 2089 373 2131 ejus,
392 2099 429 2120 eo
445 2088 512 2131 ipso
532 2089 583 2120 die
601 2100 663 2131 quo
685 2096 798 2132 captus
815 2096 873 2127 est,

196 2138 228 2169 in
253 2139 336 2170 viam
359 2139 546 2171 diverterint
570 2151 640 2182 quae
666 2140 806 2172 ducebat
833 2141 873 2172 ad

195 2199 365 2226 carcerem,
378 2189 525 2232 lapsique
541 2189 718 2221 ceciderint
734 2201 788 2232 per
803 2201 872 2222 sca-

195 2238 241 2269 las
257 2239 440 2271 Gaemonias
456 2240 699 2271 descendentes.

239 2291 316 2321 283.
347 2292 455 2331 Adjice
487 2291 616 2327 Ledaem,
643 2294 805 2322 concordia
834 2295 873 2323 si—

194 2340 441 2382 deru,j'r11tres.]
467 2345 490 2358 “
513 2341 572 2372 His
593 2341 682 2381 (Tib.
700 2346 732 2372 et
749 2342 869 2378 Drus.)

191 2390 255 2422 scio
294 2390 442 2432 equidem
480 2391 602 2422 nullum
643 2391 742 2427 aliud,
773 2403 870 2434 quam

192 2441 332 2472 Castoris
362 2447 393 2472 et
427 2441 579 2478 Pollucis,
606 2442 768 2484 specimen
797 2453 870 2474 con-

191 2491 372 2533 sanguineae
392 2491 557 2523 charitatis
574 2492 800 2523 convenienter
815 2493 870 2524 ad-

185 2540 243 2584 jici
264 2541 389 2584 posse.’'
430 2541 502 2572 val.
527 2542 617 2573 Max.
636 2554 667 2572 v.
684 2545 715 2573 5.
754 2543 871 2575 Putida

192 2591 260 2622 haec
276 2591 406 2633 quidem
427 2591 592 2630 adulatio;
617 2597 742 2623 constat
762 2598 868 2624 tamen

190 2640 351 2672 Tiberium
387 2641 574 2673 Concordiae
611 2649 642 2673 et
680 2642 867 2674 Ledaeorum

191 2691 276 2723 aedes
291 2691 493 2728 instaurasse,
507 2702 627 2734 suoque
642 2699 674 2723 et
690 2692 785 2724 Drusi
804 2692 864 2723 fra-

190 2741 244 2772 tris
255 2741 392 2778 nomine,
403 2742 479 2773 licet
489 2742 646 2779 defuncti,
658 2741 864 2785 inscripsisse,

188 2797 220 2824 ut
251 2791 411 2828 amicitiae,
438 2803 509 2834 quae
533 2791 618 2823 vivos
645 2792 864 2835 conjunxerat,

951 1748 1131 1768 mansuram
1149 1737 1234 1780 apud
1251 1744 1392 1781 posteros
1412 1737 1529 1768 samam
1549 1747 1626 1768 con-

950 1793 1100 1819 secraret.
1148 1788 1200 1818 De
1220 1787 1277 1819 illa
1300 1787 1410 1830 templi
1428 1786 1628 1824 Concordiae,

949 1837 1036 1879 quod
1061 1837 1135 1868 olim
1162 1837 1275 1869 Furius
1300 1844 1442 1874 voverat,
1471 1837 1628 1869 instaura-

948 1886 1032 1918 tione
1055 1888 1198 1919 meminit
1220 1899 1348 1931 quoque
1364 1887 1501 1920 Ovidius
1515 1889 1627 1920 Fasto-

947 1947 1015 1968 rum
1033 1938 1114 1969 libro
1130 1939 1150 1969 i.
1168 1939 1230 1969 637
1247 1949 1317 1981 sqq.

989 1989 1065 2020 285.
1092 1988 1191 2023 Quam
1216 2001 1310 2029 parvo
1329 2001 1470 2020 numeros
1490 1991 1627 2030 implevit

943 2040 1093 2079 principis
1115 2039 1211 2080 aevo!]
1240 2039 1414 2082 Eleganter
1441 2039 1625 2077 admodum,

944 2100 1000 2131 pro
1018 2101 1024 2119 z
1065 2100 1161 2132 quam
1204 2090 1292 2121 brevi
1330 2101 1484 2121 annorum
1521 2090 1624 2133 spatio

944 2139 1091 2182 princeps
1111 2140 1232 2171 exstitit
1246 2140 1385 2171 numeris
1400 2140 1547 2172 omnibus
1567 2141 1624 2172 ab·

943 2190 1086 2221 solutus!
1114 2190 1293 2222 Numerum
1315 2190 1505 2233 adimplevit
1523 2191 1622 2223 virtu-

942 2246 1022 2277 tum,
1039 2251 1112 2282 quae
1128 2241 1303 2283 principem
1321 2241 1500 2274 absolvunt.

987 2291 1062 2321 290.
1096 2290 1161 2321 Cur
1190 2292 1263 2321 adeo
1282 2291 1418 2332 fratres,
1448 2291 1529 2322 heu!
1556 2293 1622 2323 sine

930 2339 1052 2380 „fi-atre,
1072 2341 1149 2372 Deos
1161 2341 1188 2382 J]
1204 2341 1312 2372 Verba
1323 2348 1397 2372 sunt
1412 2341 1545 2378 Tiberii.
1560 2341 1619 2374 do-

942 2389 1036 2421 lentis
1062 2391 1148 2432 quod
1173 2392 1241 2422 sine
1263 2391 1369 2428 fratre,
1393 2391 1471 2423 Deos
1483 2391 1620 2434 frutra,

941 2440 1046 2477 adeat,
1063 2441 1152 2472 Cast.
1166 2448 1198 2472 et
1213 2442 1338 2473 Polluc.
1354 2442 1387 2473 in
1402 2442 1504 2474 aedem
1522 2454 1620 2486 quam

940 2489 1016 2532 ipsis
1043 2491 1186 2523 dicabat.
1231 2492 1349 2524 Sensus
1371 2492 1466 2535 plane
1496 2493 1620 2531 obvius,

940 2547 972 2571 et
988 2541 1122 2572 affectus
1137 2541 1265 2583 quidem
1283 2541 1506 2574 dulcissimus:
1533 2544 1619 2576 unde

940 2601 1000 2621 non
1017 2591 1108 2622 video
1124 2591 1201 2635 quid
1225 2592 1421 2635 Scaligerum
1442 2592 1616 2637 impulerit,

940 2647 974 2671 ut
999 2640 1139 2682 legeret:
1166 2647 1187 2659 “‘
1204 2642 1270 2674 Cur
1292 2642 1384 2680 adeo,
1403 2643 1510 2681 frater,
1532 2643 1613 2676 heu!

937 2690 1003 2722 sine
1016 2692 1110 2724 fratre
1127 2698 1181 2724 tuo
1196 2704 1230 2725 es
1244 2693 1279 2724 'P’

980 2743 1166 2774 291-292,
1207 2744 1318 2775 Certus
1346 2755 1413 2776 eras
1443 2757 1612 2786 nunquam,

935 2793 994 2822 nisi
1012 2795 1118 2828 victor,
1133 2793 1213 2834 etc.]
1234 2793 1360 2830 Fixum,
1379 2793 1611 2838 immotumque
