1809 3220
201 181 288 225 198
583 182 636 224 Ρ.
672 182 888 224 OVIDII
925 182 1212 226 NASONIS

201 299 312 348 Illic
339 315 593 364 purpurea
617 315 773 348 canus
799 316 914 348 cum
941 307 1082 349 veste
1109 301 1348 349 sacerdos

265 378 495 426 Almonis
521 377 777 426 dominam
803 394 1051 444 sacraque
1077 379 1198 427 lavit
1222 379 1386 443 aquis.
1516 382 1616 428 340

198 456 480 505 Exululant
504 457 732 513 comites,
760 456 1050 523 furiosaque
1074 457 1198 506 tibia
1223 458 1371 506 fiatur
1392 476 1403 516 ;

267 534 334 582 Et
358 534 544 583 feriunt
569 535 746 583 molles
771 544 948 584 taurea
972 543 1114 599 terga
1140 551 1337 584 manus.

200 612 417 661 Claudia
441 613 701 678 praecedit,
729 614 844 662 laeto
869 614 1201 662 celeberrima
1223 614 1362 662 vultu
1388 632 1399 671 ;

267 691 477 739 Credita
502 692 584 739 vix
611 692 816 740 tandem
842 699 973 740 teste
1000 693 1187 757 pudica
1215 692 1344 740 Dea.

196 767 318 834 Ipsa
344 770 527 818 sedens
556 771 780 834 plaustro
806 779 951 835 porta
977 779 1056 820 est
1080 772 1280 820 invecta
1306 770 1550 836 Capena;

265 847 584 912 Sparguntur
602 850 794 913 junctae
821 849 943 898 flore
969 858 1172 898 recente
1199 851 1371 898 boves.
1514 850 1613 897 346

199 925 389 974 Nasica
414 926 643 990 accepit;
685 928 862 992 templi
888 935 1009 976 tunc
1036 927 1235 976 exstitit
1261 935 1452 976 auctor.

263 1003 527 1067 Augustus
554 1021 687 1052 nunc
714 1013 820 1063 est;
864 1014 979 1054 ante
1007 1006 1250 1054 Metellus
1275 1013 1401 1054 erat.

199 1082 441 1130 Substitit
468 1082 548 1131 hic
577 1082 730 1131 Erato
753 1100 763 1132 z
805 1100 944 1132 mora
969 1085 1043 1142 fit,
1072 1085 1114 1132 si
1141 1092 1328 1132 caetera
1353 1099 1594 1149 quaeram.

267 1161 382 1218 Dic,
411 1162 636 1226 inquam,
666 1179 820 1227 parva
845 1180 934 1211 cur
959 1163 1091 1228 stipe
1118 1170 1313 1227 quaerat
1337 1162 1498 1227 opes?
1517 1163 1617 1209 350

239 1377 314 1408 345.
350 1378 471 1418 Capena
502 1385 590 1418 porta
621 1389 670 1415 ea,
705 1379 789 1410 unde
823 1379 873 1410 via

194 1426 303 1469 Appia
323 1426 513 1459 ducebatur.
563 1427 656 1459 Boves
671 1429 764 1471 jungi
791 1430 871 1461 sole-

194 1477 273 1508 bant
303 1477 401 1508 Matri
431 1477 549 1508 Deum.
602 1478 752 1521 Orpheus
784 1479 869 1521 hym.

193 1526 263 1557 xiii.
294 1527 326 1557 2.
358 1527 411 1558 ubi
441 1528 648 1569 ταυροφόρον
673 1528 769 1570 ἅμμα
793 1530 872 1570 ejus.

195 1577 385 1618 Defloribus
404 1577 519 1619 sparsis
538 1578 715 1614 Lucretius,
735 1578 767 1609 ii.
783 1579 845 1609 627
864 1591 870 1609 :

195 1631 216 1644 “
230 1626 376 1669 Ningunt
391 1637 530 1658 rosarum
548 1627 702 1663 Floribus,
720 1629 868 1659 umbran-

194 1681 243 1707 tes
272 1676 411 1707 Matrem
447 1677 662 1718 comitumque
693 1678 870 1709 catervas.''

193 1726 377 1757 Secundum
399 1725 538 1763 Livium,
559 1726 646 1758 xxix.
672 1728 720 1758 14.
739 1727 775 1758 P.
792 1729 869 1759 Cor-

193 1776 258 1812 nel,
274 1776 392 1818 Scipio,
408 1775 592 1807 adolescens
609 1777 747 1808 nondum
766 1788 869 1820 quaes-

193 1826 301 1862 torius,
318 1837 412 1868 quem
429 1826 528 1857 virum
545 1827 696 1858 bonorum
713 1828 866 1870 optimum

192 1877 226 1907 in
254 1882 320 1907 tota
348 1887 416 1908 esse
442 1876 572 1907 civitate
597 1876 782 1918 judicarant
808 1878 867 1919 (ad

193 1927 364 1964 ver.255.)
378 1936 450 1958 cum
471 1926 617 1957 omnibus
636 1928 789 1959 matronis
811 1929 866 1959 ob-

193 1976 264 2007 vius
287 1976 331 2006 ire
352 1976 458 2018 jussus
485 1976 576 2011 Deae,
604 1976 729 2017 signum
755 1978 823 2020 ejus
849 1989 867 2009 a

192 2026 410 2058 sacerdotibus
425 2030 553 2067 accepit,
568 2027 746 2069 extulitque
757 2028 789 2059 in
804 2034 866 2059 ter-

192 2087 271 2108 ram.
298 2076 461 2107 Perlatum
478 2083 526 2107 est
541 2076 572 2107 in
587 2076 688 2107 aedem
705 2078 867 2114 Victoriae,

192 2137 265 2170 quae
302 2131 371 2157 erat
409 2126 441 2157 in
480 2126 616 2162 Palatio,
655 2126 755 2168 pridie
791 2127 869 2159 Idus

192 2175 324 2219 Aprilis,
340 2175 429 2218 isque
444 2175 513 2207 dies
527 2175 625 2207 festus
643 2176 710 2208 fuit.
749 2177 867 2209 Lectis-

191 2226 329 2258 ternium
352 2231 384 2257 et
405 2225 472 2257 ludi
495 2226 592 2262 fuere,
610 2225 787 2267 Megalesia
811 2238 866 2269 ap-

191 2275 322 2319 pellata.
367 2275 462 2306 Anno
479 2286 546 2317 seq.
570 2275 618 2306 M.
640 2276 788 2307 Cornelio
806 2277 866 2308 Ce-

190 2326 297 2368 thego,
328 2326 366 2356 P.
395 2325 579 2367 Sempronio
603 2325 762 2357 Tuditano
784 2337 866 2358 coss.

192 2376 293 2407 aedem
305 2375 333 2406 ei
343 2374 522 2406 faciendam
532 2386 570 2406 ex
583 2383 711 2406 senatus
723 2377 867 2408 consulto

191 2425 376 2457 locaverunt
403 2435 558 2460 censores,
590 2435 686 2466 quam
713 2426 865 2458 tredecim

193 2474 284 2506 annis
297 2480 368 2517 post
379 2473 540 2504 dedicavit
555 2474 724 2505 M.Junius
738 2476 866 2507 Brutus.

191 2524 275 2557 Ludi
290 2524 331 2555 ob
345 2534 415 2555 eam
432 2523 667 2554 dedicationem
684 2523 770 2559 facti,
787 2534 867 2565 quos

190 2574 308 2618 primos
329 2573 471 2604 scenicos
492 2571 599 2608 fuisse,
621 2572 738 2603 Antias
759 2580 867 2604 auctor

191 2624 316 2662 fuerat3
342 2621 522 2664 Megalesia
537 2621 718 2664 appellata;
747 2622 866 2659 Livius,

191 2673 301 2706 xxxvi.
313 2674 366 2705 36.
392 2672 507 2713 Templi
520 2673 635 2702 exstitit
646 2677 766 2702 auctor.
791 2672 864 2703 For-

192 2730 275 2756 tasse
302 2733 340 2755 eo
369 2728 497 2754 auctore
531 2728 659 2753 senatus
688 2721 866 2753 consultum

191 2773 310 2806 factum
347 2778 395 2804 est
430 2772 470 2803 de
507 2771 626 2814 templo
665 2772 865 2805 exstruendo.

942 1382 1101 1421 Augustus
1120 1378 1160 1411 de
1181 1389 1214 1410 se
1239 1378 1306 1420 ipse
1328 1378 1360 1409 in
1382 1379 1475 1409 Mon.
1495 1376 1615 1419 Ancyr.

940 1435 959 1446 “
973 1430 1089 1461 Elidem
1118 1428 1231 1460 Matris
1261 1429 1391 1469 Magnae
1427 1427 1459 1458 in
1489 1426 1616 1458 Palatio

940 1478 1039 1510 seci.''
1067 1479 1227 1510 Metellum
1240 1489 1250 1514 ,·
1261 1483 1340 1520 puto
1354 1478 1388 1508 L.
1400 1476 1613 1508 Metell.Dal-

939 1530 1091 1561 maticum
1114 1528 1259 1571 intelligi,
1277 1538 1331 1559 an.
1348 1528 1388 1559 U.
1406 1527 1444 1560 C.
1458 1528 1535 1558 634.
1549 1536 1615 1558 cos.

939 1580 1151 1621 eumdemque
1167 1589 1340 1615 censorem,
1358 1589 1378 1609 a
1392 1588 1456 1620 quo
1471 1583 1504 1609 et
1518 1576 1616 1620 porti-

939 1640 996 1661 cus
1010 1636 1038 1660 et
1057 1630 1198 1662 Castoris
1213 1628 1299 1660 aedes
1315 1633 1487 1660 exstructa.
1510 1626 1616 1659 Caete-

938 1691 1006 1710 rum
1019 1679 1059 1711 de
1076 1681 1113 1711 P.
1130 1678 1288 1721 Scipione,
1304 1678 1370 1709 viro
1384 1677 1515 1720 optimo,
1527 1687 1619 1708 sacra

938 1729 994 1760 illa
1018 1729 1227 1760 sanctissimis
1253 1728 1400 1759 manibus
1423 1726 1614 1770 accipiente,

938 1778 1011 1810 vide
1040 1779 1240 1815 Ciceronem,
1273 1778 1412 1820 Harusp.
1446 1777 1508 1816 133
1549 1776 1615 1808 Va·

937 1829 1049 1860 lerium
1069 1829 1160 1860 Max.
1177 1828 1233 1859 vii.
1252 1830 1290 1866 55
1316 1827 1382 1859 viii.
1402 1828 1462 1866 15;
1485 1826 1613 1864 Silium,

938 1879 1014 1909 xvii.
1030 1881 1061 1910 5.

981 1930 1057 1960 350.
1082 1929 1195 1969 Stipem
1210 1927 1257 1958 vir
1273 1926 1433 1969 Phrygius
1447 1931 1481 1958 et
1500 1925 1614 1958 mulier

936 1979 1088 2020 Phrygia,
1128 1979 1232 2010 Deam
1272 1977 1543 2013 circumferentes,
1580 1982 1613 2008 et

935 2027 1160 2069 imagunculas
1198 2027 1317 2069 pectori
1355 2026 1505 2068 alligatas
1540 2036 1612 2068 ges—

936 2084 1051 2113 tames,
1062 2078 1255 2119 colligebant
1265 2089 1273 2116 ;
1287 2075 1372 2119 quod
1382 2076 1507 2119 proprio
1517 2076 1613 2108 verbo

934 2129 1196 2170 μητραγυρνεῖν,
1211 2127 1252 2158 de
1275 2136 1339 2169 quo
1358 2125 1432 2158 vide
1455 2126 1612 2158 Ruhnke-

937 2179 1024 2209 nium
1049 2178 1089 2209 ad
1113 2177 1225 2208 Timaei
1241 2177 1349 2209 Gloss.
1364 2187 1440 2219 pag.
1457 2176 1490 2208 6.
1535 2176 1608 2208 Me-

937 2228 1029 2259 minit
1050 2229 1167 2259 Noster
1190 2228 1287 2270 hujus
1305 2229 1391 2268 stipis
1408 2225 1506 2258 etiam
1527 2225 1554 2258 I.
1569 2236 1609 2258 ex

938 2278 1040 2309 Ponto
1055 2278 1075 2308 i.
1089 2278 1142 2308 40.
1158 2277 1211 2308 ubi
1229 2277 1336 2308 addit:
1356 2281 1379 2294 “
1392 2275 1487 2308 Unde
1503 2281 1611 2308 tamen

938 2328 1034 2364 vivat,
1051 2327 1238 2359 vaticinator
1254 2327 1388 2358 habet.’'
1434 2327 1508 2357 Non
1529 2326 1610 2358 adeo

936 2388 1060 2416 par-mm
1085 2377 1173 2408 illam
1197 2376 1310 2418 stipem
1335 2375 1412 2407 facit
1432 2374 1610 2412 Lucretius,

937 2427 970 2458 ii.
989 2429 1073 2459 626:
1099 2432 1120 2444 “
1137 2428 1214 2459 AEre
1244 2433 1342 2468 atque
1370 2431 1502 2467 argento
1530 2432 1608 2458 ster-

936 2482 1016 2507 nunt
1029 2477 1089 2508 iter
1104 2486 1196 2508 omne
1209 2475 1345 2512 viarum,
1355 2474 1513 2516 Largifica
1526 2474 1610 2517 stipe

935 2525 1107 2557 ditantes.'’
1152 2525 1216 2556 Sed
1238 2530 1322 2556 errat
1345 2524 1493 2560 Ovidius,
1511 2533 1608 2566 quum

935 2575 1009 2607 inde
1025 2577 1134 2607 danda
1152 2577 1239 2615 stipis
1258 2585 1370 2605 morem
1388 2575 1530 2605 mansisse
1547 2573 1610 2612 ait;

935 2626 1051 2657 etenim
1065 2625 1210 2668 ἀγείρειν
1221 2625 1298 2666 θεῷ,
1306 2624 1420 2666 stipem
1431 2624 1504 2659 Deo
1514 2622 1610 2654 alicui

935 2674 1096 2718 colligere,
1111 2674 1283 2707 admodum
1307 2674 1447 2706 solemne
1470 2679 1550 2710 erat,
1572 2679 1611 2705 ut

935 2731 1068 2768 apparet
1081 2734 1098 2756 e
1116 2724 1302 2756 Ruhnkenii
1318 2723 1406 2755 dicto
1420 2723 1502 2755 loco.

1784 3039 1809 3215 ·*.·;.5¹r.s(=.
1792 2947 1809 3027 .·.,.-.
1797 2928 1803 2934 .
1804 2864 1809 2881 ι,
