1830 3220
574 176 925 219 FASTORUM
958 176 1080 218 LIB.
1114 177 1198 218 IV.

1512 177 1598 220 219

183 295 327 358 Rege
355 294 539 350 Numa,
567 294 731 342 fructu
759 310 858 341 non
884 293 1222 358 respondente
1248 292 1423 349 labori,

251 372 624 436 Irritadecepti
649 379 766 419 vota
785 371 998 420 colentis
1025 378 1183 419 erant.

182 450 315 498 Nam
341 450 490 497 modo
517 449 683 497 siccus
710 456 817 496 erat
844 449 1024 512 gelidis
1055 450 1376 512 aquilonibus
1404 465 1592 506 annus3

250 528 401 575 Nunc
428 544 546 591 ager
572 527 775 575 assidua
796 527 1088 574 luxuriabat
1114 544 1262 590 aqua.

183 605 332 670 Saepe
360 605 518 653 Ceres
545 606 718 669 primis
745 605 1006 652 dominum
1032 604 1240 652 fallebat
1265 604 1314 651 in
1342 603 1541 661 herbis3

249 683 316 731 Et
341 683 464 731 levis
490 683 699 730 obsesso
726 683 895 730 stabat
921 698 1080 730 avena
1105 682 1241 730 solo:

1498 683 1594 728 646

182 761 250 809 Et
274 778 431 826 pecus
457 768 574 809 ante
600 761 734 810 diem
760 768 936 825 partus
962 761 1146 808 edebat
1171 760 1409 817 acerbos;

247 839 499 904 Agnaque
526 840 782 887 nascendo
810 856 946 904 saepe
973 839 1191 887 necabat
1216 855 1376 887 ovem.

182 917 320 965 Silva
341 924 502 975 vetus,
533 918 775 981 nullaque
802 917 889 964 diu
913 917 1098 965 violata
1122 917 1302 973 securi,

250 995 448 1051 Stabat,
477 994 715 1043 Maenalio
741 1011 884 1042 sacra
909 995 1084 1043 relicta
1111 995 1238 1044 Deo.

1496 996 1594 1074 650

180 1073 275 1122 Ille
300 1074 455 1122 dabat
480 1074 649 1122 tacitis
676 1074 842 1122 animo
868 1091 1112 1138 responsa
1137 1074 1310 1138 quieto

249 1152 499 1200 Noctibus
521 1170 531 1201 ε
572 1153 652 1201 hic
680 1154 907 1217 geminas
934 1169 1023 1201 rex
1051 1152 1222 1200 Numa
1246 1156 1436 1198 mactat
1457 1165 1591 1197 oves.

180 1230 353 1278 Prima
376 1230 514 1278 cadit
540 1231 740 1289 Fauno;
784 1231 885 1278 leni
911 1232 1050 1278 cadit
1075 1231 1231 1278 altera
1259 1229 1448 1276 Somno
1472 1245 1481 1276 :

249 1309 502 1356 Sternitur
526 1308 575 1355 in
602 1309 727 1356 duro
752 1301 912 1356 vellus
940 1316 1210 1372 utrumque
1239 1308 1361 1355 solo.

222 1424 299 1454 644.
324 1423 408 1465 Ager
429 1424 551 1454 assidua
578 1424 753 1453 luxuriabat
773 1435 851 1464 aqua

177 1479 283 1516 posset
299 1484 378 1510 esse,
392 1474 432 1504 ob
449 1483 566 1514 aquarn
589 1473 747 1504 assiduam
763 1484 850 1515 sege.-

176 1529 224 1555 tes
244 1530 381 1555 oneralae
398 1523 562 1555 fertilitate
578 1524 830 1566 procumbebant
844 1536 850 1562 ;

176 1573 312 1609 Plinius,
331 1573 459 1604 XVIII.
476 1574 550 1604 xliv.
564 1575 595 1604 2.
642 1574 760 1605 Verum
777 1574 851 1605 huic

177 1624 261 1654 malo
287 1623 426 1654 succurri
451 1622 606 1665 potuisset
626 1623 852 1664 depascen‹lo;

177 1673 295 1715 Virgil.
311 1673 427 1715 Georg.
444 1673 465 1704 i.
486 1674 556 1704 112.
588 1674 671 1714 Ergo
689 1674 852 1705 Iulian-iare

177 1735 267 1764 aqna,
297 1723 395 1754 nimia
434 1734 526 1765 aquae
563 1723 654 1764 copia
692 1724 851 1754 laborare:

178 1775 314 1804 harmies
327 1784 418 1804 omne
431 1773 562 1803 nimium
579 1785 586 1811 ;
614 1772 748 1808 Plinius,
762 1773 806 1804 ix.
828 1775 852 1804 l.

177 1825 311 1855 humoris
340 1824 476 1854 [uiui-ia.
523 1824 604 1860 Quae
643 1823 688 1854 sic
726 1823 853 1865 plenam

177 1883 311 1904 messem
327 1873 570 1916 pollicebantur,
583 1883 621 1904 ea
631 1873 706 1904 coeli
723 1873 853 1905 humore

178 1923 416 1965 degenerabant
432 1923 465 1954 in
481 1935 607 1955 avenam
628 1923 778 1954 folliculis
798 1934 852 1954 va-

178 1973 267 2012 cuis3
297 1973 434 2009 Plinius,
464 1973 594 2004 XVIII.
622 1972 698 2004 xvii.
729 1974 756 2003 l.
802 1974 853 2004 De

177 2035 274 2054 avena
289 2022 346 2053 illa
362 2024 419 2054 levi
441 2028 496 2054 aut
517 2022 605 2053 inani
626 2022 698 2054 vide
722 2022 794 2053 intt.
813 2023 853 2053 ad

177 2072 360 2114 Virgilium,
383 2072 502 2114 Georg.
526 2072 550 2103 i.
575 2073 646 2104 154.
668 2072 722 2103 ubi
744 2073 850 2114 itgf'elia

176 2123 282 2153 lolium
302 2128 334 2153 et
354 2123 471 2154 steriles
485 2133 586 2153 avenoe
607 2121 852 2164 conjunguntur.

178 2173 284 2204 Stabat
302 2173 410 2204 obsesso
429 2174 499 2209 solo,
516 2173 621 2203 stabat
636 2172 693 2208 sic,
708 2177 744 2202 ut
760 2182 852 2203 omne

176 2222 277 2253 solum
307 2222 464 2264 repletum
494 2227 626 2253 teneret.
673 2222 808 2253 Acerbus
833 2232 851 2251 a

177 2271 277 2314 pomis
301 2271 479 2302 immaturis
504 2271 693 2302 translatum
722 2271 760 2301 ad
790 2271 852 2302 alia

178 2321 359 2357 immatura,
375 2321 528 2363 (Nonius,
548 2320 590 2352 iv.
616 2320 686 2358 41.)
711 2331 794 2352 nunc
811 2321 851 2351 ad

175 2378 285 2414 partus
305 2372 472 2403 immature
493 2371 607 2403 editos.
652 2372 714 2402 Sed
739 2371 783 2402 ita
804 2382 851 2402 re-

176 2421 319 2452 dundare
350 2421 474 2452 videtur
507 2428 579 2453 ante
612 2423 701 2452 diem.
747 2422 853 2452 Possis

176 2472 272 2514 igitur
287 2473 541 2513 putare,acerbos
557 2472 677 2503 dictum
694 2482 749 2513 pro
765 2482 851 2502 acer-

177 2524 220 2558 be,
245 2522 338 2564 cujus
359 2522 605 2564 explicationem
629 2521 661 2552 in
687 2532 776 2552 versu
800 2532 850 2552 se-

176 2571 288 2615 quenti
318 2573 444 2603 uecabat
473 2572 601 2602 habeat.
655 2571 769 2602 Malim
800 2577 849 2602 ta-

177 2632 251 2653 men
269 2627 379 2664 partus
397 2621 502 2663 pecori
524 2621 648 2653 dolores
672 2620 852 2652 adferentes

177 2671 370 2713 intelligere.

221 2723 297 2753 649.
327 2722 430 2752 Locus
453 2732 501 2763 sq.
526 2720 644 2763 pendet
667 2731 685 2751 a
706 2719 851 2760 Virgilio,

180 2772 257 2802 AEn.
274 2770 329 2802 vii.
346 2771 385 2802 81
403 2781 476 2813 sqq.
493 2770 544 2801 ubi
559 2780 654 2811 prope
671 2769 851 2801 Albuneam

922 1422 1023 1459 lucus,
1039 1422 1071 1453 in
1087 1433 1150 1464 quo
1166 1421 1265 1452 Fauni
1280 1419 1403 1452 fatidici
1420 1418 1595 1455 oraculum,

922 1483 941 1504 a
967 1484 1029 1515 quo
1054 1479 1164 1515 gentes
1190 1472 1281 1503 Italae
1307 1470 1412 1502 dubiis
1440 1470 1473 1500 in
1503 1469 1596 1500 rebus

921 1534 1070 1566 responsa
1106 1523 1272 1566 petebant,
1308 1521 1352 1551 ita
1390 1519 1530 1562 quidem,
1561 1526 1597 1549 ut

921 1572 1011 1604 caesis
1022 1573 1134 1603 ovibus
1147 1572 1204 1602 sub
1221 1575 1313 1602 nocte
1329 1568 1446 1606 silenti,
1458 1568 1595 1611 pellibus

920 1624 1109 1654 incubarent
1128 1621 1244 1658 stratis,
1259 1619 1446 1661 somniaque
1467 1628 1597 1660 exspec-

921 1678 1036 1704 tarent.
1084 1672 1135 1703 De
1163 1682 1202 1702 ea
1227 1682 1259 1702 re
1282 1670 1412 1702 verbum
1435 1668 1595 1711 proprium

922 1723 1077 1757 incubare,
1091 1721 1316 1764 ἐγκοιμᾶσθαι.
1341 1720 1454 1750 Silvam
1467 1729 1596 1754 sacram,

922 1779 956 1803 ut
970 1772 1034 1808 hic,
1053 1772 1098 1803 sic
1115 1771 1212 1802 etiam
1229 1771 1309 1801 Met.
1326 1769 1373 1800 iii.
1393 1770 1447 1799 28.
1461 1768 1596 1799 circum-

922 1821 1080 1864 loquitur3
1106 1821 1178 1852 vide
1198 1820 1241 1851 ibi
1264 1824 1381 1850 notam.
1431 1817 1597 1848 Maenalius

925 1872 1020 1907 Dens,
1052 1873 1194 1907 Faunus,
1225 1880 1321 1912 quem
1349 1868 1465 1910 passim
1493 1873 1595 1909 poetae

924 1921 1028 1952 Latini
1040 1932 1113 1952 cum
1132 1921 1232 1956 Pane,
1245 1919 1316 1950 Deo
1330 1917 1506 1954 Arcadum,
1522 1927 1596 1948 con-

922 1971 1074 2002 fundunt.
1119 1971 1170 2001 De
1193 1971 1303 2000 Fauno
1324 1974 1428 1999 autem
1450 1967 1523 1998 vide
1547 1966 1595 1997 iii.

923 2023 966 2053 84
982 2027 1014 2053 et
1028 2023 1088 2052 291
1105 2032 1174 2063 sqq.
1191 2031 1255 2062 quo
1271 2020 1340 2050 loco
1357 2017 1470 2060 etipse
1485 2017 1596 2048 Numa

922 2072 951 2103 ei
976 2081 1065 2103 sacra
1089 2071 1177 2102 facit.
1225 2071 1334 2100 Animo
1361 2070 1460 2109 quieto
1488 2066 1596 2098 dativo

922 2132 1010 2158 casu,
1028 2120 1140 2152 animis
1157 2118 1403 2162 quiescentibus,
1419 2117 1451 2147 in
1467 2115 1596 2147 somnis.

922 2172 1029 2201 Somno
1051 2171 1147 2201 etiam
1173 2170 1338 2200 Romanos
1360 2177 1451 2198 sacra
1473 2165 1596 2202 fecisse,

922 2221 995 2252 hinc
1035 2220 1190 2251 videmus.
1236 2218 1332 2249 Nunc
1362 2217 1470 2248 Numa
1508 2215 1597 2252 facit,

922 2270 998 2313 quia
1014 2270 1046 2300 in
1062 2268 1179 2301 somnis
1199 2268 1361 2299 oraculum
1377 2266 1597 2309 exspectabat.

950 2320 1134 2351 654-660.
1147 2317 1210 2356 Qui
1218 2317 1340 2349 somnia
1351 2317 1594 2359 exspectabant,

923 2369 969 2401 ita
992 2380 1025 2401 se
1053 2379 1231 2411 praeparare
1255 2367 1410 2403 solebant,
1438 2372 1473 2397 ut
1499 2365 1596 2396 absti-

923 2425 1035 2450 nerent
1072 2419 1112 2449 ab
1149 2417 1306 2453 omuibus,
1344 2427 1415 2458 quae
1455 2421 1595 2446 ventrem

922 2479 1064 2510 gravare,
1080 2467 1244 2509 sanguinis
1264 2471 1386 2497 motum
1406 2465 1596 2500 accelerare,

922 2524 1018 2560 atque
1044 2517 1246 2561 phantasiam
1283 2515 1423 2547 excitare
1456 2520 1596 2557 possent,

920 2579 937 2600 a
964 2568 1100 2604 Venere,
1127 2568 1167 2598 ab
1194 2578 1253 2598 usu
1281 2565 1436 2601 carnium,
1462 2571 1528 2595 tum
1559 2568 1595 2594 ut

921 2629 1006 2661 aqua
1021 2618 1095 2649 viva
1115 2628 1148 2649 se
1165 2617 1322 2648 lavarent.
1368 2615 1452 2647 Vide
1474 2612 1594 2646 Potteri

921 2667 1082 2700 Arehaeol.
1108 2667 1128 2698 i.
1157 2677 1232 2709 pag.
1264 2667 1339 2697 682.
1367 2665 1444 2696 edit.
1474 2663 1593 2695 Ramb.

922 2719 974 2750 De
990 2719 1129 2760 fontana
1150 2729 1230 2758 aqua
1259 2716 1331 2747 vide
1361 2715 1401 2746 ad
1429 2725 1492 2746 ver.
1520 2715 1595 2745 778.

926 2768 1094 2805 lammam,
1122 2768 1199 2810 quia
1220 2773 1287 2798 tum
1309 2765 1446 2797 nondum
1474 2763 1596 2796 tonderi
