1830 3220
552 190 904 233 FASTORUM
940 189 1062 231 LIB.
1097 189 1163 231 ΙΙ.
1511 191 1568 230 59

140 307 417 357 Postmodo
444 308 719 356 creduntur
744 307 907 373 spatio
933 307 1178 355 distantia
1202 307 1351 369 longo

205 386 461 452 Tempora
485 387 562 435 bis
589 385 731 451 quini
757 385 1084 434 continuasse
1111 384 1236 432 Viri.

139 464 453 513 PRINCIPIO
478 464 685 520 mensis,
709 463 946 528 Phrygiae
967 462 1280 511 contermina
1306 460 1478 518 Matri,
1499 463 1562 508 55

209 543 416 608 Sospita
440 542 668 591 delubris
693 542 880 589 dicitur
905 549 1058 590 aucta
1082 541 1243 589 novis.

141 621 292 669 Nunc
318 621 403 669 ubi
431 621 531 669 sint
557 620 672 678 illis,
702 620 905 685 quaeris,
934 628 1132 669 sacrata
1158 618 1405 667 Kalendis

205 698 422 763 Templa
445 698 607 746 Deae?
645 699 796 761 longo
822 699 1137 763 procubuere
1162 698 1262 746 die.

140 776 342 824 Caetera
365 793 428 825 ne
455 776 606 824 simili
633 777 876 825 caderent
899 777 1153 825 labefacta
1178 776 1335 832 ruina,

208 855 357 903 Cavit
382 855 564 903 sacrati
591 854 799 920 provida
826 870 948 902 cura
975 854 1164 903 Ducis:

1500 855 1564 900 60

140 933 248 981 Sub
275 950 376 998 quo
403 933 628 981 delubris
655 932 870 981 sentitur
895 933 1033 981 nulla
1058 940 1312 988 senectus,

208 1011 319 1060 Nec
346 1013 467 1061 satis
495 1020 573 1061 est
596 1012 842 1069 homines,
870 1011 1063 1075 obligat
1087 1011 1171 1060 ille
1200 1011 1357 1059 Deos.

137 1090 467 1155 Templorum
494 1090 700 1155 positor,
730 1090 1034 1154 templorum
1061 1097 1236 1138 sancte
1264 1096 1507 1153 repostor‚

210 1170 289 1218 Sit
316 1169 545 1234 Superis,
574 1177 711 1234 opto,
740 1177 920 1217 mutua
943 1185 1066 1217 cura
1089 1169 1163 1216 tui
1185 1186 1195 1216 z

140 1249 279 1297 Dent
304 1248 395 1296 tibi
421 1249 674 1305 coelestes,
704 1256 830 1312 quot
854 1256 906 1296 tu
935 1249 1229 1296 coelestibus
1255 1263 1430 1301 annOS‚

1498 1248 1561 1293 65

207 1326 414 1391 Proque
441 1334 527 1374 tua
552 1334 793 1375 maneant
817 1327 867 1373 in
894 1326 1110 1374 statione
1135 1325 1303 1373 domo.

137 1404 268 1454 Tum
294 1422 498 1470 quoque
524 1405 675 1454 vicini
701 1406 846 1453 lucus
872 1405 1158 1453 celebratur
1183 1402 1348 1467 Asyli,

206 1483 322 1540 Qua
346 1484 476 1550 petit
501 1501 763 1549 aequoreas
791 1484 986 1533 advena
1010 1483 1176 1531 Tibris
1202 1497 1378 1546 aquas.

181 1631 327 1663 55—72.
351 1630 487 1662 Kalend.
501 1629 657 1661 Februar.
671 1641 815 1661 memora-

137 1682 212 1712 bilia
228 1680 393 1712 nonnulla.
416 1681 463 1711 Eo
479 1680 530 1711 die
545 1680 564 1711 J
568 1679 681 1711 unonis
695 1680 817 1721 Sospitae

137 1731 292 1774 templum
309 1735 378 1761 erat
393 1730 589 1762 dedicatum.
635 1729 675 1760 Id
691 1735 816 1761 conter-

139 1782 260 1812 minum
275 1786 343 1812 erat
360 1781 421 1812 aedi
446 1781 591 1822 Phrygiae
609 1780 735 1816 Matris,
751 1779 817 1812 sive

138 1830 289 1873 Cybeles,
308 1831 348 1862 ab
367 1830 514 1872 Augusto
538 1831 570 1860 in
595 1835 702 1861 monte
723 1830 818 1861 Pala-

138 1879 205 1912 tino
221 1880 344 1923 positae,
356 1891 455 1922 quum
469 1886 565 1911 antea
576 1879 719 1922 ejusdem
736 1880 815 1912 Deae

137 1930 342 1962 simulacrum
366 1930 409 1961 ibi
432 1937 526 1962 esset.
572 1930 650 1962 Vid.
669 1931 816 1962 Monum.

138 1981 258 2023 Ancyr.
286 1986 319 2012 et
346 1981 421 2017 Dio,
452 1981 511 2012 lib.
541 1980 607 2011 lxvi
623 1993 631 2019 ;
670 1980 726 2012 sed
752 1992 816 2023 quo

138 2037 279 2074 tempore
292 2030 430 2063 Ovidius
441 2031 510 2062 haec
525 2030 686 2063 scribebat
699 2042 708 2070 3
735 2037 816 2062 tem-

138 2082 227 2124 plum
245 2081 326 2113 illud
349 2081 491 2113 funditus
512 2080 663 2124 perierat.
709 2081 762 2112 Ab
779 2092 816 2112 eo

138 2131 299 2163 diversum
325 2131 470 2174 ejusdem
498 2133 579 2163 Deae
606 2131 760 2173 templum
784 2131 816 2162 in

139 2181 204 2212 foro
221 2181 368 2218 Olitorio,
384 2181 469 2223 quod
487 2182 547 2213 Cn.
564 2181 731 2213 Cornelius
753 2181 814 2212 Ce-

139 2231 254 2273 thegus
267 2242 332 2263 cos.
348 2232 407 2262 sub
423 2231 548 2262 initium
564 2231 640 2263 belli
657 2230 816 2262 Insubriei

138 2287 278 2318 voverat,
295 2281 504 2323 quadriennio
519 2288 590 2324 post
611 2281 793 2312 dedicatum
807 2293 816 2320 3

139 2331 258 2368 Livius,
274 2331 374 2363 xxxii.
390 2333 454 2371 303
478 2331 585 2363 xxxiv.
603 2333 656 2363 53.
711 2331 818 2372 Longo

139 2384 376 2419 die,vetustate.
395 2383 548 2414 Caderent
560 2382 710 2423 labefacta
722 2383 815 2412 ruina

141 2431 265 2473 plenius
276 2437 308 2463 et
317 2432 509 2474 elegantius,
519 2442 614 2474 quam
625 2437 816 2462 corruerent.

139 2481 220 2512 Turn
237 2483 370 2513 sentitur
384 2488 520 2513 senectus
541 2481 679 2512 suaviter
701 2481 741 2511 ab
758 2480 814 2510 ho-

140 2532 278 2563 minibus
294 2531 334 2563 ad
353 2532 488 2563 delubra
509 2532 713 2563 translatum.
761 2531 816 2561 Su-

139 2590 244 2614 cracus
255 2584 328 2620 dux,
340 2583 525 2624 Imperator.
551 2581 635 2613 Vide
647 2581 685 2612 ad
698 2581 719 2611 i.
732 2582 796 2611 640
809 2594 815 2612 :

140 2633 284 2664 Masson.
300 2632 367 2663 vit.
385 2631 481 2663 Ovid.
504 2631 544 2662 ad
569 2641 621 2662 an.
638 2632 694 2662 59.
712 2636 745 2661 et
766 2631 819 2661 60.

140 2695 170 2724 p.
205 2684 277 2714 118.
313 2682 475 2714 Tiberium
506 2681 655 2722 intelligit
685 2680 724 2712 de
756 2692 819 2722 quo

140 2732 244 2763 Tacit.
267 2732 330 2764 An.
352 2732 386 2763 ii.
409 2733 470 2764 49:
497 2730 633 2763 “Deum
658 2731 744 2762 aedes
764 2741 815 2761 ve-

144 2789 261 2815 tustate
286 2789 341 2814 aut
365 2783 430 2824 igni
459 2781 606 2819 abolitas,
630 2788 818 2823 coeptasque

886 1630 926 1660 ab
941 1629 1100 1671 Augusto,
1116 1627 1312 1659 dedicavit.'’
1356 1626 1438 1657 Tum
1458 1625 1563 1668 plures

885 1679 966 1711 tales
977 1679 1064 1710 aedes
1078 1683 1242 1709 memorat.
1265 1676 1329 1708 Sed
1339 1682 1371 1707 et
1381 1676 1562 1717 Augustum

886 1729 955 1760 Liv.
971 1729 1013 1760 iv.
1024 1730 1078 1760 20.
1094 1733 1114 1746 “
1129 1728 1320 1770 templorum
1331 1725 1472 1756 omnium
1488 1736 1563 1756 con-

885 1778 1018 1810 ditorem
1046 1783 1103 1809 aut
1127 1775 1368 1809 restitutorem’'
1399 1774 1562 1813 nominat3

885 1834 918 1859 et
936 1828 976 1860 de
1001 1839 1039 1860 eo
1057 1829 1188 1859 Sueton.
1210 1828 1270 1858 30:
1299 1830 1321 1843 “
1335 1825 1436 1856 AEdes
1457 1835 1563 1856 sacras

887 1884 1044 1911 vetustate
1069 1878 1226 1920 collapsas
1251 1881 1308 1908 aut
1333 1874 1480 1906 incendio
1507 1875 1562 1905 ab·

885 1934 1017 1966 sumtas,
1034 1928 1180 1960 refecit.''
1205 1927 1347 1959 Difficile
1360 1931 1409 1956 est
1419 1924 1562 1962 definire,

885 1986 955 2011 uter
980 1990 1064 2011 nunc
1087 1977 1316 2018 intelligendus
1341 1975 1392 2012 sit,
1412 1975 1562 2017 quoniam

886 2029 981 2061 Ovid.
999 2030 1057 2061 hoc
1069 2040 1147 2071 opus
1160 2029 1219 2059 sub
1232 2027 1379 2068 Augusto
1391 2025 1562 2062 inchoavit,

885 2080 944 2111 sub
967 2078 1095 2110 Tiberio
1119 2084 1225 2110 autem
1247 2076 1394 2112 absolvit,
1420 2081 1452 2106 et
1481 2075 1563 2117 parti

880 2130 948 2172 jam
971 2130 1124 2161 absolutae
1148 2127 1314 2171 postmodo
1337 2126 1490 2157 nonnulla
1513 2125 1562 2157 in-

884 2179 995 2211 seruit.
1044 2180 1169 2221 Obligat
1195 2179 1247 2209 ille
1270 2178 1348 2208 Deos
1370 2186 1560 2207 convenien-

885 2235 932 2261 ter
955 2230 1173 2261 Romanorum
1189 2228 1228 2259 de
1248 2227 1320 2258 Diis
1339 2226 1404 2258 suis
1422 2226 1562 2268 opinioni

885 2280 1019 2311 dictum.
1066 2279 1183 2310 Mutua
1212 2289 1289 2309 cura
1318 2278 1387 2314 tui;
1420 2278 1560 2308 Metam.

885 2330 950 2361 viii.
971 2330 1049 2360 724.
1071 2333 1090 2347 ‘¹
1106 2330 1194 2362 Cura
1211 2328 1255 2370 pii
1272 2327 1332 2359 Dis
1347 2333 1431 2364 sunt,
1449 2333 1491 2364 et,
1505 2327 1562 2369 qui

885 2380 1024 2416 coluere,
1043 2378 1226 2411 coluntur.’'
1259 2377 1332 2408 Diis
1348 2388 1443 2408 annos
1456 2378 1563 2411 dabat.

886 2436 1043 2472 quatenus
1072 2441 1143 2461 aras
1170 2439 1288 2465 eorum,
1319 2433 1451 2464 statuas,
1482 2433 1561 2459 tem-

886 2481 1005 2523 plaque
1021 2480 1229 2522 perennabat.
1277 2478 1429 2508 Maneant
1449 2479 1482 2508 in
1498 2484 1559 2508 sta-

888 2533 978 2566 tione,
996 2535 1130 2572 pergant
1146 2534 1235 2560 tuam
1251 2528 1381 2559 domum
1396 2527 1489 2558 tueri.

931 2581 984 2612 67.
1011 2580 1100 2615 Tum,
1117 2579 1230 2610 iisdem
1246 2577 1386 2609 Kalend.
1403 2576 1561 2607 Romulus

887 2641 962 2663 sane
985 2630 1067 2660 inter
1087 2629 1166 2660 duos
1184 2630 1264 2660 lucos
1280 2629 1408 2668 Asylum
1426 2626 1559 2668 aperuit,

889 2681 943 2723 qui
966 2680 1054 2711 locus
1073 2679 1178 2710 dictus
1201 2684 1249 2710 est
1273 2680 1354 2708 inter
1374 2679 1446 2707 :Inus
1467 2677 1560 2711 lucus,

885 2731 1038 2775 μεθόριον
1059 2728 1151 2761 δυοῖν
1173 2728 1315 2770 δρυμῶν.
1359 2726 1422 2757 Sed
1444 2725 1559 2757 seriore

886 2790 1028 2824 tempore
1043 2791 1103 2811 non
1114 2779 1282 2810 exstabant
1295 2779 1368 2813 luci,
1382 2782 1414 2807 et
1429 2776 1558 2816 Asylum
