1830 3220
593 164 943 208 FASTORUM
982 165 1100 208 LIB.
1136 167 1198 209 II.
1546 170 1603 210 89

170 278 238 327 Et
262 280 457 330 dixisse
483 282 664 330 simul:
709 282 930 333 Prohibe
958 284 1131 348 lugere
1159 284 1400 342 Quirites,

1497 289 1595 335 505

238 358 349 408 Nec
376 360 566 411 violent
592 361 832 427 lacrymis
859 364 1069 411 numina
1094 371 1270 412 nostra
1296 364 1418 412 suis.

167 437 305 486 Tura
318 436 499 497 ferant,
513 440 823 505 placentque
837 457 1022 489 novum
1039 442 1123 507 pia
1138 442 1563 498 turbaQuirinum
1582 462 1592 502 ;

239 516 306 565 Et
331 519 520 583 patrias
548 526 682 567 artes
709 520 1046 585 militiamque
1069 523 1255 571 colant.

165 594 197 642 J
203 596 332 644 ussit
354 615 363 645 :
405 605 457 646 et
483 598 533 645 in
559 605 740 647 tenues
767 600 928 648 oculis
955 602 1160 649 evanuit
1185 618 1350 650 auras.

238 673 502 724 Convocat
516 676 597 725 hic
614 678 849 742 popuIOS‚
865 680 1117 744 jussaque
1133 681 1288 729 verba
1307 679 1475 729 refert.
1498 683 1597 727 510

167 752 384 819 Templa
410 755 522 803 Deo
547 755 693 813 fiunt,
721 758 866 806 collis
893 775 1101 824 quoque
1126 760 1296 808 dictus
1323 760 1387 808 ab
1413 759 1525 806 illo:

238 832 306 881 Et
331 833 557 883 referunt
582 835 707 884 certi
735 852 881 885 sacra
906 845 1120 902 paterna
1143 838 1273 887 dies,

170 910 282 960 Lux
309 928 516 978 quoque
542 930 632 962 cur
657 916 838 965 eadem
867 916 1151 966 Stultorum
1176 917 1307 966 festa
1332 924 1557 973 vocetur,

237 990 465 1058 Accipe;
508 1009 662 1059 parva
687 995 897 1059 quidem
925 1012 1096 1055 causa,
1126 997 1217 1045 sed
1251 1003 1372 1062 apta
1399 996 1595 1044 subest.

171 1068 290 1117 Non
313 1070 493 1119 habuit
517 1072 669 1121 tellus
696 1073 875 1122 doctos
901 1075 1115 1140 antiqua
1140 1076 1376 1124 colonos:

1501 1077 1598 1123 515

240 1147 527 1198 Lassabant
552 1151 710 1215 agiles
737 1168 920 1217 aspera
943 1154 1081 1202 bella
1104 1155 1253 1203 viros.

169 1226 296 1275 Plus
322 1235 432 1276 erat
457 1228 508 1276 in
534 1229 703 1293 gladio
729 1247 884 1295 quarn
911 1247 1065 1280 curvo
1092 1232 1258 1281 laudis
1285 1239 1451 1281 aratro
1474 1250 1484 1280 :

238 1307 287 1355 N
293 1308 524 1372 eglectus
550 1309 756 1358 domino
783 1326 949 1375 pauca
972 1311 1169 1361 ferebat
1194 1328 1330 1376 ager.

171 1386 326 1436 Farra
350 1396 522 1437 tamen
548 1396 748 1438 veteres
769 1390 1049 1455 jaciebant,
1077 1391 1210 1440 farra
1233 1391 1519 1439 metebant:

239 1466 498 1516 Primitias
527 1467 704 1517 Cereri
729 1468 861 1518 farra
887 1477 1086 1519 resecta
1111 1471 1320 1519 dabant.

169 1620 302 1652 Romuli
328 1621 572 1654 convenientius
594 1633 704 1665 quam,
726 1634 784 1655 nec
805 1624 851 1655 la-

168 1677 327 1713 cryment,
340 1671 481 1704 defleant
496 1683 558 1704 me.
592 1673 669 1704 Rem
685 1674 852 1705 militarem

167 1723 265 1753 colere
291 1722 430 1754 Romani
458 1723 613 1766 jubentur
638 1725 736 1755 etiam
765 1725 852 1768 apud

169 1772 240 1803 Liv.
255 1773 391 1804 alterum
409 1774 617 1816 tur-aferunt,
635 1780 698 1805 etc.
714 1775 852 1817 pertinet

169 1823 217 1854 vel
234 1823 373 1855 maxime
391 1824 432 1856 ad
450 1824 619 1856 consilium
635 1830 749 1867 poetae.

213 1874 290 1906 509.
314 1874 444 1906 Livius:
477 1875 538 1906 haec
562 1876 694 1913 locutus,
717 1877 853 1908 sublimis

167 1924 258 1955 abiit.
305 1923 345 1955 Id
376 1924 494 1956 Noster
521 1924 645 1968 poetice
673 1926 851 1958 exornavit.

170 1974 277 2006 Etiam
292 1975 430 2006 Metam.
442 1975 508 2007 xiv.
521 1976 598 2007 432.
619 1981 641 1993 “
655 1975 751 2018 inque
767 1977 854 2009 leves

169 2024 325 2067 paulatim
340 2024 472 2056 evanuit
487 2026 615 2057 auras.”
658 2026 790 2068 Populos
805 2027 853 2058 in-

170 2074 322 2118 telligunt
338 2075 523 2108 Romanum
538 2082 570 2108 et
585 2077 752 2109 Sabinum.
790 2077 853 2110 Sed

170 2132 304 2169 possunt
323 2137 393 2158 esse
416 2126 546 2159 omnino
566 2127 663 2159 cives.
711 2127 794 2159 Vide
812 2127 854 2159 ad

170 2177 254 2208 Met.
270 2176 292 2207 i.
307 2175 383 2208 edd.
404 2176 515 2219 primae
535 2182 568 2208 et
588 2177 686 2208 MSS.
708 2177 853 2220 quidam,

168 2233 294 2267 patres3
319 2226 376 2258 sed
391 2233 424 2258 et
437 2226 524 2269 apud
539 2226 612 2258 Liv.
625 2228 657 2257 in
670 2230 856 2264 concionem,

169 2283 203 2308 et
218 2277 305 2320 apud
329 2276 495 2308 Plutarch.
512 2276 557 2315 εἰς
576 2276 713 2320 ἀγορὰν
729 2277 834 2320 prodit
848 2291 853 2309 :

171 2334 270 2370 atque
292 2327 419 2359 civibus
441 2327 474 2358 in
497 2327 609 2371 primis
629 2327 698 2359 haec
722 2328 786 2360 dici
800 2329 855 2361 de-

171 2378 303 2409 bebant.
330 2378 424 2408 Collis
442 2389 568 2419 quoque,
580 2385 643 2409 etc.
659 2378 711 2409 Sic
724 2378 857 2420 quidam

173 2429 346 2472 putabant.
370 2429 490 2460 Contra
500 2429 645 2472 disputat
657 2429 779 2467 Festus,
794 2441 858 2473 quo

175 2485 305 2511 auctore
321 2479 354 2511 id
372 2490 489 2511 nornen
504 2479 605 2511 monti
620 2479 724 2516 haesit,
739 2489 778 2511 ex
794 2489 858 2521 quo

173 2529 286 2562 Sabini
307 2530 446 2561 Curibus
468 2529 602 2573 profecti
627 2540 700 2561 eum
720 2540 858 2572 occupa-

172 2581 263 2612 bant.
310 2579 482 2622 Referunt,
500 2585 661 2623 repetunt,
683 2585 720 2611 ut
741 2580 763 2612 i.
778 2580 857 2611 618.

175 2631 292 2663 Relata
311 2642 410 2662 sacra.
456 2631 556 2662 Erant
578 2641 653 2673 ergo
675 2630 858 2668 Quirinalia

175 2687 272 2714 stata.

221 2733 410 2764 513—532.
434 2730 616 2770 Quirinalia
643 2730 741 2764 etiam
773 2730 858 2761 Stul—

178 2782 380 2825 torumferiae
395 2781 606 2821 dicebantur3
632 2781 672 2814 de
687 2780 804 2823 quibus
820 2781 860 2813 cf.

227 2832 329 2864 VOL.
354 2833 397 2864 V.

1501 1473 1600 1517 5⁶20

922 1624 1087 1656 Plutarch.
1105 1626 1230 1662 Quaest.
1247 1624 1345 1655 Rom.
1360 1635 1394 1666 p.
1416 1624 1487 1655 150.
1525 1623 1603 1666 Ejus

921 1674 1059 1706 nominis
1093 1685 1222 1707 causam
1261 1674 1337 1706 dum
1369 1680 1463 1716 poeta
1500 1673 1605 1709 affert,

922 1725 1088 1756 commode
1120 1726 1343 1756 Fornacalium
1375 1723 1528 1755 rationem
1557 1724 1604 1754 in-

921 1776 1008 1812 serit,
1034 1786 1105 1817 quae
1132 1786 1194 1806 non
1225 1780 1310 1806 stata
1339 1781 1442 1810 erant,
1472 1773 1527 1805 sed
1557 1774 1606 1805 in-

922 1824 1055 1856 dictiva.
1102 1825 1257 1856 Homines
1294 1824 1379 1855 enim
1417 1823 1518 1861 stulti,
1548 1824 1603 1866 qui

922 1875 1152 1907 Fornacalibus
1175 1875 1244 1906 deae
1267 1874 1402 1906 Fornaci
1425 1884 1516 1905 sacra
1541 1885 1603 1906 non

922 1924 1076 1961 fecerant,
1107 1935 1146 1956 ea
1168 1924 1330 1956 faciebant
1368 1923 1603 1961 Quirinalibus.

924 1975 1041 2012 Parva,
1057 1976 1186 2017 exigua,
1202 1975 1294 2006 levis.
1325 1975 1432 2011 Docti,
1448 1974 1543 2017 periti
1556 1986 1604 2006 re-

922 2035 991 2057 rum
1004 2025 1044 2056 ad
1058 2025 1179 2057 victum
1193 2023 1433 2068 pertinentium.
1456 2023 1508 2055 De
1521 2024 1609 2055 rudi-

924 2081 988 2107 tate
1019 2075 1194 2118 primorum
1224 2075 1457 2111 Romanorum,
1488 2074 1530 2106 cf.
1560 2074 1606 2105 iii.

926 2125 984 2156 101
1003 2136 1075 2168 sqq.

967 2177 1044 2208 519.
1070 2176 1146 2212 Far,
1158 2174 1244 2218 quod
1254 2175 1405 2207 adoreum
1416 2179 1540 2206 veteres
1550 2184 1606 2217 ap-

924 2225 1096 2269 pellavere,
1109 2226 1149 2256 ab
1166 2224 1399 2268 antiquissimis
1410 2224 1514 2255 Italiae
1528 2229 1608 2255 tem-

923 2277 1054 2320 poribus
1083 2275 1295 2308 domesticum
1325 2274 1430 2306 Italiae
1456 2274 1516 2306 fuit
1543 2274 1608 2306 fru-

924 2332 1080 2364 mentum,
1096 2331 1130 2358 et
1146 2326 1241 2369 plura
1259 2336 1315 2369 per
1331 2324 1450 2357 saecula
1464 2324 1607 2361 unicum,

925 2376 1011 2419 quod
1033 2376 1201 2414 coleretur,
1225 2377 1351 2418 frugum
1375 2386 1487 2417 genus,
1507 2386 1608 2417 quum

928 2427 1038 2459 hordei
1067 2432 1100 2459 et
1128 2426 1226 2458 tritici
1255 2437 1332 2458 usus
1370 2432 1452 2457 esset
1489 2425 1609 2457 nullus.

928 2477 1064 2515 Plinius,
1078 2477 1166 2509 xviii.
1180 2478 1221 2509 19
1236 2489 1245 2517 3
1271 2476 1429 2519 Heynius,
1442 2475 1475 2507 in
1487 2476 1610 2519 Opusc.

927 2528 1033 2560 Aead.
1062 2528 1127 2560 vol.
1157 2527 1179 2559 i.
1208 2539 1240 2571 p.
1271 2527 1338 2558 330
1371 2537 1443 2569 sqq.
1488 2526 1609 2563 Jacere,

928 2588 1042 2610 serere.
1087 2577 1196 2609 Etiam
1225 2575 1341 2618 Virgil.
1352 2579 1481 2617 jactum
1501 2587 1610 2606 semen.

929 2628 1096 2660 Culturam
1106 2627 1197 2659 farris
1207 2626 1308 2658 tribus
1314 2625 1428 2657 modus
1438 2625 1608 2667 eloquitur,

929 2689 989 2711 nec
1013 2679 1081 2710 sine
1108 2678 1140 2710 vi
1166 2684 1222 2710 aut
1246 2676 1349 2720 gratia
1375 2677 1414 2708 τὸ
1431 2676 1532 2717 farra
1563 2681 1610 2706 ter

930 2729 1056 2773 repetit.
1096 2729 1259 2760 Primitias
1276 2728 1393 2758 Cereri.
1432 2726 1484 2757 Cf.
1500 2727 1521 2757 i.
1534 2726 1610 2756 672.

932 2784 963 2810 et
990 2779 1100 2811 Bentl.
1126 2779 1168 2810 ad
1194 2777 1374 2814 Horatium,
1405 2777 1465 2808 lv.
1495 2787 1524 2807 v.
1555 2776 1608 2807 18.

1066 2830 1096 2859 N
