1809 3220
208 170 295 212 248

603 168 654 209 P.
689 165 907 209 OVIDII
941 164 1228 207 NASONIS

208 285 307 334 Hic
333 292 494 333 status
521 285 571 332 in
597 284 724 332 coelo
750 282 934 330 multos
959 280 1242 346 permansit
1265 280 1315 328 in
1341 296 1515 338 annos,

277 363 414 411 Dum
440 361 604 410 senior
627 361 742 408 fatis
769 359 960 408 excidit
986 375 1100 407 arce
1125 358 1269 407 deus.

208 442 365 491 Terra
389 441 520 489 feros
545 446 737 505 partus,
760 438 1001 486 immania
1025 444 1264 492 monstra,
1285 436 1534 500 Gigantas
1560 439 1624 486 35

276 519 466 575 Edidit,
495 534 704 566 ausuros
731 518 781 564 in
807 515 947 564 Jovis
974 516 1044 563 ire
1070 516 1294 562 domum.

207 598 352 646 Mille
378 613 557 645 manus
583 596 681 643 illis
708 595 864 650 dedit,
894 600 945 641 et
970 610 1060 658 pro
1086 592 1314 640 cruribus
1342 607 1562 655 angues;

275 676 446 740 Atque
473 675 571 723 ait:
614 674 673 721 In
700 689 911 736 magnos
939 687 1077 719 arma
1101 677 1299 718 movete
1325 671 1465 719 deos.

207 754 484 803 Exstruere
510 754 557 800 hi
586 760 784 800 montes
811 751 874 798 ad
901 750 1068 798 sidera
1092 765 1290 797 summa
1316 749 1581 813 parabant,

275 832 343 879 Et
367 847 608 895 magnum
633 830 768 878 bello
795 828 1065 876 sollicitare
1091 827 1121 874 J
1127 843 1289 874 ovem.

1560 828 1627 872 40

210 909 443 957 Fulmina
467 909 532 957 de
557 909 669 956 coeli
691 906 946 971 jaculatus
972 905 1173 970 Jupiter
1198 921 1329 960 arce,

274 988 441 1037 Vertit
465 988 516 1035 in
542 994 772 1035 auctores
800 985 1026 1049 pondera
1049 990 1192 1031 vasta
1218 999 1353 1029 suos.

209 1066 304 1114 His
331 1068 460 1114 bene
487 1065 736 1129 Majestas
763 1063 913 1112 armis
940 1061 1149 1110 defensa
1173 1061 1383 1108 deorum

275 1145 486 1201 Restat3
528 1151 580 1191 et
604 1159 667 1191 ex
694 1142 779 1189 illo
803 1150 1031 1204 tempore
1058 1139 1201 1186 firma
1226 1144 1412 1185 manet.

208 1222 426 1271 Adsidet
450 1222 536 1269 illa
560 1221 589 1268 J
596 1220 673 1268 ovi
693 1239 703 1278 3
745 1219 775 1267 J
780 1219 885 1267 ovis
912 1226 990 1266 est
1014 1216 1260 1264 fidissima
1285 1222 1486 1273 custos3

1560 1217 1625 1262 45

279 1301 347 1348 Et
371 1306 580 1365 praestat
604 1299 711 1346 sine
737 1298 783 1344 vi
810 1303 1012 1360 sceptra
1037 1294 1302 1342 tremenda
1324 1292 1355 1339 J
1360 1293 1454 1340 ovi.

209 1379 362 1427 Venit
387 1385 436 1427 et
462 1378 512 1425 in
536 1385 723 1425 terras:
766 1376 1031 1423 coluerunt
1057 1373 1308 1420 Romulus
1335 1371 1472 1419 illam

279 1457 346 1505 Et
372 1456 567 1513 Numa;
609 1472 726 1503 mox
753 1453 852 1510 alii,
881 1460 1109 1516 tempore
1136 1450 1357 1514 quisque
1385 1465 1493 1497 suo.

213 1614 246 1644 in
280 1612 396 1644 animo.
451 1612 566 1647 Status,
596 1622 699 1642 rerum
733 1610 881 1641 conditio.

214 1664 299 1694 Dum
326 1665 434 1698 senior,
462 1668 526 1693 etc.
551 1661 651 1692 donec
678 1662 831 1692 Saturnus
851 1660 883 1691 in

211 1719 330 1745 tartara
346 1713 460 1744 missus
477 1718 535 1743 est.
583 1712 633 1742 De
643 1712 737 1753 fatis,
754 1721 791 1742 ex
813 1710 882 1753 qui-

211 1765 271 1795 bus
286 1763 318 1794 id
334 1765 466 1799 factum,
483 1762 555 1793 vide
573 1762 613 1793 ad
628 1762 672 1793 iv.
692 1763 763 1793 197.

255 1815 308 1844 35.
344 1813 396 1844 De
429 1813 627 1855 Gigantibus,
656 1811 760 1842 Terrae
794 1810 880 1846 filiis,

209 1864 346 1894 Metam.
364 1862 387 1893 i.
410 1863 482 1893 151.
502 1872 571 1903 sqq.
619 1863 767 1896 Ausuros,
786 1860 881 1902 depo-

211 1912 271 1943 sita
294 1913 482 1948 reverentia,
509 1917 678 1954 spretaque
702 1910 792 1942 ,lovis
816 1921 882 1941 ma-

205 1963 337 2005 jestate.
397 1962 450 1993 Ire
486 1965 519 1992 in
551 1963 682 2002 aliquem
714 1960 811 1992 etiam
842 1961 882 1991 de

210 2012 316 2043 hostili
350 2012 482 2053 impetu.
542 2012 649 2042 Matre
686 2010 882 2052 impellente,

210 2072 343 2103 regnum
375 2061 506 2092 coeleste
538 2060 585 2091 illi
617 2060 821 2096 affectabant,
852 2067 884 2090 et

209 2115 231 2128 “
251 2117 379 2142 centum
407 2110 542 2153 quisque
566 2110 723 2152 parabant
748 2109 882 2150 Injicere

213 2161 428 2204 anguipedum
453 2160 581 2202 captivo
610 2159 741 2190 brachia
769 2159 851 2189 coelo
865 2159 882 2171 ''

212 2213 347 2242 Metam.
374 2211 395 2242 i.
426 2212 498 2241 183.
549 2210 612 2241 Sed
641 2209 700 2240 hoc
727 2209 797 2240 loco
826 2209 883 2239 illa

211 2261 381 2303 descriptio
402 2261 491 2291 Mille
512 2271 630 2295 manus,
650 2265 713 2290 etc.
737 2269 883 2290 numeros

213 2311 387 2342 Ovidianos
401 2321 513 2352 parum
527 2309 641 2341 referre
655 2308 788 2340 Heinsio
797 2308 885 2339 vide-

210 2360 316 2396 batur,
352 2360 429 2390 licet
473 2369 541 2391 eam
580 2359 677 2390 etiam
717 2358 886 2389 Scholiast.

213 2409 306 2440 Statii
330 2409 367 2440 ad
390 2420 419 2439 v.
438 2409 542 2439 Theb.
559 2409 634 2439 569.
654 2408 698 2439 sic
724 2407 886 2439 exhibeat.

214 2458 333 2489 Mallet
348 2469 422 2500 ergo
438 2458 528 2488 Mille
544 2469 651 2488 manus
668 2464 696 2488 et
711 2459 794 2488 mille
804 2459 888 2488 dedit

209 2520 266 2548 pro
292 2510 434 2539 cruribus
459 2519 583 2549 angues.
636 2507 752 2538 Parum
775 2512 883 2538 tamen

213 2559 332 2594 aberat,
347 2558 424 2599 quin
441 2557 594 2593 crederet,
607 2563 708 2587 totum
725 2556 884 2587 distichon

213 2608 253 2638 ab
282 2607 514 2649 interpolatoris
539 2616 634 2637 manu
661 2616 750 2644 esse3
780 2611 885 2647 potest

213 2667 289 2688 sane
320 2657 408 2687 salvo
438 2666 530 2687 sensu
561 2656 682 2686 abesse.
744 2655 885 2685 Pondera

213 2712 310 2742 vasta,
326 2711 448 2736 montes
467 2710 643 2745 congestos,
663 2714 742 2746 quos
760 2704 886 2746 Jupiter

214 2754 307 2786 vertit
333 2754 365 2785 in
388 2760 523 2786 auctores
545 2764 622 2790 suos,
643 2764 707 2790 eos,
733 2752 787 2795 qui
812 2763 885 2784 con—

953 1619 1133 1657 gesserant3
1159 1612 1242 1644 unde
1267 1612 1313 1644 illi
1340 1614 1415 1643 mole
1441 1623 1496 1642 sua
1522 1611 1626 1642 obruti

952 1666 1106 1707 jacebant
1121 1664 1258 1694 Metam.
1274 1663 1297 1692 i.
1313 1663 1388 1694 156.

997 1716 1049 1746 43.
1074 1714 1126 1745 Sic
1143 1714 1231 1744 salva
1246 1712 1362 1743 mansit
1380 1711 1531 1753 majestas
1549 1710 1625 1742 deo-

954 1776 1035 1801 rum,
1057 1774 1116 1795 nec
1143 1763 1314 1805 quisquam
1341 1767 1450 1804 postea
1480 1770 1626 1803 spernere

952 1825 1021 1846 eam
1049 1824 1143 1844 ausus
1168 1820 1226 1844 est.
1278 1813 1415 1847 Adsidet,
1440 1816 1506 1842 etc.
1535 1809 1623 1842 Σύν-

952 1865 1072 1906 θρονος
1093 1863 1167 1895 Jovi
1189 1868 1247 1899 est,
1273 1868 1308 1893 ut
1329 1860 1415 1903 apud
1434 1859 1626 1902 AEschylum

952 1914 1070 1956 Coeph.
1087 1914 1166 1945 243.
1185 1912 1314 1955 Κράτος
1329 1912 1384 1943 καὶ
1403 1910 1495 1950 Δίκη,
1511 1910 1627 1952 quibus

956 1964 1009 1995 ille
1031 1964 1186 1995 mundum
1207 1963 1307 2004 regit;
1332 1961 1417 2004 apud
1433 1960 1626 1992 Callimach.

952 2014 1066 2055 hymn.
1099 2013 1171 2044 JOV.
1197 2013 1249 2042 67.
1307 2011 1368 2050 Βίη
1399 2011 1454 2042 καὶ
1483 2009 1626 2052 Κράτος,

952 2062 1068 2104 quibus
1108 2060 1274 2103 imperium
1313 2060 1430 2098 debet;
1469 2065 1502 2090 et
1538 2059 1625 2101 apud

953 2112 1133 2147 Horatium,
1146 2111 1173 2141 Ι.
1186 2110 1248 2142 Od.
1260 2110 1314 2141 xii.
1327 2111 1380 2140 20.
1395 2109 1513 2145 Pallas,
1527 2119 1624 2150 quam

953 2161 984 2192 in
1001 2160 1166 2192 consilium
1183 2159 1324 2190 adhibet.
1365 2159 1481 2189 Custos.
1518 2157 1624 2189 Etiam

953 2209 996 2240 dii
1014 2215 1132 2240 tutores
1147 2214 1179 2240 et
1197 2214 1432 2239 conservatores
1450 2217 1554 2238 rerum
1570 2206 1626 2237 ho-

952 2258 1138 2300 minumque
1163 2260 1298 2289 custodes
1321 2257 1490 2295 dicuntur;
1523 2256 1625 2287 Hora-

955 2309 1028 2345 tius,
1046 2309 1073 2340 Ι.
1090 2309 1153 2340 Od.
1171 2308 1278 2339 xxxvi.
1294 2309 1325 2339 3.
1370 2307 1432 2338 Pro
1447 2308 1505 2338 illa
1518 2306 1625 2337 Taub-

955 2369 1029 2389 nero
1061 2358 1192 2389 aliorum
1220 2359 1292 2388 inde
1322 2367 1384 2388 non
1413 2356 1626 2399 displicebat3

922 2420 923 2423 ¹
955 2408 1011 2439 sed
1031 2408 1098 2450 jam
1130 2413 1223 2438 antea
1252 2405 1431 2437 adsederat.
1480 2405 1624 2441 Praestat,

956 2465 1017 2489 etc.
1043 2457 1132 2493 facit,
1161 2463 1196 2488 ut
1219 2467 1329 2487 omnes
1356 2456 1424 2487 sola
1451 2454 1627 2487 reverentia

951 2508 1038 2543 moti,
1055 2513 1198 2538 metuant
1219 2507 1345 2542 Jovem,
1361 2516 1464 2547 neque
1480 2504 1535 2535 ille
1552 2506 1624 2541 vim,

952 2556 1096 2592 fulmina,
1113 2566 1218 2586 rursus
1234 2555 1382 2586 adhibere
1399 2560 1542 2596 cogatur.

997 2607 1050 2637 47.
1073 2605 1180 2636 Etiam
1197 2605 1230 2636 in
1246 2612 1328 2636 terra
1350 2604 1489 2645 regibus,
1505 2602 1622 2644 magis-

953 2655 1097 2691 tratibus,
1114 2654 1250 2696 aliisque
1272 2653 1454 2684 hominibus
1473 2652 1623 2694 majestas

953 2704 1112 2736 tribuitur.
1159 2704 1209 2735 Ac
1241 2704 1390 2734 Romulus
1417 2701 1558 2743 quidem,
1587 2706 1623 2732 ut

953 2755 1040 2797 leges
1069 2755 1141 2786 latae
1175 2753 1281 2795 generi
1316 2751 1477 2784 hominum
1507 2750 1623 2792 agresti
