1809 3220
179 184 267 227 312

578 182 628 222 P.
664 180 881 223 OVIDII
918 180 1204 223 NASONIS

179 302 278 349 Sus
304 306 411 348 erat
436 299 486 346 in
512 297 700 362 pretio;
741 313 874 345 caesa
901 313 991 345 sue
1015 297 1148 344 festa
1171 296 1437 345 colebant:

244 379 402 427 Terra
425 377 566 425 fabas
592 383 806 430 tantum,
834 375 1066 439 duraque
1091 374 1220 423 farra
1243 375 1416 422 dabat.

1505 375 1600 420 180

177 456 304 512 Quae
329 457 430 504 duo
457 455 619 503 mixta
644 455 794 502 simul
822 453 982 502 sextis
1009 453 1324 517 quicumque
1351 451 1602 500 Kalendis

246 534 450 591 Ederit3
493 532 610 581 huic
635 533 748 580 laedi
774 532 969 580 viscera
994 547 1145 596 posse
1171 538 1375 593 negant.

176 611 308 660 Arce
335 627 541 675 quoque
567 611 616 658 in
644 627 843 658 summa
873 610 1061 658 Junoni
1088 610 1281 674 templa
1307 608 1533 656 Monetae

246 690 325 738 Ex
351 697 467 738 voto
494 696 776 737 memorant
801 690 953 744 facta,
981 688 1215 743 Camille,
1244 695 1348 736 tuo.

176 769 310 816 Ante
336 768 517 815 domus
547 767 708 815 Manli
733 767 949 824 fuerant,
973 767 1062 831 qui
1091 766 1292 814 Gallica
1319 765 1579 830 quondam

243 845 288 893 A
317 846 608 910 Capitolino
633 845 858 910 reppulit
883 861 1022 893 arma
1046 844 1190 892 Jove.

1510 846 1601 891 186

176 923 343 978 Quam
368 925 516 980 bene,
544 923 595 970 di
622 923 808 986 magni,
838 939 1009 987 pugna
1035 921 1307 969 cecidisset
1332 921 1383 968 in
1410 921 1496 969 illa

245 1001 495 1050 Defensor
522 1001 649 1055 solii,
676 1001 878 1065 Jupiter
904 1001 1021 1056 alte,
1050 1000 1123 1046 tui
1146 1000 1154 1046 !

173 1079 333 1135 Vixit,
361 1086 416 1126 ut
441 1078 698 1126 occideret
724 1080 994 1126 damnatus
1020 1078 1230 1126 crimine
1258 1077 1428 1140 regni:

245 1156 397 1204 Hunc
424 1156 494 1203 illi
521 1156 724 1203 titulum
753 1157 905 1220 longa
931 1164 1138 1204 senecta
1163 1156 1336 1204 dabat.

1507 1157 1602 1202 190

177 1234 288 1282 Lux
316 1235 496 1282 eadem
524 1233 676 1281 Marti
703 1234 833 1282 festa
859 1243 964 1290 est;
1007 1251 1160 1298 quem
1189 1233 1436 1298 prospicit
1460 1238 1606 1280 extra

244 1312 550 1377 Adpositum
578 1312 749 1360 Tectae
778 1321 923 1376 porta
951 1312 1164 1376 Capena
1188 1311 1299 1358 viae.

222 1492 295 1523 180.
323 1492 374 1522 De
394 1491 482 1534 subis
507 1489 641 1524 I‘linius.
667 1489 757 1520 xviii.
784 1491 821 1520 12
842 1503 847 1520 :

172 1546 195 1559 ⁴‘
214 1543 303 1573 Inter
321 1542 483 1582 legumina
503 1540 660 1570 maximus
682 1539 780 1570 honos
800 1539 847 1570 sa-

174 1593 242 1623 bae:
268 1592 387 1634 quippe
405 1602 443 1621 ex
461 1600 525 1632 qua
543 1595 684 1621 tentatus
698 1589 737 1620 sit
753 1590 849 1621 etiam

175 1641 279 1685 panis.
327 1642 515 1672 Lomentum
544 1639 725 1681 appellatur
750 1639 852 1670 farina

175 1702 225 1727 ea,
237 1697 490 1733 aggravaturque
506 1689 631 1731 pondus
642 1688 708 1719 illa.
721 1712 728 1719 .
741 1712 748 1719 .
759 1712 766 1718 .
776 1689 852 1720 Fru-

177 1748 285 1772 mento
301 1740 397 1772 etiam
415 1740 566 1770 miscetur
583 1738 666 1781 apud
684 1739 853 1781 plerasque

176 1798 299 1833 gentes,
313 1814 321 1821 .
334 1814 341 1821 .
357 1814 365 1821 .
379 1789 466 1827 Quin
482 1796 514 1820 et
532 1789 635 1831 priseo
652 1788 713 1820 ritu
731 1788 853 1820 fabacia

176 1852 240 1872 suae
267 1840 429 1883 religionis
453 1839 513 1870 diis
532 1840 563 1870 in
586 1849 676 1870 sacro
699 1846 758 1875 est,
774 1850 853 1881 prai-

176 1892 286 1923 valens
300 1890 493 1933 pulmentari
514 1889 624 1921 cil›o.’'
673 1891 769 1920 Sena*
786 1889 852 1919 Κα-

178 1944 288 1979 lendae,
312 1941 392 1972 sexti
419 1940 537 1971 mensis
562 1939 627 1970 sive
654 1939 755 1971 Junii.
802 1939 854 1970 Sic

177 1998 209 2022 et
224 1993 343 2026 tertias,
358 1997 484 2031 quartus
502 1989 661 2019 Kalendas
678 1999 854 2025 occurrere,

177 2046 275 2083 atque
296 2040 412 2072 Junias
433 2039 536 2070 dictas
558 2049 626 2070 esse
645 2038 741 2069 etiam
758 2039 856 2080 juba-

177 2092 239 2121 m'us
255 2089 410 2131 Neapolis
428 2095 545 2119 monet.

225 2141 296 2170 183.
322 2138 431 2169 Iisdem
456 2138 614 2173 Kalendis,
632 2138 773 2177 templum
796 2137 855 2168 Ju-

177 2191 264 2220 nom's
282 2188 411 2219 Monetas
427 2189 614 2218 dedicatum.
655 2188 705 2217 De
722 2197 759 2217 eo
775 2194 855 2217 tein-

176 2239 229 2281 plo
242 2238 263 2269 i.
277 2239 352 2269 638.
377 2238 479 2268 Locus
493 2244 598 2268 autem
615 2237 666 2268 hic
683 2237 854 2279 plurimum

178 2289 260 2320 lueis
284 2287 402 2330 accipit
427 2298 446 2318 a
472 2287 572 2324 Livio,
590 2287 644 2317 vii.
662 2288 725 2318 28:
753 2291 773 2304 “
791 2287 853 2318 Ca-

178 2338 287 2369 millus
313 2337 468 2379 (dictator
493 2347 576 2368 anno
597 2338 640 2369 U.
662 2336 700 2368 C.
720 2337 796 2368 409.
822 2337 854 2368 in

177 2387 261 2419 bello
277 2398 349 2418 cum
366 2386 559 2423 Auruncis)
578 2387 709 2418 deorum
726 2397 853 2429 quoque

177 2448 254 2480 opes
283 2435 482 2468 adhibendas
511 2441 608 2472 ratus,
639 2436 720 2467 inter
751 2437 852 2478 ipsam

177 2486 413 2517 dimicationem
443 2485 545 2516 aedem
567 2485 687 2517 ,lunoni
712 2486 853 2516 Monetae

179 2536 283 2567 vovit:
325 2536 416 2578 cujus
453 2535 623 2566 damnatus
654 2536 717 2566 voti
757 2547 855 2578 quum

179 2586 279 2617 victor
308 2585 446 2616 Romam
475 2586 664 2622 revertisset,
693 2585 853 2616 dictatura

179 2646 212 2667 se
232 2634 407 2666 abdicavit.
455 2635 592 2666 Senatus
613 2635 797 2666 duumviros
813 2635 850 2666 ad

179 2695 250 2716 earn
279 2684 380 2716 aedem
410 2694 466 2726 pro
497 2684 708 2726 amplitudine
743 2684 852 2726 populi

179 2733 319 2765 Romani
335 2733 513 2765 faciendam
528 2734 626 2764 creari
640 2733 745 2776 jussit.
792 2734 851 2764 Lo·

920 1501 977 1520 cus
1013 1490 1045 1520 in
1086 1500 1157 1521 arce
1196 1488 1386 1526 destinatus,
1416 1500 1489 1531 quae
1528 1499 1603 1521 area

920 1540 1038 1571 aedium
1055 1538 1229 1571 M.Man1ii
1248 1538 1423 1582 Capitolini
1441 1539 1577 1571 fuerat.''

967 1591 1041 1621 185.
1068 1590 1119 1621 De
1143 1590 1189 1620 M.
1204 1589 1326 1620 Manlio
1343 1600 1392 1621 res
1414 1596 1499 1621 nota.
1548 1590 1598 1621 De

920 1639 1123 1671 damnatione
1142 1639 1210 1681 ejus
1223 1639 1344 1675 Livius,
1358 1638 1399 1670 vi.
1416 1639 1460 1670 20
1474 1651 1480 1669 :
1496 1643 1516 1656 ‘¹
1529 1638 1599 1670 Tri-

924 1689 1000 1719 buni
1031 1689 1070 1720 de
1100 1699 1176 1720 saxo
1205 1688 1340 1732 Tarpeio
1370 1699 1443 1721 eum
1474 1688 1601 1732 dejece-

925 1745 1015 1770 runt:
1042 1738 1196 1780 locusque
1223 1738 1308 1770 idem
1333 1738 1365 1769 in
1390 1749 1453 1770 uno
1474 1738 1602 1770 homine

925 1797 956 1819 et
986 1788 1110 1820 eximiae
1142 1788 1249 1829 gloriae
1281 1795 1536 1825 monumentum,
1572 1795 1604 1819 et

924 1850 1028 1882 poenae
1051 1838 1172 1870 ultimae
1196 1839 1265 1870 suit.
1313 1838 1458 1881 Adjectae
1480 1844 1603 1870 mortuo

925 1895 1006 1920 notae
1023 1895 1097 1920 sunt
1113 1901 1118 1918 :
1145 1888 1275 1931 publica
1291 1899 1354 1920 una
1367 1901 1376 1928 3
1391 1888 1488 1930 quod,
1503 1899 1603 1931 quum

924 1939 1036 1969 domus
1064 1938 1132 1980 ejus
1168 1939 1278 1969 suisset
1316 1938 1370 1969 ubi
1402 1948 1486 1969 nunc
1517 1936 1604 1969 aedes

924 1995 1021 2030 atque
1046 1987 1173 2018 officina
1195 1988 1245 2029 (in
1271 1998 1335 2030 qua
1356 1987 1477 2019 nummi
1502 1986 1600 2018 cude-

923 2037 1057 2077 bantur)
1077 2038 1217 2068 Moneta>
1242 2043 1302 2073 est,
1319 2037 1420 2068 latum
1442 2037 1482 2067 ad
1500 2046 1602 2078 popu-

924 2087 990 2117 lum
1007 2094 1067 2123 est,
1087 2098 1125 2117 ne
1141 2087 1213 2128 quis
1228 2086 1381 2129 patricius
1405 2086 1436 2117 in
1458 2096 1532 2117 arce
1547 2094 1604 2117 aut

926 2135 1084 2178 Capitolio
1098 2135 1292 2172 habitaret,'’
1305 2141 1367 2167 etc.
1392 2134 1510 2167 Confer
1524 2134 1602 2166 Plu-

927 2185 1028 2216 tarch.
1050 2185 1081 2215 in
1104 2184 1255 2221 Camillo,
1273 2185 1326 2216 36.
1373 2185 1434 2215 Pro
1453 2183 1605 2224 Capitolio

926 2235 1063 2266 Ovidius
1090 2234 1218 2276 gravius
1247 2235 1350 2266 Jovem
1382 2235 1603 2275 Capitolinum,

925 2286 1057 2327 ejusque
1080 2288 1187 2315 solium
1209 2291 1373 2316 memorat.
1420 2285 1472 2316 De
1497 2296 1605 2326 pugna

924 2335 980 2366 illa
993 2335 1062 2377 lege
1075 2334 1215 2370 Livium,
1226 2347 1257 2365 v.
1269 2336 1322 2366 47.
1349 2335 1485 2366 Crimine
1501 2336 1603 2376 regni,

924 2385 1048 2416 crimini
1073 2385 1100 2416 ei
1121 2385 1268 2421 dabatur,
1285 2385 1370 2427 quod
1392 2395 1525 2427 regnum
1547 2385 1604 2416 ad-

924 2435 1077 2476 petiisset.
1152 2434 1259 2477 Longa
1293 2445 1437 2472 sene‹·ta;
1477 2445 1549 2465 nam
1580 2434 1607 2466 si

924 2485 1010 2527 prius
1035 2491 1118 2516 esset
1139 2485 1327 2521 exstinctus,
1353 2495 1413 2516 non
1438 2484 1605 2516 incidisset

925 2535 956 2566 in
973 2534 1186 2577 suspicionem
1203 2535 1291 2576 regni
1308 2535 1472 2566 adsectati.

972 2585 1046 2615 l9l.
1076 2585 1191 2615 Martis
1204 2586 1294 2615 erdem
1311 2591 1384 2615 ante
1405 2589 1523 2624 portum
1541 2583 1602 2614 Ca-

919 2645 1030 2674 penam
1060 2634 1156 2665 etiam
1189 2633 1297 2665 Livius
1327 2633 1497 2676 aliquoties
1532 2643 1599 2664 me-

924 2689 1034 2720 morat,
1061 2689 1097 2714 ut
1127 2695 1159 2714 x.
1187 2685 1241 2715 23.
1288 2683 1367 2714 Eam
1398 2693 1418 2713 a
1442 2683 1480 2713 L.
1508 2681 1600 2713 Sulla

922 2734 1098 2765 restitutam
1131 2744 1200 2764 esse
1231 2741 1263 2763 et
1291 2737 1418 2764 auctam
1445 2731 1600 2774 Neapolis
