1830 3220
584 189 934 232 FASTORUM
968 189 1090 232 LIB.
1126 189 1209 232 IV.

1532 190 1613 231 187

188 304 345 353 Ibunt
370 305 680 365 semimares,
708 315 760 356 et
784 307 952 355 inania
976 314 1222 372 tympana
1246 306 1460 354 tundent
1480 325 1491 364 ;

255 384 477 448 AEraque
503 385 716 434 tinnitus
743 402 840 434 aere
867 386 1073 450 repulsa
1097 386 1306 433 dabunt.

187 461 308 527 Ipsa
333 464 516 511 sedens
543 464 679 512 molli
706 465 949 511 comitum
976 464 1171 512 cervice
1197 463 1384 511 feretur

1518 465 1609 510 185

256 540 411 590 Urbis
440 558 530 606 pei·
554 542 747 590 medias
773 542 1034 590 exululata
1057 542 1178 590 vias,

188 617 356 667 Scena
380 627 543 677 sonat,
577 619 788 684 ludique
816 626 1028 667 vocant:
1071 626 1321 684 spectate,
1351 618 1604 675 Quirites3

253 696 322 745 Et
345 697 452 746 fora
477 698 645 746 Marte
670 713 762 745 suo
788 697 1011 761 litigiosa
1035 705 1234 746 vacent.

186 774 427 831 Quaerere
455 777 613 825 multa
637 777 791 825 libet:
829 777 920 825 sed
946 793 1026 825 me
1054 793 1209 824 sonus
1235 776 1347 823 aeris
1374 775 1508 823 acuti

253 854 448 913 Terret,
477 863 528 904 et
552 857 802 905 horrendo
829 857 960 904 lotos
986 857 1186 904 adunca
1211 872 1352 903 sono.

1518 857 1610 902 190

186 932 282 990 Da,
313 933 441 991 Dea,
469 951 597 998 quas
623 936 792 991 sciter,
816 935 1009 992 doctas,
1037 934 1305 999 Cybeleia,
1334 940 1531 997 neptes.

253 1012 440 1072 Audit3
483 1022 535 1062 et
561 1015 652 1062 has
679 1031 811 1062 curae
832 1014 986 1078 jussit
1006 1015 1187 1062 adesse
1213 1029 1357 1061 meae.

186 1089 419 1149 Pandite,
442 1093 667 1141 mandati
689 1108 955 1149 memores,
985 1091 1247 1140 Heliconis
1274 1092 1507 1144 alumnae,

254 1170 495 1219 Gaudeat
519 1171 723 1220 assiduo
748 1187 837 1219 cur
865 1170 977 1218 Dea
1001 1186 1185 1233 magna
1209 1186 1350 1217 sono.

188 1433 260 1473 16.;
283 1432 445 1470 Horatius,
462 1433 489 1464 Ι.
505 1433 570 1465 Od.
587 1433 675 1465 xviii.
697 1435 746 1465 13.
767 1434 861 1465 Bere-

184 1486 324 1525 cymium
345 1495 452 1515 cornu.
498 1484 601 1515 Sonus
624 1484 692 1527 ejus
708 1491 775 1516 erat
791 1495 863 1516 acer

182 1540 216 1565 et
247 1533 346 1565 veluti
385 1545 541 1576 pungens,
572 1534 657 1565 unde
685 1546 751 1566 ver.
783 1534 861 1565 341.

172 1585 302 1625 furiosa
323 1590 468 1616 vocatur.
517 1584 599 1616 Vide
618 1584 716 1627 Vulp.
739 1584 779 1615 ad
799 1584 861 1616 Ca—

185 1635 312 1672 tullum,
343 1634 413 1667 lxii.
439 1636 495 1667 22.
547 1636 735 1673 δειηίιηιινεε,
760 1635 862 1672 Galli,

184 1685 366 1717 sacerdotes
380 1686 501 1718 exsecti
513 1698 522 1725 ;
537 1686 611 1717 vide
625 1697 692 1717 ver.
704 1687 780 1717 242.
810 1685 862 1716 Ab

184 1735 222 1767 iis
251 1742 284 1768 et
313 1743 471 1777 tympana,
500 1737 591 1768 orbes
625 1735 740 1766 intenti
778 1735 863 1767 corio

184 1785 322 1817 maxime
344 1786 473 1824 bobulo,
496 1786 589 1828 (hinc
605 1797 671 1817 ver.
690 1787 766 1818 342.
793 1793 862 1816 tau-

185 1848 237 1867 rea
253 1835 358 1879 terga)
375 1836 524 1868 manibus
539 1836 767 1872 tundebantur,
777 1835 862 1867 unde

182 1897 279 1919 sonus
308 1897 433 1923 raucus,
464 1892 497 1918 et
525 1897 585 1917 tera
615 1897 684 1923 ειη-ε,
714 1886 863 1927 cymbala

183 1947 324 1968 concava
340 1936 421 1968 inter
436 1948 481 1973 se,
500 1936 778 1972 concutiebantur,
790 1947 861 1978 quae

183 1989 334 2019 tinnitum
355 1993 485 2019 acutum
505 1987 650 2018 dabant:
676 1986 748 2017 vide
763 1988 863 2017 Bent-

184 2037 281 2069 leium
311 2037 352 2070 ad
382 2037 562 2075 Horatium,
592 2037 657 2069 Od.
681 2036 711 2068 I.
742 2036 806 2068 xvi.
832 2038 864 2068 8.

183 2089 303 2119 Sonum
318 2094 351 2121 et
365 2087 430 2119 vim
449 2087 569 2119 horum'
581 2087 862 2119 instrumentorum

182 2139 264 2170 bene
278 2138 432 2181 expressit
443 2139 620 2176 Lucretius,
632 2138 664 2169 ii.
676 2138 863 2169 618—620.

184 2188 309 2220 Eadem
338 2188 371 2219 in
401 2188 499 2220 sacris
527 2188 701 2220 Bacchicis
730 2187 863 2218 adhibe-

182 2239 322 2278 bantur3
361 2239 500 2270 Metam.
531 2238 577 2269 iii.
610 2239 674 2270 532
702 2249 774 2279 sqq.
820 2238 862 2268 Et

180 2288 311 2320 omnino
330 2288 440 2320 multae
468 2288 637 2330 religiones
657 2287 783 2329 utrique
804 2297 862 2318 nu-

183 2339 261 2370 mini
276 2350 470 2371 communeS.

231 2390 304 2421 185.
322 2389 378 2420 Vir
394 2388 552 2431 Phrygius
575 2394 607 2420 et
627 2388 740 2420 mulier
754 2388 858 2430 Phry-

183 2439 236 2482 gia
262 2439 530 2470 circumferebant
554 2438 694 2481 Cybeles
718 2438 858 2479 signum,

184 2488 390 2531 (Dionysius,
404 2489 437 2520 ii.
450 2489 517 2529 19.)
528 2489 625 2531 idque
642 2499 660 2519 a
675 2489 768 2519 turba
785 2499 860 2519 con-

183 2545 330 2571 cursante
359 2550 434 2570 cum
464 2541 603 2575 ululatu,
635 2538 760 2580 ἰαχαῖς,
786 2538 859 2569 ὀλο-

184 2592 337 2633 λυγμοῒς,
359 2589 530 2620 furibundo
553 2589 702 2624 clamore,
720 2588 860 2631 excipie-

185 2643 298 2680 batur3
325 2640 538 2677 Herodianus,
558 2641 588 2671 I.
606 2651 639 2670 x.
657 2641 690 2671 5.
729 2638 862 2680 Signum

186 2697 295 2723 autern
311 2697 378 2723 erat
395 2690 463 2733 ipse
477 2690 531 2721 ille
546 2689 638 2732 lapis,
655 2700 751 2731 quern
766 2689 861 2720 Atta-

186 2741 236 2774 lus
266 2741 405 2778 miserat,
434 2740 576 2772 inclusus
607 2738 771 2771 muliebris
799 2739 860 2770 oris

188 2797 339 2833 argento3
379 2791 500 2822 Arnob.
532 2801 564 2832 p.
590 2790 674 2829 2533
707 2788 859 2821 Prudent.

933 1433 1045 1464 l'erist.
1062 1445 1092 1464 x.
1115 1434 1175 1465 156
1190 1445 1197 1472 ;
1222 1432 1262 1463 de
1278 1443 1341 1474 quo
1358 1430 1463 1473 lapide
1481 1430 1552 1461 vide
1569 1429 1610 1461 ad

932 1495 995 1514 ver.
1017 1484 1093 1515 276.
1145 1484 1267 1514 Mollem
1293 1482 1450 1514 cervicem
1474 1480 1611 1512 Lenzius

931 1544 968 1565 co
995 1534 1099 1570 refert,
1123 1534 1208 1576 quod
1234 1533 1323 1565 Galli
1350 1532 1532 1564 semimares
1548 1542 1611 1563 ver.

933 1585 1009 1616 243.
1024 1586 1126 1615 molles
1141 1586 1275 1615 ministri
1292 1583 1453 1615 dicuutur.
1499 1583 1613 1613 Potest

933 1642 965 1666 et
990 1640 1136 1666 naturum
1163 1634 1298 1666 cervicis
1323 1633 1522 1676 exprimere;
1547 1643 1612 1663 ver.

933 1686 1009 1717 342.
1026 1687 1125 1716 molles
1150 1696 1268 1717 manus·
1314 1686 1366 1716 De
1384 1685 1466 1714 ludis
1488 1685 1613 1715 scenicis

932 1737 1090 1767 consentit
1105 1741 1137 1767 et
1152 1735 1273 1772 Livius,
1290 1736 1376 1765 xxix.
1392 1735 1441 1765 14.
1457 1739 1490 1765 et
1504 1733 1612 1764 xxxvi.

932 1787 986 1818 36.
1000 1786 1055 1817 ubi
1071 1787 1120 1817 hos
1142 1788 1254 1825 primos
1273 1787 1403 1816 scenicos
1423 1784 1519 1815 fuisse
1541 1795 1610 1815 mo-

932 1842 998 1868 net.
1046 1835 1150 1867 Marte
1172 1847 1235 1872 suo,
1259 1833 1542 1877 disceptationibus
1565 1834 1612 1865 so-

932 1886 1085 1918 rensibus.
1120 1887 1200 1917 Haec
1218 1896 1347 1927 quoque
1363 1890 1520 1926 postrema
1536 1895 1610 1914 con-

932 1936 1145 1968 cursationem
1180 1941 1213 1967 et
1248 1934 1354 1966 studia
1390 1934 1500 1977 populi
1530 1934 1611 1965 bene

932 1992 1054 2018 notant.

979 2039 1052 2070 189.
1084 2038 1228 2072 Qum-ere
1257 2047 1275 2068 e
1302 2036 1386 2071 Dea,
1405 2040 1440 2065 ut
1462 2033 1495 2064 in
1521 2033 1612 2065 libris

931 2087 1155 2130 superioribus,
1171 2098 1188 2118 e
1204 2087 1224 2119 J
1228 2097 1300 2123 ano,
1313 2087 1421 2117 Marte
1432 2090 1465 2116 et
1474 2085 1612 2116 Venere.

933 2139 1034 2173 Lotos.
1059 2138 1138 2170 tibia
1160 2148 1178 2169 e
1201 2136 1270 2173 loti,
1297 2136 1426 2178 Libycae
1455 2134 1610 2177 inprimiS,

932 2188 1154 2220 arundinibus·
1202 2187 1286 2219 Vide
1312 2184 1521 2221 Gronovium,
1541 2185 1609 2216 Ob-

931 2243 1046 2269 servat.
1066 2238 1109 2268 iv.
1131 2237 1181 2269 15.
1228 2237 1267 2267 In
1290 2235 1346 2267 illo
1372 2234 1505 2277 strepitu
1527 2235 1610 2265 bene

929 2288 989 2319 sibi
1019 2287 1156 2319 consulit
1182 2293 1290 2329 poeta.
1337 2285 1462 2325 Neptes,
1490 2285 1609 2321 Musae,

931 2349 1004 2370 nam
1022 2337 1145 2380 Cybele
1169 2336 1293 2373 eadem,
1306 2346 1378 2377 quae
1396 2334 1501 2370 Rhea,
1516 2333 1608 2366 Jovis

930 2393 1042 2419 mater.
1090 2387 1135 2418 Ut
1157 2386 1209 2418 hic
1231 2388 1323 2418 doctae
1345 2392 1456 2425 neptes,
1472 2384 1517 2415 sic
1534 2385 1607 2414 Me-

930 2444 1008 2469 tam.
1039 2450 1068 2470 v.
1098 2439 1174 2469 255.
1204 2438 1324 2472 Musae,
1357 2438 1451 2466 ‹loctoe
1485 2445 1609 2465 sorores.

933 2489 1030 2525 Cura,
1055 2488 1172 2531 cupido
1196 2485 1410 2528 cognoscendi
1434 2495 1547 2516 causas
1571 2484 1608 2514 il-

930 2537 1032 2570 lorum
1066 2537 1198 2569 rituum.
1262 2536 1405 2577 Cybeleia
1443 2545 1463 2565 a
1501 2539 1606 2565 monte

930 2588 1090 2630 Phrygiae,
1118 2587 1173 2629 qui
1199 2593 1230 2618 et
1261 2586 1402 2628 Cybelus,
1427 2590 1460 2616 et
1486 2585 1606 2625 Cybele,

931 2646 963 2670 et
990 2640 1122 2680 Cybelen
1149 2637 1316 2676 scribitur3
1342 2635 1524 2667 notissimus
1547 2633 1607 2664 fuit

930 2689 1046 2720 Matris
1067 2688 1175 2720 Defim
1198 2687 1363 2730 religione.
1400 2685 1485 2716 Vide
1505 2685 1605 2714 Hem-

928 2739 1066 2771 sterhus.
1098 2738 1139 2769 ad
1168 2737 1359 2769 Lucianurn.
1388 2741 1462 2766 tom.
1488 2733 1509 2765 i.
1533 2743 1606 2775 pag·

931 2791 993 2820 :308
1010 2800 1082 2831 sqq.
1100 2789 1178 2820 edit.
1193 2786 1386 2830 Bipontinae.
