1809 3220
234 211 319 254 108

628 211 680 252 P.
716 208 935 252 OVIDII
969 207 1255 252 NASONIS

239 328 342 384 Sic,
370 327 601 392 quamvis
628 328 804 375 aberat
829 327 1028 392 placitae
1053 326 1325 391 praesentia
1349 326 1539 385 formae,

303 405 468 461 Quem
495 405 708 454 dederat
733 422 958 471 praesens
984 404 1159 463 forma,
1187 406 1428 454 manebat
1452 422 1607 455 amor.

234 484 395 533 Ardet
411 503 422 543 ;
465 491 517 532 et
542 484 716 548 injusti
743 484 962 532 stimulis
985 483 1207 548 agitatus
1233 485 1434 541 amoris,

303 563 582 627 Comparat
607 563 815 627 indigno
833 564 1039 627 vimque
1066 569 1362 627 metumque
1383 570 1510 611 toro.
1552 566 1652 611 780

234 640 418 689 Exitus
444 641 496 688 in
521 641 677 690 dubio
703 649 810 690 est:
853 642 1155 690 audebimus
1182 642 1375 699 ultima,
1403 641 1560 700 dixit3

299 719 513 777 Viderit,
542 721 791 770 audentes
817 721 986 770 forsne
1008 721 1218 769 Deusne
1239 722 1400 785 juvet.

234 797 480 862 Cepimus
507 800 742 848 audendo
770 801 963 849 Gabios
990 816 1214 865 quoque.
1276 799 1423 847 Talia
1446 798 1596 855 fatus,

301 875 439 925 Ense
464 878 596 925 latus
622 878 812 942 cingit3
854 886 1102 943 tergaque
1127 877 1314 943 pressit
1339 877 1476 941 equi.

227 952 433 1019 Accipit
458 963 610 1004 aerata
627 957 867 1020 juvenem
895 956 1117 1004 Collatia
1142 963 1303 1020 porta,

1548 957 1648 1003 785

298 1032 533 1082 Condere
553 1035 660 1097 jam
685 1036 851 1082 vultus
878 1035 984 1083 sole
1010 1042 1221 1099 parante
1248 1050 1384 1081 suos.

225 1108 418 1167 Hostis,
446 1119 501 1159 ut
526 1112 727 1177 hospes,
756 1114 848 1161 init
870 1114 1150 1178 penetralia
1177 1112 1448 1160 Collatini:

298 1188 525 1238 Comiter
549 1190 803 1256 excipitur
826 1209 835 1239 :
879 1192 1125 1255 sanguine
1146 1192 1358 1255 junctus
1385 1197 1509 1239 erat.

229 1266 489 1323 Quantum
516 1269 698 1317 animis
725 1270 904 1318 erroris
931 1270 1088 1318 inest!
1129 1276 1275 1334 parat
1298 1269 1458 1317 inscia
1482 1283 1650 1317 rerum

298 1345 483 1394 Infelix
510 1347 686 1412 epulas
713 1348 944 1396 hostibus
971 1348 1057 1396 illa
1083 1347 1206 1396 suis.

1551 1350 1650 1396 790

232 1422 459 1472 Functus
479 1426 840 1490 eratdapibus:
865 1433 1083 1491 poscunt
1102 1443 1193 1474 sua
1209 1433 1439 1490 tempora
1457 1424 1643 1474 somni:

299 1501 417 1550 Nox
443 1511 565 1559 erat,
595 1511 646 1551 et
671 1511 779 1552 tota
802 1505 992 1552 lumina
1018 1505 1158 1552 nulla
1182 1504 1350 1552 domo.

230 1579 418 1643 Surgit,
447 1589 497 1629 et
523 1590 755 1630 auratum
782 1582 964 1646 vagina
989 1582 1169 1630 liberat
1195 1572 1369 1630 ensem
1392 1601 1403 1639 ;

294 1657 361 1706 Et
385 1659 521 1708 venit
547 1660 597 1707 in
623 1660 888 1718 thalamos,
916 1667 1074 1724 nupta
1100 1660 1301 1725 pudica,
1329 1667 1461 1708 tuos.

222 1817 285 1842 sii-o
307 1812 356 1843 vel
381 1812 497 1844 africo:
536 1818 558 1831 ‘¹
576 1815 702 1852 Quibus
723 1816 791 1857 jam
817 1815 895 1846 nihil

220 1859 413 1902 spirantibus
429 1862 522 1894 unda:
540 1869 646 1895 tamon
668 1866 760 1896 factm
776 1865 895 1897 diutius

222 1915 356 1947 tument,
370 1917 401 1942 et
417 1922 435 1943 a
452 1919 545 1944 vento
561 1914 691 1955 quidem
702 1914 894 1957 jamdudum

221 1954 402 1996 tranquillae
430 1962 514 1993 sunt,
531 1957 587 1988 sed
615 1969 700 1989 mare
723 1965 771 1989 est
797 1959 894 1989 etiam

221 2008 317 2044 atque
330 2004 426 2036 etiam
441 2005 706 2038 undabundum.''

265 2052 341 2084 779.
362 2054 434 2085 Liv.
452 2055 472 2086 i.
488 2057 542 2087 59.
558 2056 616 2087 hoc
639 2057 744 2099 ipsum
759 2058 892 2100 Tarqui-

221 2101 265 2132 nii
304 2101 426 2135 facinus
463 2107 580 2147 regiam
619 2108 768 2146 injuriam
793 2114 895 2139 vocat.

223 2151 397 2192 Comparat,
418 2161 520 2196 parat.
569 2155 714 2198 Indigno,
738 2156 791 2199 qui
818 2156 896 2189 talia

222 2211 285 2232 non
311 2203 502 2235 merebatur.
550 2205 652 2237 Paulo
677 2213 747 2248 post
768 2207 895 2239 volebat

222 2250 340 2288 dicere,
360 2252 550 2285 audentibus
578 2256 685 2286 omnia
708 2257 895 2289 succedunt.

224 2300 329 2343 Vulgo
354 2313 536 2334 successum
558 2303 646 2335 illum
670 2306 814 2337 For-tumn
838 2307 892 2338 tri-

222 2351 487 2395 buebant‚jiu·tes
506 2355 643 2385 Fortuna
655 2359 752 2396 jurat
765 2370 774 2387 .-
798 2358 894 2388 Sexto

221 2401 352 2442 perinde
383 2409 441 2439 est,
473 2404 543 2444 quis
567 2405 625 2436 hoc
651 2406 758 2442 saciat,
783 2407 894 2438 Forsue

223 2451 358 2482 Deusue.
411 2453 527 2484 Viderit
545 2466 602 2486 vox
621 2456 698 2497 eju-0.
715 2457 768 2498 qui
785 2468 892 2488 curaui

220 2500 265 2530 rei
289 2499 321 2530 in
346 2501 443 2532 aliurn
465 2503 578 2544 rejicit.
616 2505 699 2536 Vide
725 2505 893 2538 Heinsium

222 2549 261 2580 ad
279 2549 307 2580 l.
325 2561 362 2580 ex
378 2551 489 2588 Ponto,
506 2552 538 2583 ii.
554 2554 588 2584 9.

266 2600 340 2632 785.
356 2602 478 2642 Accipit
494 2614 548 2633 nos
564 2604 663 2640 locus,
680 2615 774 2646 quem
789 2605 891 2647 ingre-

220 2650 337 2681 dimur.
376 2651 573 2689 Ali-atcuaere
589 2654 740 2685 obducta.
778 2655 892 2692 Hostis,

222 2706 257 2729 ut
273 2700 384 2739 hospes.
423 2701 485 2733 Hic
502 2702 642 2740 lusus‚in
659 2714 722 2745 quo
738 2704 783 2735 vis
798 2705 890 2740 inest.

220 2748 343 2790 placuit
365 2751 461 2782 etiam
486 2752 587 2789 Livio,
604 2753 658 2795 qui
676 2759 695 2770 ‘⁸
715 2754 814 2785 hostis
835 2766 890 2797 pro

220 2798 342 2841 hospite
368 2801 442 2832 mihi
463 2802 597 2845 sibique,
614 2804 699 2835 elc.’'
741 2805 888 2836 Collacini

967 1813 1078 1844 Heius.
1111 1812 1204 1844 unius
1234 1813 1354 1845 Medic.
1383 1812 1574 1857 auctoritate
1608 1813 1642 1845 in

967 1864 1123 1894 Collatino
1142 1862 1289 1899 mutavit,
1305 1863 1381 1906 quia
1402 1868 1434 1894 et
1450 1863 1540 1905 Virg.
1558 1864 1637 1894 :Em

965 1914 1006 1944 vi.
1028 1914 1117 1951 7443
1158 1912 1377 1944 “Collatinas
1406 1912 1518 1944 arces’'
1547 1911 1642 1944 dixit.

965 1963 1011 1994 At
1026 1963 1113 2004 Virg.
1125 1968 1224 1994 totam
1241 1963 1351 1994 urbem
1369 1962 1540 1998 intellexit,
1556 1963 1639 1993 Nos-

963 2019 1010 2044 ter
1024 2012 1117 2044 unius
1134 2011 1285 2043 Collatini
1301 2012 1442 2044 domum.
1481 2012 1640 2054 Sanguine

953 2065 1098 2103 junctus.
1130 2062 1276 2104 Egerius,
1293 2061 1445 2094 Collatini
1462 2068 1561 2105 pater,
1578 2061 1641 2094 sra-

965 2119 1012 2144 [er
1025 2112 1191 2155 Tarquinii
1214 2112 1315 2144 Prisci
1335 2113 1450 2150 fuerat,
1465 2113 1558 2155 cujus
1582 2122 1638 2144 ne-

964 2173 1020 2205 pos
1033 2163 1148 2194 Sextus
1162 2161 1368 2205 Tarquinius.

1009 2213 1083 2244 793.
1112 2213 1191 2243 Tam
1219 2212 1283 2249 hic,
1314 2224 1410 2255 quarn
1437 2214 1574 2245 Metam.
1597 2212 1641 2244 vi.

963 2264 1038 2294 551.
1055 2261 1108 2293 alii
1132 2263 1226 2294 MSS.
1248 2263 1368 2294 habent
1390 2265 1504 2304 deripit
1526 2274 1636 2294 ensem.

963 2312 1027 2343 Sed
1043 2323 1127 2343 nunc
1144 2323 1246 2344 sermo
1261 2323 1323 2344 non
1337 2319 1386 2345 est
1400 2312 1440 2344 de
1452 2313 1639 2345 vehemente

963 2361 1097 2404 impetu.
1158 2362 1197 2393 In
1225 2363 1326 2393 verbis
1355 2362 1443 2394 Sexti
1474 2362 1544 2394 Liv.
1568 2363 1637 2395 haec

963 2411 1080 2442 habet.
1114 2413 1267 2444 “Sextus
1304 2411 1497 2454 Tarquinius
1533 2413 1637 2444 sum.''

963 2461 1024 2492 Pro
1039 2461 1077 2491 iis
1093 2461 1190 2493 ovid.
1210 2462 1452 2503 Tarquiniusque
1468 2463 1518 2494 vel
1533 2474 1633 2499 vocor,

963 2512 1013 2541 vel
1040 2522 1056 2542 e
1081 2512 1156 2542 lect.
1177 2512 1347 2543 Pembroc.
1372 2511 1454 2554 Reg.
1473 2512 1587 2544 Petav.
1605 2519 1637 2544 et

962 2560 1105 2598 aliorum,
1136 2573 1233 2604 quam
1266 2563 1471 2593 Burmannus
1499 2563 1632 2605 recepit,

964 2611 1089 2651 Ia›q1mi·,·
1114 2622 1185 2653 quae
1215 2611 1279 2642 duo
1306 2611 1418 2642 eodem
1444 2622 1540 2643 sensu
1561 2613 1634 2655 capi

961 2667 1102 2702 possunt.
1158 2663 1272 2692 Burm.
1300 2668 1407 2693 tamen
1431 2663 1495 2693 vim
1522 2664 1640 2705 quaerit

960 2710 990 2740 in
1015 2721 1091 2742 voce
1117 2712 1241 2752 loquor:
1265 2712 1409 2748 Sextum,
1429 2718 1466 2743 ut
1487 2711 1552 2743 vim
1575 2712 1632 2744 ad-

959 2759 1048 2791 deret
1067 2761 1181 2797 verbis,
1203 2761 1320 2793 dixisse
1344 2762 1471 2793 sublata
1494 2762 1632 2794 insolen-

959 2808 1020 2839 iius
1049 2821 1135 2847 voce,
1167 2821 1199 2842 se
1235 2811 1334 2854 loqui,
1362 2811 1571 2854 Tarquinium
1598 2817 1630 2844 et
