1809 3220
189 179 278 222 366
728 178 1080 222 EXCURSUS

186 297 379 339 homines
413 296 633 338 Romanos
666 298 816 351 patriae
850 297 1037 339 historiae
1068 297 1382 338 amantissimos
1411 302 1456 338 et
1485 310 1616 351 quam

183 367 373 409 maxime
390 380 560 422 gnarOS‚
580 366 736 421 quibus
753 366 846 422 jam
869 373 998 408 antea
1018 366 1147 408 Ennii
1169 372 1214 408 et
1231 365 1406 422 Virgilii
1427 365 1618 408 carmina

184 437 325 492 patria
353 435 597 491 gratissima
625 436 738 478 dona
767 436 1030 478 acciderant.
1098 436 1156 478 Et
1180 436 1317 477 simile
1347 435 1617 492 propositum

184 506 302 562 prius
330 506 421 562 jam
453 506 683 561 Propertio
713 507 846 547 fuisse
876 506 969 562 ipse
1002 506 1085 548 IV.
1112 507 1139 547 i.
1166 506 1238 548 69.
1270 506 1400 555 canit,
1431 519 1615 562 quorum

185 591 389 618 versuum
411 590 494 617 non
520 576 725 631 exiguam
749 576 833 618 vim
855 576 909 618 ad
933 575 1083 618 Ovidii
1105 576 1327 618 consilium
1352 576 1419 618 vel
1443 576 1618 631 capien-

184 646 287 688 dum
320 645 389 687 vel
422 645 762 687 confirmandum
796 646 946 694 fuisse,
981 646 1157 701 quidam
1191 645 1423 688 voluerunt
1457 646 1613 700 (Lenz.

186 732 228 773 p.
255 718 309 764 4;
345 717 497 758 Barth.
520 717 573 758 ad
604 716 822 772 Propertii
846 717 872 758 l.
902 718 961 767 c.)
1025 716 1076 758 In
1107 716 1249 773 elegia
1275 717 1388 758 enim
1419 715 1506 765 illa,
1531 729 1619 771 qua

184 786 344 828 homini
376 787 606 842 peregrino
646 787 853 842 praeclara
892 785 1047 828 Romae
1082 793 1360 828 monumenta
1391 801 1437 827 se
1470 791 1613 828 osten-

184 856 362 898 dentem
383 856 521 912 fingit,
546 862 775 912 postquam
799 857 873 898 diu
897 871 1064 898 summo
1086 871 1183 897 cum
1207 857 1360 898 ardore
1383 862 1428 898 et
1448 856 1615 911 impetu

183 941 306 968 sacra
328 926 528 969 Romana
559 927 798 982 horumque
826 926 1016 968 locorum
1045 924 1234 969 divinam
1262 927 1474 982 originem
1500 925 1615 968 cele-

182 996 399 1046 braverat,
422 996 515 1039 haec
539 1012 586 1038 se
608 997 840 1052 aliquando
863 997 1052 1038 carmine
1075 997 1289 1038 elaturum
1310 997 1546 1053 promittit:

336 1107 454 1145 Sacra
475 1106 635 1158 diesque
656 1120 793 1144 canam
814 1114 854 1145 et
874 1106 1102 1157 cognomina
1121 1107 1246 1158 prisca
1266 1106 1434 1145 locorum
1451 1121 1459 1143 :

182 1213 299 1268 quod
332 1212 556 1254 consilium
589 1218 709 1253 certe
742 1226 870 1266 quam
908 1211 1106 1267 proxime
1143 1211 1194 1252 ad
1236 1211 1370 1252 nostri
1403 1211 1612 1253 rationem

181 1283 367 1325 accedit.
431 1282 633 1331 Ovidius,
667 1283 740 1337 qui
767 1283 856 1337 jam
890 1283 944 1323 ad
977 1296 1149 1323 carmen
1184 1282 1314 1322 etiam
1348 1281 1612 1323 didacticum

180 1359 367 1395 metrum
389 1353 630 1408 elegiacum
655 1353 948 1401 transtulerat,
969 1352 1010 1393 in
1036 1352 1115 1394 hoc
1138 1353 1269 1393 etiam
1293 1367 1453 1408 genere
1477 1353 1614 1408 magis

181 1425 306 1479 epico
327 1423 464 1478 elegis
485 1423 563 1464 sibi
586 1422 923 1463 familiarissimis
947 1422 1194 1477 simpliciori
1222 1436 1424 1477 magnam
1447 1428 1614 1477 partem

182 1493 365 1535 orationi
396 1493 539 1548 aptius
573 1493 673 1534 visis
706 1493 769 1534 uti
802 1493 1029 1541 maluerat,
1058 1492 1170 1533 forte
1202 1492 1244 1533 in
1278 1492 1356 1533 hac
1389 1492 1517 1534 etiam
1550 1508 1613 1542 re,

180 1563 262 1605 nisi
293 1562 621 1611 Callimachum,
651 1563 706 1604 de
740 1563 864 1618 cujus
892 1568 1031 1604 metro
1062 1562 1299 1611 dubitatur,
1330 1568 1474 1604 tamen
1507 1562 1612 1605 Pro-

179 1635 368 1691 pertium
395 1634 646 1689 respiciens,
673 1634 747 1689 qui
775 1640 819 1675 et
848 1639 977 1674 antea
1009 1633 1154 1688 plures
1179 1633 1364 1674 heroicae
1395 1632 1613 1676 Romano-

181 1719 274 1746 rum
308 1704 447 1746 aetatis
477 1719 546 1746 res
576 1710 723 1760 gestas
749 1703 886 1759 elegis
910 1708 1157 1751 exornarat,
1183 1709 1230 1744 et
1254 1704 1295 1743 in
1321 1703 1399 1745 hoc
1422 1704 1614 1746 carmine

180 1776 297 1831 quod
325 1775 552 1830 promittit,
580 1781 626 1815 ut
655 1774 749 1829 ejus
778 1773 919 1815 verbis
951 1779 1062 1822 utar,
1086 1772 1258 1814 mollem
1290 1773 1399 1815 vatis
1429 1773 1613 1829 elegiaci

179 1844 386 1887 hederam
429 1844 604 1886 hirsutae
647 1843 776 1885 Ennii
817 1843 938 1885 lauro
980 1858 1026 1884 se
1067 1843 1342 1898 praelaturum
1385 1843 1615 1898 profitetur

178 1915 283 1968 (IV.
308 1916 335 1957 i.
357 1916 450 1966 57.)
493 1916 682 1956 Tantum
706 1915 739 1956 si
763 1930 832 1956 res
856 1915 1040 1970 majores
1063 1915 1270 1956 canendae
1292 1921 1407 1963 sunt,
1426 1914 1614 1957 Ovidius

180 1986 487 2028 excusationes
509 1986 563 2027 de
586 1985 786 2027 carminis
809 1986 1021 2026 tenuitate
1046 1991 1091 2026 et
1114 1985 1239 2026 metri
1262 1985 1445 2041 elegiaci
1466 2000 1547 2027 usu
1569 1986 1612 2027 in

181 2056 371 2098 carmine
398 2056 599 2097 historico
629 2056 768 2096 minus
793 2055 987 2103 solemni,
1012 2064 1238 2110 poetarum
1265 2069 1396 2104 more,
1415 2056 1612 2097 modeste

181 2127 234 2168 ab
257 2126 419 2182 ingenii
445 2126 487 2166 in
513 2127 642 2167 tantis
667 2125 843 2167 defectu
873 2132 917 2166 et
943 2126 1089 2166 innato
1114 2125 1302 2180 quodam
1332 2139 1477 2166 amore
1503 2125 1613 2166 levis

183 2196 308 2253 hujus
331 2197 502 2252 generis
521 2198 645 2252 petit.
709 2196 865 2237 Statim
895 2197 948 2237 ab
976 2197 1098 2237 initio
1126 2196 1218 2236 libri
1242 2195 1437 2244 secundi,
1461 2195 1503 2236 in
1525 2210 1612 2250 quo

181 2266 374 2322 Augusti
397 2267 572 2322 quidam
595 2267 706 2308 tituli
725 2266 973 2308 celebrandi
996 2273 1108 2315 sunt,
1130 2265 1206 2306 hac
1231 2265 1285 2306 de
1306 2280 1352 2306 re
1374 2270 1613 2320 praemonet

181 2336 244 2390 (ii.
274 2336 303 2378 8
335 2338 448 2392 sqq.)
480 2343 523 2377 et
562 2351 695 2391 quum
730 2336 962 2378 Octaviani
997 2350 1237 2391 cognomen
1271 2334 1413 2376 Patris
1446 2333 1610 2376 Patriae

185 2407 430 2449 canendum
454 2413 535 2455 est,

317 2515 427 2562 Quid
446 2514 550 2552 volni
569 2514 741 2559 demens,
764 2514 943 2565 (clamat)
966 2515 1086 2566 elegis
1105 2515 1302 2566 imponere
1322 2522 1479 2553 tantum

371 2578 571 2624 Ponderis,
591 2579 698 2617 heroi
718 2593 778 2617 res
797 2587 880 2618 erat
900 2580 973 2618 ista
993 2579 1112 2631 pedis.
