1830 3220
622 197 975 241 FASTORUM
1007 198 1129 242 LIB.
1153 199 1236 243 VI.

1550 202 1637 244 339

211 315 322 363 Nec
345 315 526 363 modus
552 316 686 364 ullus
712 326 846 366 erat:
875 319 1141 367 crescebat
1164 317 1384 383 imagine
1410 318 1592 378 luctus,

278 392 455 442 Donec
482 410 593 442 earn
620 395 798 460 positis
824 397 1093 445 occuluere
1119 397 1266 461 togis.

206 471 377 520 Tertia
402 489 559 521 causa
579 474 702 521 mihi
729 474 894 539 spatio
918 476 1110 539 majore
1136 476 1368 525 canenda
1393 482 1500 526 est:
1531 479 1628 525 585

276 551 385 600 Nos
412 560 583 601 tamen
610 553 858 602 adductos
884 554 1021 602 intus
1048 571 1259 619 agemus
1286 572 1464 621 equos.

203 629 387 689 Tullia,
416 632 670 697 conjugio,
698 633 906 682 sceleris
933 634 1186 692 mercede,
1217 642 1447 700 peracto,

273 709 369 758 His
397 710 547 759 solita
572 719 650 760 est
675 711 825 760 dictis
852 713 1183 762 exstimulare
1204 714 1366 762 virum
1388 732 1398 763 :

205 787 340 845 Quid
360 791 506 854 juvat
531 807 643 839 esse
671 807 835 856 pares,
863 799 914 840 te
940 800 1122 840 nostrae
1148 793 1288 842 caede
1315 794 1515 851 sororis,

271 868 465 934 Meque
489 869 562 917 tui
587 869 770 926 fratris,
796 871 836 918 si
864 871 947 936 pia
971 872 1072 919 vita
1098 872 1301 937 placet?

1531 875 1630 922 590

202 947 384 996 Vivere
409 948 712 1006 debuerant,
741 957 793 998 et
817 950 889 996 vir
913 966 1074 1007 meus,
1103 958 1154 999 et
1177 958 1267 999 tua
1290 952 1495 1016 conjux,

272 1026 327 1074 Si
353 1027 550 1075 nullum
577 1028 747 1076 ausuri
773 1030 937 1094 majus
965 1045 1165 1077 eramus
1191 1047 1337 1095 opus.

201 1104 269 1153 Et
294 1115 465 1171 caput,
494 1114 547 1155 et
571 1123 782 1171 regnum
808 1106 938 1156 facio
964 1108 1133 1157 dotale
1159 1109 1385 1174 parentis
1408 1127 1418 1157 :

272 1185 327 1233 Si
351 1202 438 1233 ver
461 1203 544 1244 es3
587 1185 619 1243 i,
647 1186 808 1234 dictas
835 1186 985 1251 exige
1011 1186 1144 1235 dotis
1170 1204 1311 1253 opes.

201 1264 367 1328 Regia
380 1281 460 1313 res
477 1266 643 1314 scelus
661 1274 761 1315 est:
787 1283 963 1316 socero
978 1283 1105 1332 cape
1121 1283 1276 1332 regna
1297 1273 1501 1327 necato3
1527 1270 1624 1316 595

269 1343 336 1392 Et
361 1352 557 1393 nostras
583 1345 745 1410 patrio
771 1346 1019 1410 sanguine
1047 1346 1219 1410 tingue
1247 1362 1446 1394 manus.

199 1422 408 1472 Talibus
435 1423 707 1472 instinctus
734 1424 859 1472 solio
886 1425 1110 1490 privatus
1138 1425 1187 1472 in
1214 1425 1319 1473 alto

267 1502 514 1552 Sederat:
557 1503 843 1552 adtonitum
868 1504 1050 1568 vulgus
1076 1503 1141 1552 ad
1168 1520 1308 1553 arma
1331 1503 1446 1552 ruit.
1468 1520 1470 1526 ’

239 1665 315 1696 585.
338 1663 447 1696 Tertia
471 1675 580 1702 causa,
597 1676 668 1708 quae
686 1665 783 1697 babet
798 1676 867 1708 par-

195 1720 260 1746 tem
286 1715 523 1747 memorabilem
548 1715 686 1747 historiae
703 1715 870 1748 Romanae.

197 1765 261 1797 Nos
285 1771 397 1802 tamen,
412 1771 475 1797 etc.
499 1765 539 1797 de
565 1765 624 1797 hac
646 1765 782 1797 formula
798 1766 870 1798 vide

194 1815 236 1847 ad
262 1815 304 1847 iv.
323 1816 373 1846 16.
423 1815 528 1846 Tullia
551 1815 653 1847 minor
675 1815 762 1847 ferox
787 1826 869 1859 nup—

194 1873 279 1899 serat
299 1865 418 1898 Arunti
438 1866 624 1908 Tarquinio,
641 1866 727 1898 mitis
749 1865 870 1909 ingenii

190 1917 323 1960 juveni3
346 1916 454 1948 Tullia
482 1917 582 1959 major
606 1928 694 1954 vero,
726 1917 871 1950 modesta

191 1973 224 1999 et
239 1967 338 2010 patris
358 1978 479 2005 amans,
496 1967 597 1999 Lucio
617 1967 802 2010 Tarquinio,
818 1968 870 2000 cui

193 2018 319 2050 animus
344 2017 515 2049 ardentior.
555 2018 618 2050 Sed
642 2018 701 2049 illa
724 2018 769 2050 sic
791 2030 870 2062 quo-

192 2081 254 2112 que
271 2068 408 2101 Lucium
429 2068 574 2100 celeriter
593 2080 658 2101 suae
683 2070 871 2101 temeritatis

192 2119 361 2163 implevit3
391 2124 412 2137 “
431 2119 467 2150 L.
491 2119 684 2162 Tarquinius
709 2125 742 2151 et
763 2120 871 2152 Tullia

193 2171 294 2202 minor
329 2181 427 2213 prope
461 2170 657 2202 continuatis
695 2170 869 2208 funeribus,

194 2232 292 2264 quum
309 2220 419 2252 domos
436 2231 554 2252 vacuas
574 2232 655 2252 novo
671 2220 871 2254 matrimonio

191 2272 350 2307 fecissent,
387 2271 567 2314 junguntur
601 2271 722 2314 nuptiis
738 2272 773 2311 ;''
815 2272 868 2304 Li-

192 2322 274 2359 vius,
293 2322 314 2354 i.
331 2322 385 2353 46.
435 2322 644 2353 Eiscimulare
664 2322 792 2364 gravius
811 2329 870 2360 est,

192 2384 289 2416 quam
317 2373 450 2404 aliorum
478 2375 665 2405 sotlicitare:
700 2374 786 2416 apud
816 2374 871 2405 Li-

191 2425 305 2456 vium:
330 2428 353 2443 “
370 2434 430 2455 nec
455 2430 562 2461 nocte,
581 2435 640 2456 nec
662 2424 800 2455 interdiu
823 2424 868 2456 vi-

190 2485 260 2507 rum
277 2474 502 2517 conquiescere
524 2475 658 2518 patitur,
674 2485 714 2506 ne
731 2475 871 2517 gratuita

189 2524 350 2569 praeterita
378 2524 553 2568 parricidia
585 2525 724 2557 essent.”
776 2525 870 2558 Conf.

190 2575 396 2617 Dionysium,
410 2575 455 2606 iv.
473 2576 526 2607 28.

234 2626 424 2658 589—596.
455 2626 488 2657 Si
516 2625 675 2669 placuerit
703 2626 773 2658 haec
796 2637 870 2658 cum

190 2675 294 2713 Livio,
315 2675 337 2707 i.
354 2677 406 2707 47.
427 2686 622 2719 comparare,
645 2676 731 2708 hunc
747 2676 870 2709 videbis

190 2726 291 2758 multo
306 2725 512 2769 superiorem.
545 2726 596 2757 Ibi
612 2731 690 2769 quot
701 2727 808 2764 verba,
824 2733 872 2758 tot

191 2776 343 2819 pondera,
360 2776 476 2819 quibus
496 2776 597 2808 multo
614 2777 718 2808 acrius
738 2776 870 2819 instiga-

191 2834 241 2858 tur
260 2827 388 2871 juvenis
406 2828 541 2860 animus.
590 2828 695 2859 Pietas
722 2839 806 2860 nunc
823 2833 871 2859 est

940 1675 1060 1702 eorum,
1086 1663 1142 1707 qui
1171 1663 1251 1696 nihil
1276 1662 1397 1695 audent
1419 1664 1452 1694 in
1476 1667 1623 1706 patrem;

940 1715 996 1747 sed
1020 1715 1143 1755 pietatis
1163 1714 1337 1757 imaginem
1359 1724 1444 1745 nunc
1463 1723 1524 1744 non
1540 1713 1623 1744 bene

939 1765 1055 1796 Tulliae
1088 1765 1196 1796 tribuit
1223 1771 1336 1807 poeta:
1363 1763 1480 1796 melius
1502 1762 1624 1800 Livius,

940 1814 961 1832 ‘⁴
976 1815 1023 1846 Eo
1042 1826 1127 1846 nunc
1151 1815 1243 1857 pejus
1258 1819 1382 1846 mutata
1397 1820 1446 1846 est
1461 1824 1521 1852 res,
1537 1813 1623 1856 quod

939 1865 1011 1897 istic
1028 1876 1102 1897 cum
1118 1864 1247 1907 ignavia
1265 1872 1313 1896 est
1328 1864 1468 1896 scelus.’'

985 1918 1062 1948 593.
1077 1916 1177 1959 Apud
1193 1915 1317 1947 Livium
1330 1916 1385 1958 jus
1400 1914 1489 1957 regni
1512 1925 1531 1946 a
1544 1914 1623 1945 Tar-

941 1966 1043 2010 quinii
1070 1973 1160 2010 patre
1190 1966 1319 2010 repetit,
1348 1966 1408 1998 hoe
1438 1966 1508 1997 loco
1539 1976 1559 1997 a
1587 1975 1621 1996 se

941 2028 1062 2060 suoque
1087 2018 1260 2061 conjugio3
1284 2017 1330 2048 sic
1353 2022 1385 2048 et
1405 2017 1541 2058 Dionys.
1556 2017 1621 2047 29:

939 2068 1022 2099 illud
1048 2068 1174 2099 melius.
1222 2068 1335 2099 Dicere
1355 2069 1453 2099 dotem
1478 2072 1534 2098 aut
1560 2068 1625 2098 doti

940 2129 1009 2151 esse
1038 2118 1206 2151 formulam
1234 2118 1420 2155 solemnem,
1449 2128 1548 2160 quum
1572 2119 1621 2149 di-

939 2181 1006 2201 cere
1030 2169 1127 2201 etiam
1155 2169 1313 2212 polliceri,
1330 2168 1492 2205 addicere,
1516 2168 1623 2209 adsig-

940 2231 1027 2258 nare,
1066 2220 1260 2252 constituere
1304 2220 1474 2262 significet,
1513 2218 1623 2251 docuit

940 2270 1104 2302 Heinsius.
1161 2271 1245 2303 Cum
1281 2269 1398 2307 verbis,
1437 2270 1539 2313 Regia
1575 2281 1623 2301 res

939 2323 1036 2353 scelus
1056 2329 1109 2358 est,
1136 2320 1292 2363 Neapolis
1314 2326 1479 2364 comparat
1502 2331 1541 2352 ex
1563 2320 1621 2352 Se-

939 2383 1031 2410 neca,
1054 2373 1191 2415 Thyest.
1210 2383 1276 2403 ver.
1301 2372 1387 2403 217:
1413 2376 1433 2389 “
1448 2371 1620 2409 Sanctitas,

939 2423 1052 2465 pietas,
1067 2423 1157 2459 fides,
1173 2422 1305 2454 Privata
1325 2422 1411 2453 bona
1434 2428 1529 2453 sunt:
1556 2431 1621 2464 qua

935 2474 1040 2516 juvat,
1057 2484 1148 2515 reges
1163 2472 1274 2504 eant.”

984 2525 1060 2556 597.
1086 2523 1185 2566 Apud
1209 2522 1349 2561 Livium,
1375 2522 1396 2555 i.
1413 2524 1466 2554 48.
1491 2522 1619 2554 Servius

939 2575 1132 2618 Tarquinio:
1172 2579 1196 2591 “
1216 2574 1292 2611 Qua
1318 2579 1353 2605 tu
1387 2573 1535 2610 audacia,
1567 2583 1618 2605 me

938 2625 1022 2664 vivo,
1034 2637 1131 2658 ausus
1144 2636 1178 2656 es
1193 2624 1226 2656 in
1237 2624 1313 2656 sede
1328 2623 1492 2656 considere
1503 2634 1573 2654 mea
1583 2623 1618 2654 ‘l'’

939 2676 1079 2720 Neapol.
1114 2686 1178 2708 non
1216 2675 1400 2712 definiebat,
1424 2679 1530 2705 utrum
1566 2675 1617 2705 in·

939 2729 1080 2764 stinctus,
1104 2738 1145 2758 an
1167 2725 1302 2758 aliorum
1324 2728 1496 2757 instructus
1511 2724 1617 2756 verius

940 2782 1041 2809 esset:
1068 2777 1164 2808 immo
1179 2778 1351 2808 instructus
1371 2775 1430 2806 hoc
1446 2775 1506 2805 loc.
1522 2773 1618 2806 nimis

940 2827 1130 2870 languidum
1144 2840 1153 2867 ς
1169 2827 1293 2859 Livius:
1313 2830 1334 2844 “
1350 2824 1560 2858 muliebribus
1570 2823 1619 2856 in-
