1809 3220
209 185 295 228 208

609 186 658 228 Ρ.
693 185 912 228 OVIDII
946 185 1233 228 NASONIS

209 303 444 352 Praeterit
469 310 519 352 et
546 303 778 368 Cyanen,
807 310 859 351 et
883 302 1073 351 fontem
1100 304 1227 352 lenis
1255 302 1418 368 Anapi
1440 321 1449 357 ;

275 381 342 430 Et
366 389 432 438 te,
459 381 733 430 vorticibus
758 398 858 430 non
884 381 1117 430 adeunde
1145 381 1291 430 Gela.

1526 382 1626 428 470

208 458 449 523 Liquerat
476 458 746 524 Ortygien,
776 458 1140 524 Megareaque,
1170 459 1578 523 Pantagienque,

272 536 488 601 Quaque
519 537 840 601 Symaetheas
867 537 1055 602 accipit
1079 554 1254 603 aequor
1279 553 1456 602 aquas,

203 615 466 680 Antraque
495 616 783 682 Cyclopum
810 616 988 682 positis
1015 624 1199 665 exusta
1223 615 1452 672 caminis,

271 693 475 759 Quique
500 695 641 743 locus
667 712 831 743 curvae
858 694 1062 743 nomina
1087 694 1230 742 falcis
1257 694 1428 750 habet,

1523 695 1622 741 474

202 771 464 820 Himeram
501 780 552 821 et
592 773 867 837 Didymen,
905 773 1316 837 Acragantaque,
1348 771 1624 820 Taurome-

271 851 647 916 Sacrorumque
661 851 834 900 Melan
853 867 1042 917 pascua
1058 851 1174 899 laeta
1188 851 1360 899 boum.
1376 851 1621 914 [nonque,

197 1022 355 1061 devolvit3
392 1023 526 1059 Plinius,
552 1022 629 1054 dict.
660 1023 719 1055 loc.
750 1026 877 1064 Anapus

198 1079 253 1104 aut
284 1074 411 1113 Anapis,
444 1073 498 1104 ubi
532 1074 657 1114 Cyanen
688 1073 819 1116 recepit,
844 1073 876 1104 in

197 1130 321 1165 portum
336 1124 565 1165 Syracusarum
582 1123 730 1166 majorem
748 1133 780 1154 se
802 1134 875 1154 exo-

196 1180 308 1210 nerat;
336 1173 474 1205 Metam.
499 1185 530 1204 v.
559 1174 636 1204 412.
692 1174 785 1205 Gelas
814 1174 874 1205 flu-

196 1223 276 1259 vius,
293 1222 334 1254 ad
349 1224 440 1266 cujus
455 1222 570 1254 ostium
587 1223 670 1254 Gela
686 1224 782 1262 urbs;
804 1223 874 1255 vide

198 1273 322 1304 Dorvil.
344 1273 407 1304 Sic.
431 1284 462 1316 p.
485 1273 559 1304 129.
600 1273 716 1315 virgil.
735 1274 811 1304 AEn.
827 1274 873 1305 iii.

196 1323 279 1353 702:
316 1323 519 1364 Immanisque
550 1324 629 1355 Gela
652 1325 744 1363 fluvii
766 1337 875 1367 cogna-

196 1375 277 1404 mine
300 1375 394 1405 dicta.
421 1373 451 1404 A
477 1375 641 1405 vorticibus
664 1374 874 1406 Phoenicibus

195 1423 261 1453 bela
285 1422 389 1454 dictus
413 1428 554 1466 putatur.
602 1423 752 1455 Bochart.
769 1424 874 1456 Chan-

196 1471 218 1504 i.
234 1473 288 1504 29.

241 1523 316 1554 471.
342 1522 484 1565 Ortygie,
512 1521 626 1559 insula,
652 1522 683 1554 in
712 1534 776 1565 qua
802 1534 873 1566 pars

195 1572 426 1614 Syracusarum
457 1572 528 1609 sita,
554 1573 609 1604 ubi
637 1579 668 1604 et
695 1573 764 1604 sons
793 1574 872 1605 Are-

195 1622 304 1661 thusa;
329 1623 466 1653 Metam.
492 1634 522 1653 v.
539 1624 614 1654 499.
664 1623 793 1666 Megara
818 1631 873 1656 aut

198 1672 345 1715 Megaris,
371 1683 441 1715 quae
466 1679 497 1704 et
523 1673 631 1715 Hybla
660 1673 771 1710 minor,
799 1675 872 1706 urbs

194 1733 291 1766 prope
317 1723 492 1765 Syracusas
517 1723 556 1754 ad
586 1734 690 1762 mare;
717 1724 871 1767 Stephan.

196 1773 347 1815 Μεγαρίς
385 1772 421 1804 ἓν
461 1773 604 1817 Σικελίᾳ,
644 1773 665 1812 ἡ
708 1774 871 1817 πρότερον

185 1820 316 1863 “Υβλα;
343 1822 476 1859 Plinius,
501 1822 543 1855 iv.
561 1823 590 1854 7.
638 1823 688 1855 De
713 1824 871 1867 scriptura

193 1871 327 1903 nominis
351 1872 423 1904 vide
449 1872 589 1904 Pintian.
605 1873 645 1904 ad
671 1873 807 1905 Melam.
825 1874 870 1906 ΙΙ.

194 1922 248 1953 vii.
270 1923 342 1955 152.
375 1922 509 1966 Pangies
525 1929 580 1954 aut
598 1924 781 1966 Pantagias,
798 1934 869 1966 par-

194 1982 251 2003 vus
265 1971 380 2003 fluvius
394 1982 490 2014 prope
504 1972 694 2011 Leontinos;
722 1974 808 2005 Plin.
823 1974 867 2006 iii.

196 2022 253 2060 14;
280 2021 394 2052 Vibius
417 2022 490 2063 Seq.
515 2023 647 2054 Cluver.
672 2023 739 2054 Sic.
765 2023 785 2055 i.
808 2025 867 2063 ll;

194 2071 361 2113 Virgilius,
382 2071 510 2102 AEneid.
527 2071 572 2102 iii.
589 2073 664 2103 689.
680 2075 755 2103 ostia
783 2073 866 2104 Pan-

193 2123 296 2164 tagiae,
323 2121 524 2164 Megarosque
549 2123 634 2153 sinus
660 2122 869 2164 Thapsumque

191 2171 369 2214 conjungit.
405 2172 574 2213 Symaethus
590 2171 795 2214 (Σύμαιθος)
811 2173 866 2205 flu-

192 2221 263 2253 vius
288 2221 320 2252 in
347 2221 492 2253 orientali
521 2221 638 2253 Siciliae
667 2228 757 2264 parte
785 2222 868 2254 ultra

191 2271 360 2310 Catinam3
383 2271 496 2303 Strabo
520 2271 575 2304 lib.
600 2273 641 2304 vi.
665 2273 751 2312 272;
784 2273 868 2304 Plin.

189 2321 223 2352 d.
239 2322 260 2353 l.
279 2321 394 2353 Cluver
408 2321 430 2352 i.
448 2322 499 2353 10.

236 2372 311 2403 473.
335 2371 441 2402 Etiam
465 2371 600 2408 Plinius,
624 2371 710 2404 dicto
734 2373 814 2410 loco,
834 2373 867 2405 in

189 2427 279 2463 parte
302 2419 419 2451 Siciliae
443 2421 588 2452 orientali
615 2422 781 2463 Cyclopum
803 2434 864 2454 sca-

188 2472 277 2512 pulos
293 2470 452 2507 collocat,·
479 2471 571 2502 aliter
586 2471 754 2504 Homerus.
803 2473 864 2504 Es-

189 2528 271 2557 usta,
302 2521 385 2552 sicut
414 2520 577 2557 Horatius,
609 2521 636 2552 I.
667 2521 731 2552 Od.
756 2522 800 2553 iv.
829 2524 862 2554 8.

192 2571 277 2602 Dum
302 2581 409 2613 graves
434 2570 601 2612 Cyclopum
628 2571 783 2603 Vulcanus
812 2584 863 2603 ar—

188 2623 262 2652 dens
272 2621 339 2651 urit
350 2619 498 2661 officinas.
526 2620 752 2663 Curcoefalcis.
775 2622 863 2654 Mes-

188 2680 267 2702 sana
277 2669 354 2701 olim
365 2669 481 2701 Zancle
493 2669 582 2701 dicta
594 2680 613 2701 a
624 2670 723 2702 forma
723 2671 862 2712 sulcam,

190 2730 287 2762 quam
304 2719 550 2762 promontorium
567 2719 667 2751 habet
687 2721 773 2752 urbis
792 2732 862 2763 por-

191 2775 258 2800 tum
287 2769 454 2802 includens
484 2770 525 2802 ad
554 2770 668 2802 fretum
697 2770 861 2810 Siculum;

947 1024 1083 1055 Metam.
1117 1035 1168 1055 xv.
1196 1024 1273 1055 290.
1333 1023 1477 1055 Fortasse
1515 1027 1624 1054 tamen

949 1074 1129 1115 Drepanum
1151 1074 1254 1105 innuit
1275 1084 1376 1116 quum
1396 1072 1568 1117 δρὲπανον
1588 1077 1624 1104 ut

946 1123 1072 1167 ζάγκλη
1102 1123 1215 1156 falcem
1243 1124 1386 1161 denotet,
1415 1122 1501 1166 quod
1533 1122 1618 1154 anti-

945 1185 1044 1216 quum
1055 1173 1211 1206 retinebat
1219 1173 1325 1205 adhuc
1336 1183 1464 1205 nomen.
1482 1172 1623 1208 Himera.

944 1235 1041 1266 quarn
1067 1223 1230 1256 Hannibal
1255 1224 1363 1261 diruit,
1383 1224 1416 1256 in
1436 1229 1524 1267 parte
1549 1234 1622 1266 sep-

945 1273 1139 1305 temtrionali
1154 1274 1270 1305 Siciliae
1293 1273 1333 1306 ad
1349 1274 1466 1306 ostium
1483 1273 1622 1305 fluminis

944 1323 1153 1366 cognominis.
1190 1324 1295 1356 Possis
1309 1330 1340 1356 et
1359 1324 1487 1355 Hieram
1503 1323 1622 1366 legere,

944 1384 1015 1416 quae
1039 1373 1110 1411 fuit,
1131 1380 1165 1405 ut
1190 1375 1333 1416 Didyme,
1359 1385 1422 1406 una
1445 1384 1483 1405 ex
1509 1373 1620 1405 insulis

945 1423 1060 1455 AEoliis
1084 1435 1122 1455 ex
1149 1423 1282 1455 adverso
1307 1423 1509 1467 promontorii
1532 1423 1620 1465 Tyn-

943 1473 1044 1513 darii;
1064 1474 1146 1506 Plin.
1162 1474 1207 1506 iii.
1223 1476 1255 1506 9.
1293 1476 1444 1517 Acragas,
1460 1474 1618 1517 Agrigen-

943 1529 1021 1559 tum,
1033 1523 1064 1554 in
1079 1530 1167 1566 parte
1184 1523 1382 1556 meridionali
1399 1523 1480 1555 inter
1492 1523 1619 1566 Pachy-
1683 1544 1687 1548 -

942 1585 1016 1605 num
1034 1580 1065 1605 et
1079 1574 1271 1616 Lilybaeurn,
1285 1574 1316 1605 in
1333 1581 1439 1606 monte
1455 1573 1619 1616 cognomi-

942 1623 992 1661 ni;
1024 1623 1137 1665 virgil.
1163 1624 1240 1656 AEn.
1263 1623 1310 1654 iii.
1336 1623 1420 1655 703:
1452 1623 1619 1654 “Arduus

941 1672 1014 1704 inde
1032 1673 1175 1715 Acragas
1199 1679 1337 1705 ostentat
1360 1673 1502 1705 maxima
1525 1673 1618 1715 longe

942 1721 1105 1754 Moenia.'’
1155 1723 1364 1754 Tauromenon
1379 1735 1389 1761 ,·
1421 1722 1506 1755 Plin.
1530 1721 1618 1754 dicto

940 1773 1024 1810 loco,
1042 1774 1160 1804 colonia
1179 1773 1426 1811 Tauromenium,
1442 1784 1506 1815 quae
1524 1779 1618 1804 antea

942 1823 1064 1861 Nasam
1082 1823 1206 1855 Graecis
1222 1823 1460 1866 Ταυρομένιον.
1499 1822 1569 1855 Sita
1583 1823 1617 1855 in

939 1879 1028 1915 parte
1045 1873 1191 1905 orientali
1206 1874 1290 1906 infra
1306 1874 1500 1906 Messanam.

983 1925 1057 1956 476.
1085 1924 1183 1955 Melas
1207 1925 1321 1956 fluvius
1343 1935 1360 1956 e
1385 1924 1501 1957 finibus
1525 1925 1614 1956 Mes-

937 1974 1118 2006 sanensium
1144 1985 1254 2006 versus
1278 1974 1521 2017 septemtriones
1543 1984 1615 2017 pro-

938 2023 1053 2055 fluens.
1090 2024 1170 2056 Inde
1183 2035 1245 2056 non
1259 2024 1352 2067 longe
1363 2025 1495 2056 aberant
1507 2025 1615 2067 Myle,

937 2073 1102 2116 oppidum,
1121 2074 1215 2106 hodie
1233 2075 1374 2111 Milazzo,
1390 2075 1423 2106 in
1437 2074 1616 2118 peninsula.

938 2123 985 2154 Ea
1018 2124 1105 2166 regio
1137 2135 1251 2165 pascua
1281 2124 1422 2157 habebat
1457 2125 1617 2158 miranda.

938 2173 1023 2205 Hinc
1039 2175 1122 2206 boves
1139 2177 1219 2206 sacri
1234 2174 1318 2206 Solis
1333 2174 1377 2206 ibi
1394 2175 1490 2208 fuisse
1505 2175 1611 2209 trade-

936 2224 1070 2264 bantur;
1091 2224 1250 2268 Theophr.
1276 2224 1394 2257 Histor.
1416 2225 1525 2257 Plant.
1549 2226 1615 2258 viii.

938 2275 977 2312 3;
1013 2274 1167 2306 Bochart.
1192 2274 1298 2306 Chan.
1327 2274 1384 2306 lib.
1411 2275 1434 2307 i.
1460 2285 1534 2318 cap.
1557 2277 1613 2308 27.

937 2323 1001 2362 De}
1012 2325 1132 2363 pascuis
1159 2325 1234 2355 latis
1257 2323 1331 2355 vide
1357 2324 1544 2356 Bentleium
1570 2326 1612 2357 ad

937 2372 1049 2404 Horat.
1065 2373 1131 2405 111.
1151 2373 1216 2405 Od.
1232 2373 1275 2405 xi.
1290 2375 1323 2406 9.
1371 2374 1535 2407 Camerina
1557 2381 1613 2407 aut

938 2424 1106 2454 Camarina
1133 2423 1167 2455 in
1189 2423 1280 2455 litore
1308 2423 1509 2456 meridionali
1530 2425 1614 2458 inter

935 2473 1149 2515 Agrigentum
1173 2479 1206 2505 et
1228 2473 1429 2516 Pachynum.
1478 2474 1613 2516 'l'kapsus

933 2523 1104 2565 peninsula
1119 2523 1204 2555 haud
1220 2523 1332 2567 procul
1352 2535 1372 2555 a
1386 2525 1552 2566 Syracusis
1568 2526 1611 2557 si-

933 2583 1009 2604 num
1021 2574 1247 2616 Megarensem
1256 2574 1436 2606 includens.
1461 2574 1611 2606 Helorum

933 2622 1086 2665 oppidum
1108 2623 1149 2655 ad
1165 2623 1282 2656 ostium
1299 2623 1410 2655 Helori
1424 2623 1527 2655 amnis
1547 2634 1609 2656 non

933 2673 1043 2714 procul
1070 2683 1089 2704 a
1117 2673 1294 2716 Pachyno‚·
1325 2673 1459 2710 Plinius,
1482 2672 1530 2704 iii.
1559 2674 1610 2705 14.

923 2722 1048 2763 flumen
1065 2722 1194 2754 Elorum
1207 2735 1218 2761 ;
1243 2722 1299 2755 sed
1313 2721 1609 2766 Stephwus“fflw-
1633 2744 1639 2749 -

932 2783 1002 2813 ρος.
1055 2772 1161 2814 Erys‚·
1186 2772 1326 2810 Solinus,
1341 2782 1415 2815 cap.
1430 2774 1450 2804 5
1460 2784 1470 2803 .·
1485 2777 1506 2791 “
1521 2773 1606 2804 Emi-
