1830 3220
676 161 836 204 HALI
845 161 1152 205 EUTICON.
1543 164 1631 205 455

190 280 259 328 At
285 280 538 345 pretiosus
567 277 780 345 Helops,
810 280 997 329 nostris
1024 279 1313 343 incognitus
1341 279 1521 337 undis;
1561 282 1623 328 96

189 358 265 407 Ac
292 359 450 406 durus
479 357 716 422 Xiphias,
745 359 849 406 ictu
876 375 976 406 non
1003 358 1171 407 mitior
1196 358 1361 416 ensis;

192 436 260 484 Et
286 436 454 501 pavidi
481 453 665 500 magno
691 436 946 500 fugientes
974 438 1179 501 agmine
1205 436 1439 485 Thunni:

193 514 360 564 Parva
406 514 663 564 Echeneis
713 517 874 574 adest,
915 517 1126 564 mirum!
1179 532 1319 565 mora
1367 515 1628 582 puppibus

331 595 540 658 ingens:

1563 597 1627 642 99

192 673 377 738 Tuque
405 690 579 722 comes
607 673 808 730 ratium,
837 673 1092 737 tractique
1118 689 1209 738 per
1235 689 1443 737 aequora
1467 672 1614 730 sulci,

195 751 296 807 Qui
324 768 528 816 semper
555 767 764 816 spumas
791 751 1039 816 sequeris,
1069 751 1324 816 Pompile,
1353 751 1602 800 nitentes:

196 830 556 895 Cercyrosque
582 830 741 887 ferox,
768 832 1095 896 scopulorum
1121 831 1222 880 fine
1249 837 1505 879 moratus:

193 976 278 1004 cere,
301 965 378 997 dnm
400 967 514 998 timet:
544 966 569 998 it
592 967 772 1009 gregatim3
806 966 882 998 licet

193 1016 366 1048 edentulus
391 1016 442 1053 sit,
470 1016 655 1048 carnivorus
682 1021 789 1047 tamen
814 1022 882 1057 est3

193 1065 337 1109 linguam
350 1066 490 1108 igneam,
504 1066 716 1098 rubicundam
733 1072 765 1098 et
775 1066 882 1109 splen-

195 1115 325 1148 dentem
343 1117 454 1148 habet.
481 1116 586 1148 Ioum.

241 1167 297 1198 96.
324 1168 365 1198 At
388 1169 537 1208 pretiosus
562 1167 686 1208 Helops,
705 1169 815 1198 nostris
838 1170 886 1198 in-

196 1221 338 1260 cognitus
357 1218 480 1260 undis]
508 1218 632 1250 Plinius
654 1218 779 1249 nullum
801 1218 886 1250 ordi-

198 1279 271 1300 nem
313 1269 468 1312 sequitur,
504 1280 690 1311 quanquam
732 1269 885 1312 pleraque

197 1319 374 1362 expressit;
399 1319 454 1351 sed
479 1326 549 1362 pest
572 1319 661 1357 alios,
685 1320 739 1362 qui
761 1319 813 1351 hic
836 1330 884 1352 se-

198 1375 351 1411 quuntur,
375 1368 414 1401 de
440 1369 567 1413 Helope
591 1370 636 1401 ita
662 1375 790 1401 enotat:
820 1370 883 1401 He-

201 1421 288 1458 lopen
309 1432 425 1462 quoque
443 1422 519 1452 dicit
539 1431 596 1452 esse
616 1422 727 1451 nostris
744 1422 884 1463 incogni-

199 1475 266 1501 tum
294 1472 399 1503 undis.
446 1471 681 1510 Quintilianus,
708 1471 765 1502 lib.
789 1483 819 1502 v.
845 1482 883 1503 ex

200 1522 318 1553 Nostro
356 1523 454 1554 etiam
494 1522 610 1554 habet:
652 1534 707 1554 uec
748 1522 884 1563 Helopen

199 1579 301 1603 nostro
316 1574 395 1604 mari
411 1576 517 1605 (lucos.
564 1574 618 1604 An
639 1584 713 1616 ergo
734 1572 766 1604 in
782 1573 885 1605 Ponto

199 1627 324 1654 tantum
342 1624 429 1655 nasci
450 1623 585 1655 credidit
602 1623 713 1654 Plinfl.
751 1623 884 1654 Dixerat

200 1672 306 1704 enim:
343 1674 438 1705 “His
469 1672 659 1716 adjiciemus
691 1672 778 1716 apud
805 1674 884 1705 Ovi-

200 1722 291 1754 dium
319 1723 423 1766 posita
453 1723 593 1761 nomina,
619 1734 691 1766 quae
719 1723 805 1766 apud
830 1733 886 1755 ne-

202 1773 320 1805 minem
359 1773 459 1805 alium
495 1773 705 1817 reperiuntur,
736 1773 793 1805 sed
825 1773 886 1805 for-

202 1824 295 1856 tassis
321 1825 354 1856 in
373 1826 478 1857 Ponto
502 1825 711 1857 nascuntur.’'
755 1825 888 1868 Triplici

203 1885 320 1907 errore.
368 1877 444 1908 Non
459 1875 568 1907 Ovidii
586 1876 655 1907 haec
677 1881 762 1913 sunt,
779 1875 847 1913 sed,
863 1876 889 1907 si

203 1925 283 1967 quid
309 1926 454 1969 probavi,
476 1926 594 1959 Gratii.
644 1927 716 1958 Nec
742 1926 794 1958 hic
818 1933 889 1958 tan-

205 1982 273 2008 tum
310 1977 445 2020 Helopis
479 1977 622 2017 mentio3
660 1977 716 2009 sed
749 1983 781 2009 et
814 1977 888 2009 Ari-

204 2028 347 2065 stoteles,
371 2034 403 2060 et
430 2028 590 2060 Hesiodus
619 2029 716 2060 Scuto
741 2028 891 2060 Herculis

199 2077 381 2117 ’Ἑλλοπας
396 2078 494 2121 ἰχθῦς
506 2078 700 2121 indigitavit.
738 2078 890 2121 Denique

207 2139 270 2160 non
292 2129 325 2161 in
345 2130 460 2166 Ponto,
474 2129 531 2161 sed
547 2129 580 2161 in
603 2128 796 2173 Pamphylio
817 2135 889 2161 tan-

205 2185 272 2211 tum
297 2180 378 2211 mari
395 2179 534 2223 capitur,
552 2181 687 2212 testibus
710 2180 892 2213 Columella

207 2237 240 2262 et
270 2230 415 2263 AEliano.
463 2231 503 2262 In
527 2242 565 2263 eo
595 2242 724 2274 quoque
755 2231 888 2269 fallitur,

209 2282 296 2325 quod
321 2281 379 2313 lib.
397 2282 442 2313 ix.
460 2293 488 2314 c.
509 2284 559 2314 17.
575 2282 662 2314 dicat
684 2282 724 2314 de
750 2282 890 2326 Acipen-

208 2343 296 2364 sere:
333 2336 353 2350 “
371 2333 472 2364 Nullo
498 2332 532 2364 in
560 2332 679 2364 honore
716 2339 775 2369 est,
806 2331 892 2375 quod

211 2382 343 2425 quidem
355 2383 462 2420 miror,
476 2393 576 2426 quum
587 2383 628 2415 sit
638 2382 871 2415 rarusinventu
883 2395 890 2413 τ

210 2432 345 2477 quidam
360 2444 433 2465 eum
451 2434 574 2477 Elopen
590 2433 741 2465 vocant.'’
777 2433 895 2465 Nostro

212 2489 324 2515 contra
351 2489 410 2521 est,
433 2486 582 2525 pretiosus
610 2484 725 2524 Helops
734 2495 745 2522 ;
778 2483 832 2526 qui
863 2489 896 2515 et

214 2531 457 2576 πολυτίματος,
486 2533 701 2577 Epicharm03
737 2532 793 2565 sed
827 2532 895 2576 ipse

212 2584 273 2616 sibi
299 2583 397 2615 etiam
422 2583 605 2627 obloquitur
628 2583 764 2620 Plinius,
787 2588 824 2615 ut
846 2593 896 2614 os-

212 2634 344 2667 tendam
361 2633 402 2666 ad
419 2644 501 2666 vers.
518 2634 577 2666 ult.
601 2635 704 2666 VmT.

258 2686 313 2717 97.
340 2685 501 2727 Xiphias]
532 2684 648 2722 Plinio,
671 2695 742 2728 cap.
762 2684 840 2716 xlix.
859 2684 898 2716 li·

213 2737 270 2768 bro
293 2736 341 2766 ix.
400 2735 524 2779 Trygon
554 2740 696 2767 vocatur.
751 2735 803 2766 De
833 2745 898 2777 quo

218 2785 383 2823 AElianus,
401 2785 460 2817 lib.
480 2786 526 2817 ix.
545 2796 616 2828 cap.
633 2786 685 2817 40.
710 2791 742 2816 et
763 2785 819 2818 lib.
833 2785 897 2817 xiv.

952 977 1025 1010 cap.
1052 968 1108 998 22.
1155 965 1336 1009 Oppianus,
1361 966 1417 998 lib.
1444 965 1480 997 ii.
1507 964 1635 1004 Latine,

955 1017 1105 1049 Gladius.-
1138 1016 1265 1054 Italice,
1289 1017 1380 1048 Pesce
1405 1019 1512 1057 spada.
1560 1016 1636 1048 Gis—

952 1068 1100 1100 caferius.
1146 1067 1300 1109 Pelagius
1314 1073 1380 1106 est3
1405 1066 1446 1098 ad
1461 1067 1637 1099 Cetaceam

954 1117 1209 1161 magnitudinem
1248 1117 1414 1160 pervenit:
1451 1122 1550 1148 rostro
1587 1122 1638 1149 est

956 1175 1156 1205 mucronato,
1188 1174 1360 1210 utramque
1390 1167 1555 1200 maxillam
1585 1178 1635 1199 ro-

955 1225 1089 1251 stratam
1106 1220 1224 1251 habet:
1245 1219 1425 1250 inferiorem
1443 1224 1551 1250 tamen
1564 1218 1638 1250 bre·

956 1280 1041 1307 vem,
1078 1277 1110 1302 et
1145 1270 1399 1313 triangularem:
1442 1269 1638 1313 superiorem

954 1320 1058 1363 magis
1071 1331 1206 1358 osseam,
1219 1321 1391 1358 duriorem,
1406 1319 1639 1363 longissimam,

953 1371 1167 1404 ensisormem.
1200 1372 1297 1404 (ἶπον.
1354 1372 1401 1402 Ac
1424 1373 1533 1408 durus,
1558 1371 1639 1404 bene

953 1420 1074 1463 scripti.
1099 1422 1224 1453 mes.

999 1472 1056 1503 98.
1099 1472 1255 1515 Thuunzl]
1303 1472 1465 1509 Thurinus,
1517 1472 1642 1504 Latine.

956 1521 1099 1560 Θύννος,
1115 1524 1241 1555 Graece.
1268 1522 1528 1560 Tonno,1talice.
1576 1520 1642 1554 Ubi

955 1572 1091 1615 primum
1123 1580 1217 1604 natus
1247 1579 1306 1610 est,
1336 1572 1460 1604 Latinis
1490 1572 1640 1611 Cordila;

955 1623 1010 1654 ubi
1028 1623 1068 1654 ad
1085 1634 1139 1655 sex
1160 1634 1287 1655 menses
1306 1623 1464 1666 pervenit,
1486 1623 1642 1662 Pelamis;

956 1673 1010 1704 ubi
1040 1673 1080 1705 ad
1112 1685 1242 1711 annum,
1271 1674 1422 1705 leunnus
1450 1674 1586 1706 dicitur:
1621 1685 1639 1707 a

957 1725 1053 1756 verbo
1079 1726 1195 1757 Graeco
1221 1724 1349 1762 θύνειν,
1377 1725 1463 1767 quod
1492 1730 1541 1757 est
1566 1735 1641 1757 cum

957 1774 1079 1817 impetu
1104 1774 1302 1817 promoveri:
1332 1775 1387 1806 ubi
1412 1775 1513 1818 major
1536 1775 1642 1808 sactus

956 1831 1017 1861 est,
1049 1824 1198 1867 ὄρκυνος·
1228 1826 1261 1856 in
1290 1825 1482 1857 immensum
1515 1831 1642 1864 auctus,

958 1875 1057 1915 κήτη.
1074 1875 1198 1908 Giscaf.
1222 1877 1320 1909 Crof.

1002 1927 1057 1958 99.
1087 1926 1192 1958 Parva
1218 1927 1366 1958 Echeneis
1388 1928 1485 1964 adest,
1506 1928 1643 1958 mirum!

959 1987 1042 2007 mora
1050 1977 1203 2017 puppibus
1214 1976 1351 2019 ingens]
1376 1975 1502 2007 Plinius
1513 1976 1557 2008 ix.
1571 1987 1642 2020 cap.

960 2028 1014 2058 25.
1061 2027 1153 2058 “Est
1182 2038 1300 2070 parvus
1331 2026 1506 2058 admodum
1536 2026 1644 2070 piscis,

960 2076 1121 2108 Echeneis
1144 2077 1347 2120 appellatus;
1371 2077 1432 2109 hoc
1448 2076 1565 2109 carinis
1586 2077 1643 2109 ad-

960 2127 1113 2164 haerente,
1130 2138 1229 2159 naves
1252 2128 1375 2160 tardius
1392 2127 1437 2160 ire
1458 2127 1644 2166 creduntur,

960 2177 1036 2209 inde
1055 2178 1182 2210 nomine
1205 2178 1363 2221 imposito,
1379 2184 1441 2210 etc.
1457 2190 1465 2218 ;
1491 2177 1561 2210 ἀπὸ
1584 2180 1644 2211 τοῦ

959 2228 1020 2267 τὰς
1034 2231 1124 2268 νῆας
1141 2228 1269 2271 ἔχειν.”
1313 2229 1409 2267 Puto,
1427 2229 1533 2260 Parva
1552 2228 1645 2261 Echi-

961 2281 1037 2316 neis,
1055 2285 1091 2310 ut
1106 2286 1146 2311 et.
1190 2279 1312 2312 Hzms.

1009 2331 1081 2362 101.
1108 2331 1278 2373 Ρονηρίίε.]
1314 2330 1495 2374 Oppianus,
1523 2331 1543 2362 i.
1572 2331 1646 2364 186.

962 2379 1172 2424 penultimam
1197 2380 1344 2425 corripit:
1369 2380 1429 2413 Ἐν
1452 2380 1572 2419 κείνοις
1595 2393 1648 2414 νε-

962 2444 1058 2475 μεται
1080 2432 1136 2464 καὶ
1156 2432 1335 2476 Πομπίλος
1352 2432 1394 2466 ’όν
1418 2432 1500 2465 πότε
1523 2434 1647 2465 ναῦται

964 2483 1114 2520 ἅζονται.
1138 2483 1244 2515 GEsN.
1289 2485 1342 2516 De
1367 2482 1506 2526 Pompili
1531 2488 1647 2516 natura

966 2534 1116 2566 AElianus
1136 2534 1194 2566 lib.
1209 2534 1242 2566 ii.
1259 2534 1366 2578 capite
1389 2535 1439 2566 15.
1463 2538 1495 2565 et
1507 2533 1565 2566 lib.
1579 2533 1648 2565 xiv.

965 2583 1072 2627 capite
1088 2586 1130 2617 33
1145 2597 1153 2624 3
1179 2585 1316 2623 Plinius,
1331 2585 1387 2616 lib.
1402 2583 1446 2616 ix.
1463 2594 1534 2627 cap.
1550 2585 1600 2616 15.
1615 2589 1648 2616 et

965 2634 1056 2666 alibi.
1104 2635 1168 2667 Hic
1184 2641 1292 2667 autem
1311 2634 1407 2677 piscis
1423 2635 1577 2677 Neptuno
1595 2644 1646 2666 sa-

964 2695 1018 2717 cer
1033 2691 1093 2723 est,
1105 2685 1192 2728 quod
1209 2685 1336 2728 navigia
1351 2684 1392 2717 ad
1403 2691 1529 2727 portum
1545 2695 1647 2728 usque

964 2742 1129 2778 sequatur.

1012 2786 1085 2818 102.
1112 2784 1349 2827 Cei-cyrumque]
1377 2783 1557 2828 Κέρκουροι
1579 2784 1646 2827 Op-
