1809 3220
195 183 282 224 510

198 299 357 346 Fixus
383 303 434 345 et
457 297 508 343 in
534 295 672 343 duris
698 295 922 360 carparis
946 295 1142 342 viscera
1166 294 1321 350 saxiS,

594 181 645 221 P.
672 177 891 220 OVIDII
928 177 1214 219 NASONIS

1520 291 1616 338 545

269 377 340 423 Ut
365 375 447 423 cui
474 374 675 439 Pyrrha
700 374 777 422 sui
802 373 907 421 filia
930 372 1096 420 fratris
1123 379 1247 420 erat.

200 456 273 502 Ut
296 470 421 519 puer
448 452 769 517 Harpagides
796 452 984 500 referas
1011 451 1250 516 exempla
1273 449 1533 515 Thyestae,

266 532 434 596 Inque
459 531 532 578 tui
559 548 721 579 caesus
747 531 942 579 viscera
966 531 1125 595 patris
1152 546 1256 578 eaS.

197 611 400 658 Trunca
425 604 570 673 geras
597 625 731 656 saevo
757 609 1004 656 mutilatis
1030 608 1260 672 partibus
1287 622 1425 662 ense,

268 688 453 744 Qualia
479 687 773 734 Mimnermi
799 686 1028 734 membra
1052 686 1210 733 fuisse
1234 685 1419 733 ferunt.

1521 684 1620 729 550

200 768 335 816 Utve
363 766 633 832 Syracosio
659 766 944 830 praestricta
964 765 1109 813 fauce
1135 771 1318 829 poetae,

269 846 354 894 Sic
381 845 560 893 animae
585 845 770 908 laqueo
798 844 863 891 sit
886 844 966 891 via
990 844 1165 892 clausa
1188 850 1307 889 tuae.

201 924 416 972 Nudave
440 923 654 987 derepta
680 928 891 986 pateant
914 930 1003 969 tua
1025 922 1220 968 viscera
1244 919 1396 985 pelle,

269 1002 342 1050 Ut
367 1001 650 1066 Phrygium
677 1001 823 1063 cujus
849 1000 1054 1048 nomina
1078 999 1269 1046 fiumen
1295 998 1469 1046 habet.

202 1081 437 1130 Saxificae
463 1079 635 1127 videas
661 1077 836 1126 infelix
862 1094 948 1126 ora
974 1077 1224 1133 Medusae,

1524 1077 1623 1122 555

269 1159 575 1223 Cephenum
602 1156 789 1204 multos
816 1172 930 1220 quae
957 1155 1101 1203 dedit
1125 1172 1228 1202 una
1253 1155 1383 1203 neci.

200 1237 513 1286 Potniadum
537 1251 735 1283 morsus
762 1235 963 1291 subeas,
991 1242 1047 1282 ut
1069 1234 1316 1290 Glaucus,
1344 1248 1620 1297 equarum3

270 1316 437 1380 Inque
461 1314 612 1362 maris
640 1313 807 1368 salias,
839 1312 1067 1360 Glaucus
1094 1320 1152 1360 ut
1176 1313 1319 1368 alter,
1347 1328 1525 1376 aquas.

203 1395 379 1458 thue
406 1393 607 1440 duobus
633 1393 769 1440 idem
795 1392 946 1439 dictis
973 1392 1124 1439 modo
1151 1407 1335 1439 nomen
1362 1388 1587 1445 habenti,

270 1472 561 1520 Praefocent
586 1471 765 1519 animae
790 1471 985 1518 Gnosia
1009 1470 1161 1518 mella
1187 1469 1334 1517 viam.

200 1691 285 1713 nunc
304 1678 463 1721 agitur‚in
483 1677 576 1719 cujus
594 1687 650 1719 per
669 1676 795 1707 hortum
812 1687 879 1708 am-

199 1730 342 1763 bulantis
363 1728 470 1771 capite
495 1737 610 1769 agmen
634 1737 730 1769 apum
748 1725 878 1762 insedit,

200 1780 286 1824 quod
316 1789 416 1822 quum
445 1777 606 1820 expellere
631 1777 741 1813 vellet,
767 1788 875 1808 eorum

202 1830 322 1863 aculeis
338 1828 405 1861 acie
418 1827 580 1859 oculorum
594 1826 711 1858 dicitur
722 1827 874 1869 privatus,

200 1887 236 1912 ut
251 1879 349 1912 tradit
363 1883 454 1910 vetus
469 1877 635 1920 interpres.
659 1878 741 1908 ΖΑΒ.

245 1931 322 1962 545.
355 1928 450 1959 Fixus
478 1934 507 1958 et
533 1929 567 1958 in
595 1927 711 1968 duris]
748 1927 876 1958 Prome-

199 1981 306 2016 theus,
319 1978 373 2022 qui
383 1978 509 2009 fratrem
521 1976 633 2008 habuit
640 1977 877 2019 Epimetheum,

202 2041 240 2062 ex
257 2040 320 2072 quo
336 2028 456 2070 Pyrrha
474 2033 560 2058 nata.

246 2081 323 2111 549.
351 2077 509 2118 Trunca]
529 2077 716 2113 Mamertes,
729 2084 764 2108 ut
779 2076 876 2118 scrip-

201 2134 310 2162 serunt
327 2127 471 2170 quidam,
491 2127 667 2169 Mycernus
681 2126 878 2168 Sysaphonis

202 2178 359 2212 Corinthii
387 2178 494 2214 frater,
520 2189 619 2220 quum
646 2177 750 2209 fratris
777 2176 878 2208 filium

202 2229 326 2271 imperii
357 2227 534 2270 cupiditate
561 2233 719 2264 necasset,
744 2238 761 2258 a
783 2227 878 2268 Sysa-

201 2281 306 2323 phone
322 2279 522 2311 membratim
534 2284 581 2309 est
597 2279 766 2309 laceratus.
783 2277 879 2308 Dmr.

246 2331 324 2361 551.
354 2329 432 2360 Utve
462 2329 636 2369 Syracusio,
667 2327 749 2368 etc.]
782 2328 877 2368 Syra-

204 2380 310 2413 cusius
329 2385 423 2422 poeta
439 2377 650 2420 Empedocles
662 2383 724 2414 est,
742 2376 879 2419 philoso-

201 2431 284 2473 phus
309 2435 341 2460 et
366 2434 481 2471 poeta3
510 2427 582 2458 vide
608 2427 721 2458 Horat.
744 2427 785 2458 de
809 2426 880 2457 Art.

202 2485 288 2522 poet.
314 2482 334 2496 “
352 2478 442 2508 Deus
459 2476 647 2507 immortalis
664 2476 774 2507 haberi
791 2476 878 2507 Dum

203 2529 292 2571 cupit
318 2527 564 2570 EmpedocleS,’'
587 2532 649 2558 etc.
696 2527 738 2556 V.
759 2526 876 2557 Axon.

204 2580 377 2621 Syracusio,
402 2578 558 2619 Syracosio
579 2576 644 2607 dixi
668 2576 747 2607 libro
765 2588 796 2607 v.
813 2587 879 2607 ver.

201 2631 278 2661 277.
294 2630 471 2660 Fastorum.
499 2627 618 2658 mes.

248 2680 324 2711 553.
344 2678 485 2713 Nudave,
501 2677 580 2718 etc.]
598 2678 758 2718 Marsyas,
778 2676 879 2707 victus

203 2729 339 2763 Phoebo,
369 2728 451 2770 pelle
480 2734 607 2762 exutus,
638 2738 752 2758 nomen
783 2726 877 2758 fluvio

204 2779 303 2815 dedit,
321 2778 359 2810 (le
376 2789 437 2819 quo
453 2789 557 2820 supra.
589 2778 680 2808 Umi.

1525 1470 1625 1516 560

995 1679 1071 1709 555.
1095 1677 1232 1718 Saxificae
1256 1675 1385 1717 videas]
1419 1674 1565 1710 Perseus,
1588 1673 1627 1704 li-

948 1728 1061 1759 berata
1109 1726 1327 1763 Andromeda,
1371 1735 1445 1757 cum
1499 1722 1624 1755 Phineo

948 1777 1083 1808 certavit
1099 1789 1108 1816 ;
1154 1782 1190 1808 ut
1225 1775 1361 1807 Ovidius
1407 1774 1441 1805 in
1487 1774 1624 1805 Metam.

946 1827 1005 1858 lib.
1022 1839 1054 1859 v.

992 1879 1069 1909 557.
1095 1878 1282 1908 Potniadum
1306 1874 1454 1916 morsum]
1481 1873 1626 1907 Glaucus

949 1938 965 1958 e
981 1926 1098 1958 Potnia
1115 1927 1256 1962 civitate,
1273 1936 1371 1968 quum
1388 1924 1524 1956 Veneris
1537 1935 1628 1957 sacra

947 1983 1121 2020 sperneret,
1146 1976 1211 2008 suis
1233 1975 1377 2018 equabus
1403 1985 1422 2005 a
1445 1974 1518 2005 Dea
1541 1975 1626 2006 furor

947 2027 1106 2058 immissus
1121 2032 1187 2057 est:
1215 2037 1233 2057 a
1248 2025 1364 2068 quibus
1379 2035 1479 2067 quum
1495 2024 1627 2056 vehere-

948 2083 1011 2112 tur,
1030 2076 1185 2107 morsibus
1200 2081 1249 2106 est
1263 2075 1468 2111 dilaceratus,
1483 2080 1518 2105 ut
1533 2074 1625 2116 Virg.

947 2126 981 2157 in
996 2125 1040 2156 iii.
1056 2126 1174 2167 Georg.
1189 2124 1296 2161 docet,
1314 2125 1378 2156 267
1394 2135 1466 2166 sqq.

991 2177 1066 2207 558.
1092 2175 1190 2216 Inque
1210 2177 1304 2206 maris
1328 2174 1448 2216 salsas]
1476 2174 1625 2206 Glaucus

948 2225 974 2257 is
996 2226 1133 2268 piscator
1157 2225 1303 2256 ardenter
1322 2224 1462 2266 Scyllam
1488 2224 1622 2260 amavit,

948 2276 1003 2318 qui
1019 2275 1051 2306 in
1065 2275 1209 2307 Euboica
1220 2274 1356 2306 Andone
1372 2274 1469 2306 herba
1483 2275 1624 2317 quadam

947 2332 1086 2367 gustata,
1116 2325 1296 2356 incredibili
1328 2323 1506 2366 cupiditate
1534 2335 1567 2356 se
1593 2325 1626 2356 in

950 2386 1035 2406 mare
1046 2375 1189 2418 projecit,
1201 2380 1233 2407 et
1243 2385 1261 2405 a
1275 2374 1426 2416 Neptuno
1437 2373 1626 2416 caeterisque

949 2425 1022 2456 Diis
1033 2425 1162 2456 marinis
1174 2425 1265 2456 Deus
1276 2423 1410 2456 effectus
1424 2429 1483 2461 est,
1495 2432 1624 2456 auctore

949 2475 1046 2506 Ovid.
1063 2475 1093 2506 in
1110 2475 1182 2506 Met
1198 2475 1262 2506 xiV.

992 2526 1067 2556 559.
1100 2525 1200 2565 thue
1231 2525 1346 2555 duabus
1384 2523 1491 2564 idem]
1529 2522 1625 2555 Alius

948 2574 1079 2617 quidam
1096 2575 1250 2610 Glaucus,
1267 2572 1429 2605 Cretensis
1445 2574 1535 2615 (narn
1552 2573 1624 2616 plu-

949 2635 997 2656 res
1014 2624 1132 2655 Glauci
1156 2623 1312 2660 fuerunt,)
1336 2624 1376 2655 ob
1400 2622 1566 2654 lasciviam
1589 2622 1623 2654 in

949 2674 1045 2705 filiam
1065 2680 1221 2705 venenato
1245 2673 1339 2705 melle
1361 2671 1537 2704 exstinctus
1557 2678 1627 2711 est;

950 2725 1020 2756 vide
1035 2724 1213 2766 Hyginum,
1232 2725 1311 2755 Fab.
1331 2724 1406 2755 136.
