1830 3220
552 147 904 192 FASTORUM
938 150 1060 193 LIB.
1083 150 1167 194 ΙΙΙ.

1485 154 1573 198 157

150 267 282 316 Sunt
305 267 495 333 quibus
521 268 629 315 haec
652 266 795 316 Luna
819 274 913 325 est,
938 269 1059 333 quia
1083 268 1344 318 mensibus
1364 269 1573 337 impleat

353 362 485 394 alan
494 362 540 392 [Π
561 364 570 394 :

217 423 346 472 Pars
368 423 608 482 Themin3
642 423 903 473 Inachiam
927 441 1043 490 pars
1064 434 1211 491 putat
1230 444 1343 477 esse
1363 428 1570 478 bovem:

149 501 402 559 Invenies,
430 503 516 566 qui
545 510 595 550 te
624 501 903 567 Nymphen
930 503 1198 554 Atlantida
1223 506 1424 565 dicant3

217 579 396 645 Teque
422 579 535 628 Jovi
561 580 769 645 primos,
799 580 965 639 Anna,
993 582 1197 632 dedisse
1223 584 1384 633 cibos.

1475 587 1575 633 660

150 657 278 708 Haec
317 675 541 723 quoque,
570 674 724 722 quam
762 657 994 718 referam,
1022 669 1220 710 nostras
1254 663 1484 728 pervenit
1510 664 1574 711 ad

220 737 405 795 Fama;
448 753 541 785 nec
568 753 598 785 a
621 737 725 785 veri
751 737 968 786 dissidet
994 738 1082 787 illa
1103 740 1222 788 fide.

1405 742 1576 805 [aures

151 815 310 864 Plebs
336 823 498 871 vetus,
527 823 579 864 et
605 816 758 864 nullis
785 816 1063 865 etiamnum
1092 826 1203 866 tuta
1229 819 1444 868 tribunis

221 894 399 958 Fugit3
442 901 493 942 et
518 894 568 942 in
597 894 726 942 sacri
751 895 941 944 vertice
967 897 1153 945 montis
1179 905 1304 946 erat.

150 972 181 1021 J
186 989 268 1022 am
292 989 518 1037 quoque,
542 989 697 1038 quem
725 991 900 1023 secum
926 977 1162 1034 tulerant,
1186 976 1445 1026 defecerat
1468 977 1580 1025 illos

220 1051 417 1108 Victus,
447 1058 498 1100 et
522 1052 758 1101 humanis
786 1054 962 1101 usibus
989 1062 1110 1119 apta
1137 1055 1313 1104 Ceres.

1479 1058 1578 1105 666

155 1130 284 1178 Orta
309 1131 614 1179 suburbanis
641 1132 881 1196 quaedam
906 1132 1004 1181 fuit
1029 1134 1180 1182 Anna
1206 1134 1419 1183 Bovillis

221 1208 443 1273 Pauper,
472 1209 563 1257 sed
589 1212 765 1259 multae
793 1212 1099 1269 sedulitatiS‚
1129 1229 1274 1262 anus.

152 1286 264 1344 Illa,
293 1287 389 1336 levi
418 1288 565 1336 mitra
589 1305 743 1337 canos
770 1291 1006 1339 redimita
1029 1291 1259 1356 capillos,

223 1365 473 1430 Fingebat
497 1368 714 1416 tremula
740 1370 932 1418 rustica
956 1370 1060 1419 liba
1084 1387 1266 1426 manu;

199 1500 275 1531 657.
299 1499 381 1531 Aliae
406 1499 570 1542 opiniones
593 1499 633 1531 de
653 1500 749 1532 Anna
775 1501 834 1533 Pe-

154 1560 264 1581 renna.
310 1550 363 1581 Ab
383 1561 464 1581 anno
485 1555 654 1592 utrumque
676 1551 756 1582 Deae
779 1562 834 1582 no-

154 1609 228 1631 men
244 1599 361 1631 deduci
380 1599 494 1642 potuit.
542 1599 704 1632 Inachiam
719 1603 832 1638 bovem,

153 1649 286 1681 Isidem.
331 1649 395 1681 Sed
425 1649 484 1681 hoc
516 1650 607 1681 nihili
635 1658 693 1682 est.
739 1651 835 1683 Anna

156 1699 242 1731 haud
259 1699 356 1731 dubie
377 1699 437 1731 fuit
456 1711 520 1731 una
538 1710 555 1731 e
572 1701 705 1732 Deabus
722 1701 836 1733 veteris

156 1750 273 1781 Italiae.
311 1751 490 1781 Atlantida.
526 1750 715 1782 Taubnerus
731 1757 835 1794 putat,

156 1800 234 1842 quia
258 1800 403 1831 nonnulli
425 1801 539 1832 Jovem
562 1801 595 1831 in
615 1800 757 1832 Arcadia
781 1812 837 1832 na-

157 1855 224 1881 tum
243 1849 443 1887 tradiderint,
461 1851 628 1881 Atlantida
645 1850 685 1881 ab
702 1850 837 1883 Atlante

155 1910 232 1942 rege
257 1899 376 1931 dictam
402 1910 471 1931 esse
494 1910 592 1931 unam
609 1910 648 1931 ex
666 1900 837 1933 Arcadicis

157 1949 329 1992 Nymphis,
354 1960 426 1991 quae
451 1949 541 1981 Jovis
570 1949 668 1981 fuisse
698 1950 837 1982 nutrices

156 1999 396 2043 perhibeantur.
443 2000 565 2032 Verum
593 2000 626 2032 in
654 1999 718 2031 illis
747 2000 838 2032 nulla

158 2051 252 2082 Anna
268 2057 472 2082 memoratur.
503 2051 708 2082 Burmannus
723 2061 838 2082 nomen

158 2102 328 2132 Atlantida
339 2105 521 2143 corruptum
533 2106 653 2137 censet,
666 2100 743 2143 quia
754 2101 837 2132 Nos—

157 2156 205 2183 ter
219 2152 353 2194 primam
369 2150 403 2181 in
420 2152 551 2182 Atlante
566 2150 726 2193 corripere
742 2151 837 2182 solet.

158 2201 305 2232 Musaeus
319 2200 509 2238 tradiderat,
527 2201 639 2232 Jovem
661 2211 681 2231 a
699 2200 840 2232 Themide

158 2255 192 2281 et
216 2251 380 2281 Amalthea
406 2250 559 2293 Nympha
581 2249 736 2282 nutritum
759 2261 839 2288 esse,

161 2300 279 2342 quibus
309 2311 384 2332 eum
413 2301 482 2343 Ops
509 2305 611 2332 mater
640 2300 838 2332 tradidisset:

162 2350 323 2392 Hyginus,
360 2350 453 2382 Poet.
490 2350 676 2382 Astronom.
705 2350 741 2381 ii.
778 2352 839 2390 133

160 2399 324 2431 Eratostli.
349 2404 505 2432 Καταστ.
526 2401 576 2432 13.
601 2400 719 2432 Confer
734 2401 842 2443 Heyn.

162 2450 204 2481 ad
222 2450 466 2493 Apollodorum,
484 2451 532 2482 II.
551 2450 605 2482 vii.
623 2453 661 2489 5;
687 2457 719 2481 et
742 2451 840 2483 Mun-

162 2501 273 2531 kerum
308 2500 347 2532 ad
379 2500 556 2542 Hyginum,
587 2501 652 2532 fab.
684 2502 757 2533 182.
787 2501 841 2533 ubi

163 2550 339 2582 Amalthea
367 2551 492 2582 Oceani
525 2551 603 2581 filia.
658 2551 840 2583 Secundum

165 2601 246 2633 alios
261 2601 388 2643 Jupiter
403 2602 442 2632 ab
458 2600 620 2633 Adrastea
633 2607 665 2632 et
681 2601 752 2639 Ida,
767 2602 841 2633 Me-

162 2650 248 2683 lissei
262 2651 401 2688 filiabus,
417 2650 598 2682 Amaltheae
614 2651 699 2683 lacte
719 2657 767 2683 est
782 2662 840 2683 nu-

166 2700 273 2732 tritus.

209 2751 398 2782 661—-674,
412 2749 520 2788 Anna,
533 2750 648 2783 mulier
662 2751 788 2788 Latina,
803 2752 844 2783 ob

1479 1375 1579 1421 670

905 1500 1058 1534 alimenta
1077 1501 1237 1544 quondam
1257 1501 1375 1544 populo
1394 1503 1530 1545 praebita
1548 1502 1584 1534 fit

905 1551 989 1583 Dea.
1035 1553 1117 1590 Quae
1135 1562 1210 1582 vera
1227 1557 1311 1588 sunt,
1328 1551 1472 1594 adeoque
1488 1552 1584 1584 fidem

904 1609 1075 1639 merentur,
1092 1614 1110 1632 α
1127 1603 1192 1632 veri
1203 1602 1273 1643 fide
1293 1613 1353 1632 non
1368 1603 1514 1633 dissidere
1535 1602 1583 1633 di-

904 1657 1037 1689 cuntur3
1071 1651 1135 1682 alia
1167 1657 1242 1682 sunt
1272 1653 1335 1682 veri
1366 1654 1481 1692 majora
1499 1653 1582 1694 fide,

903 1701 1042 1732 Metam.
1057 1700 1103 1732 iii.
1118 1701 1195 1732 660.
1210 1706 1266 1732 aut
1284 1703 1349 1732 veri
1370 1703 1420 1733 via:
1439 1703 1585 1734 habitura

895 1752 1006 1792 fidem.
1042 1752 1132 1782 Mons
1147 1757 1234 1783 trans
1249 1751 1421 1789 Anienem,
1437 1752 1497 1784 tria
1512 1763 1585 1795 pas-

905 1812 997 1832 suum
1015 1801 1117 1832 millia
1132 1802 1172 1832 ab
1193 1802 1271 1832 urbe
1290 1801 1422 1839 distans,
1439 1801 1471 1833 in
1487 1813 1584 1845 quem

905 1850 997 1894 plebs
1022 1862 1105 1882 anno
1131 1852 1173 1882 U.
1199 1851 1237 1883 C.
1261 1853 1336 1883 260.
1359 1852 1498 1890 secessit,
1524 1864 1585 1885 nec

905 1901 980 1932 inde
1004 1901 1110 1938 rediit,
1129 1901 1190 1933 nisi
1216 1908 1285 1933 tuta
1309 1904 1453 1940 tribunis,
1468 1903 1501 1934 id
1525 1909 1585 1941 est,

905 1952 1146 1993 magistratibus
1160 1952 1225 1983 suis
1236 1952 1456 1989 sacrosanctis,
1467 1953 1584 1995 quibus

906 2002 1018 2033 auxilii
1043 2002 1120 2033 latio
1144 2002 1295 2034 adversus
1316 2003 1463 2034 consules
1482 2010 1565 2036 esset
1577 2016 1586 2044 ;

906 2051 1027 2088 Livius,
1044 2051 1078 2082 ii.
1092 2053 1155 2091 22;
1180 2051 1367 2094 Dionysius,
1384 2052 1425 2084 vi.
1441 2054 1495 2086 45.
1527 2055 1583 2085 Sa—

906 2112 958 2132 cer
972 2100 1078 2133 dictus
1093 2108 1142 2133 est
1157 2112 1196 2133 ex
1210 2101 1267 2133 illo
1282 2108 1434 2143 tempore.
1460 2103 1499 2135 In
1515 2116 1584 2136 ver-

907 2154 967 2183 tice
992 2152 1119 2190 montis,
1145 2151 1204 2184 ἐπὶ
1227 2154 1290 2192 τῆς
1314 2152 1507 2196 ἀκρωρείας,
1533 2166 1587 2187 eos

907 2208 1014 2233 castra
1052 2201 1202 2234 habuisse
1239 2208 1347 2233 narrat
1385 2209 1417 2234 et
1452 2203 1588 2247 Dionys.

907 2261 982 2294 cap.
999 2252 1052 2283 90.

953 2301 1028 2333 667.
1054 2301 1184 2332 Bovitlae
1207 2307 1263 2333 aut
1280 2302 1418 2339 Bovilla‚
1433 2303 1587 2346 oppidum

910 2350 1096 2383 Latinorum
1121 2351 1208 2382 haud
1236 2353 1346 2394 procul
1371 2353 1411 2384 ab
1441 2354 1518 2385 urbe
1547 2354 1588 2385 ad

909 2401 994 2432 viam
1007 2401 1158 2444 Appiam.
1182 2401 1266 2433 Vide
1277 2402 1439 2435 Brouckh.
1453 2403 1493 2434 ad
1508 2404 1586 2435 Pro-

910 2451 1058 2494 pertium,
1083 2451 1145 2483 IV.
1170 2450 1192 2482 i.
1209 2452 1266 2482 33.
1285 2462 1348 2494 quo
1372 2452 1442 2484 loco
1465 2458 1498 2484 et
1520 2453 1590 2497 ipso

910 2502 1090 2532 suburbanae
1117 2501 1257 2532 Bovillae.
1303 2501 1467 2540 Horatius,
1482 2503 1510 2534 I.
1526 2504 1588 2545 Ep.

910 2550 966 2581 vii.
993 2551 1047 2582 77.
1074 2551 1250 2582 suburbana
1281 2562 1358 2582 rura
1389 2551 1423 2583 in
1451 2552 1589 2584 Sabinis.

912 2600 1069 2632 Sedulitas
1082 2610 1189 2632 eorum
1205 2606 1266 2637 est,
1281 2601 1336 2643 qui
1351 2599 1442 2633 alteri
1456 2601 1590 2644 impigre

911 2651 1016 2682 officia
1051 2656 1216 2694 praestant,
1250 2651 1379 2689 adsunt,
1409 2657 1564 2694 apparent
1579 2664 1590 2692 3

913 2701 1108 2737 Gronovius,
1123 2700 1206 2732 Obs.
1222 2701 1244 2732 i.
1260 2701 1315 2732 23.

951 2750 1035 2786 669.
1062 2751 1192 2792 Mum]
1230 2751 1336 2782 Etiam
1366 2751 1502 2784 Metam.
1524 2751 1589 2784 xiv.
