1830 3220
530 186 603 228 IN
638 186 855 229 OVlDlI
891 187 1144 230 FASTOS.
1458 189 1543 230 371

125 302 268 345 Gellio
289 303 332 345 ii.
356 302 438 351 24;
471 309 516 344 et
539 303 658 344 xviii.
684 303 725 345 2.
752 304 842 346 haec
865 305 1063 347 convivia
1087 305 1289 346 nobilium
1317 304 1542 360 Megalen-

121 372 237 414 sibus
271 373 382 414 ludis
415 372 634 414 celebrata
661 374 868 428 peculiari
898 381 943 415 et
969 374 1147 416 solemni
1171 374 1341 416 nomine
1368 375 1542 417 mutita-

124 442 257 483 tiones
279 442 422 484 vocari
448 442 612 490 videns,
642 442 746 483 banc
778 458 928 485 vocem
958 444 1262 492 obscuriorem,
1287 444 1362 485 sed
1394 443 1436 485 in
1467 444 1544 486 hac

121 525 168 552 re
189 511 425 553 solemnem
449 526 567 552 more
590 526 667 553 suo
690 512 768 553 hoc
788 513 880 553 loco
898 512 1103 554 Ovidium
1123 528 1342 567 exponere
1361 514 1544 562 censuit,

122 587 167 621 et
192 596 406 636 reponens
432 596 509 636 pro
533 587 621 622 tum
646 582 780 638 marsis
803 597 952 623 vocem
979 584 1167 624 mutzcila
1189 584 1239 624 ad
1266 583 1371 624 hanc
1394 583 1547 624 referri

122 650 259 692 voluit
292 654 331 690 τὸ
364 650 745 692 witarit—Vere
783 666 881 692 eum
917 652 1168 706 conjecisse,
1199 652 1470 693 verisimilius
1501 652 1547 692 fit

123 734 234 761 novo
266 721 320 761 de
354 734 432 760 usu
467 719 590 775 hujus
624 719 740 761 vocis
773 721 1012 761 accedente
1047 721 1306 762 testimonio.
1364 721 1546 762 Verrius

124 789 238 831 enim
262 790 354 830 fere
379 789 530 831 iisdem
554 790 697 830 verbis
720 804 768 830 ac
793 789 992 838 Ovidius,
1018 805 1116 845 quae
1143 790 1310 845 integra
1338 790 1380 830 in
1403 790 1546 844 lapide

124 866 371 914 supersunt.

184 928 296 970 Ludi
326 928 388 970 M.
419 930 475 970 D.
502 929 564 971 M.
591 928 626 970 Ι.
660 928 932 984 Megalensia
965 935 1185 978 vocantur,
1220 930 1335 984 quod
1368 944 1419 971 ea
1451 930 1550 971 Dea

126 997 285 1039 Micale
307 999 564 1054 appellatur.
609 998 832 1040 Nobilium
855 1000 1149 1041 nmtc'tationes
1169 1015 1388 1042 coenarum
1412 999 1547 1041 solitae

124 1073 223 1109 sunt
252 1068 506 1123 frequenter
534 1068 642 1117 fieri,
668 1069 785 1123 quod
814 1068 961 1110 Mater
985 1069 1152 1124 Magna
1178 1084 1233 1110 ex
1266 1069 1382 1110 libris
1409 1069 1549 1125 Sibyl-

124 1138 219 1180 linis
248 1139 452 1180 arcessita
481 1139 621 1180 locum
651 1139 834 1180 mutavit
859 1154 915 1180 ex
939 1138 1131 1194 Phrygia
1155 1139 1355 1180 Romam.
1419 1139 1549 1191 Quod

124 1209 160 1250 si
189 1215 404 1264 praeterea
424 1209 678 1256 observaris,
705 1215 753 1250 ut
778 1209 868 1250 fere
899 1210 941 1250 in
971 1210 1164 1250 omnibus
1190 1209 1551 1264 explicationibus

126 1278 312 1321 Ovidius
351 1294 447 1320 cum
486 1279 716 1320 Fastorum
754 1280 1188 1321 commentationibus
1225 1280 1472 1328 conveniat,
1507 1285 1553 1320 et

125 1364 209 1391 non
243 1364 338 1390 raro
370 1350 422 1391 ab
456 1350 506 1390 iis
538 1351 743 1404 pendeat,
771 1350 844 1390 vix
877 1350 931 1390 de
961 1351 1143 1390 veritate
1178 1350 1388 1398 lectionis,
1422 1364 1549 1404 quarn

125 1419 365 1475 Fogginius
390 1419 467 1460 hoc
491 1420 583 1461 loco
607 1420 747 1468 affert,
772 1419 1004 1460 dubitabis.
1067 1420 1212 1472 Quum
1237 1420 1351 1460 enim
1374 1420 1550 1461 mutita-

126 1490 259 1531 tiones
297 1497 342 1531 et
377 1491 583 1532 ventitare
618 1490 691 1531 vix
723 1505 748 1531 a
778 1496 953 1531 mutuus
988 1505 1083 1531 esse
1123 1490 1267 1545 possit,
1299 1491 1373 1532 sed
1407 1491 1550 1545 potius

125 1560 495 1615 frequentativum
522 1561 644 1602 verbi
674 1567 804 1610 muto,
829 1567 876 1601 ut
907 1561 946 1602 O
980 1566 1026 1602 et
1046 1560 1090 1602 V
1114 1561 1306 1602 indicare
1334 1561 1549 1608 videntur,

126 1644 204 1684 pro
247 1630 451 1679 mutu-ita,
495 1631 610 1685 quod
655 1629 868 1671 Heinsius
911 1629 1061 1679 voluit,
1105 1630 1277 1671 Mutita
1319 1629 1553 1685 legendum

127 1713 300 1748 censeo,
339 1705 387 1740 ut
426 1700 618 1741 convivia
654 1700 813 1741 mutim
852 1699 967 1740 idem
1001 1699 1069 1746 sit,
1108 1699 1224 1754 quod
1260 1699 1556 1740 meditationes

127 1784 344 1811 caenarmn
375 1770 491 1824 apud
514 1769 735 1818 Verrium,
759 1775 803 1810 et
834 1770 1116 1824 sequentibus
1145 1770 1340 1810 versibus
1370 1769 1555 1810 Ovidius

128 1839 353 1881 obscuram
385 1839 492 1881 hanc
524 1855 675 1881 vocem
705 1840 964 1882 illustratum
993 1847 1078 1894 eat.
1152 1839 1190 1880 E
1220 1846 1427 1880 contextu
1459 1853 1554 1880 eam

128 1909 346 1951 excidisse
371 1910 443 1951 vix
467 1910 645 1959 mireris,
670 1925 801 1965 quum
825 1910 868 1951 in
892 1909 1025 1951 Gellii
1053 1909 1157 1950 locis
1183 1909 1336 1950 eadem
1360 1908 1555 1950 lectionis

132 1979 316 2021 varietas
337 1980 405 2021 sit.
469 1979 652 2022 Verrius
675 1995 822 2021 omnes
845 1979 1048 2021 vindicat.

187 2049 313 2091 Fast.
336 2050 393 2091 iv.
413 2048 515 2091 378.
548 2050 785 2091 Fortunam
809 2049 1034 2090 Publicam
1060 2054 1271 2090 sacratam
1295 2048 1355 2089 ait
1380 2048 1424 2089 in
1446 2048 1555 2090 colle

134 2118 349 2170 Quirinali
372 2119 435 2160 his
458 2119 679 2161 versibus:

343 2221 425 2268 Qui
445 2221 561 2266 djcet,
582 2221 776 2273 quondam
796 2228 943 2259 sacrata
961 2228 1020 2259 est
1040 2221 1136 2259 colle
1158 2221 1316 2268 Quirini

402 2286 490 2324 Hac
512 2286 687 2324 Fortuna
706 2286 768 2324 die
790 2286 966 2330 Publica,
989 2300 1101 2324 verus
1120 2286 1206 2324 erit.

133 2387 313 2430 Verrius
336 2389 390 2430 ad
413 2389 455 2430 d.
478 2390 506 2430 5
529 2388 670 2445 April.
691 2389 804 2430 Ludi
823 2389 1029 2430 Fortunae
1049 2389 1235 2444 publicae
1257 2389 1408 2430 citerio
1424 2421 1434 2430 .
1453 2421 1462 2430 .
1482 2422 1490 2431 .
1513 2390 1556 2430 in

131 2459 270 2508 colle;
303 2473 490 2515 eumque
520 2459 727 2515 supplens
750 2459 992 2515 Fogginius
1021 2458 1108 2514 legi
1131 2459 1224 2499 vult
1245 2459 1453 2508 citeriori,
1479 2460 1556 2500 sed

132 2531 186 2571 ad
222 2529 428 2571 Fortunae
461 2530 589 2571 Publ.
623 2529 789 2571 referri.
854 2530 1094 2571 Fortunam
1127 2529 1371 2570 citeriorem
1410 2535 1555 2570 autem

133 2600 331 2640 eamdem
368 2613 464 2640 esse
497 2599 603 2647 vult,
638 2613 766 2654 quam
800 2599 917 2640 Plut.
952 2598 1121 2650 Quaest.
1158 2598 1287 2640 Rom.
1319 2599 1389 2640 73.
1423 2601 1559 2652 βρέβεμ

134 2675 274 2718 vocat,
296 2669 339 2710 id
370 2675 450 2718 est,
473 2669 594 2710 brevi
624 2669 922 2718 obventuram,
951 2669 1073 2710 brevi
1102 2669 1403 2717 necessariam,
1431 2667 1558 2723 hujus

134 2739 234 2780 diei.
313 2738 402 2779 Sed
444 2738 686 2780 citeriorem
728 2738 963 2780 Fortunam
1018 2738 1212 2779 absolute
1257 2739 1318 2779 ita
1365 2738 1562 2793 usurpari
