1809 3220
217 166 304 208 130

617 163 668 204 Ρ.
702 161 922 205 OVIDII
954 161 1241 204 NASONIS

221 283 580 344 Laudatasque
601 286 777 328 tenent
797 285 941 326 natas
960 297 971 335 ;
1013 286 1263 342 scutoque
1284 284 1522 342 nepotem

290 360 409 409 Fert
433 375 584 407 avus:
625 358 706 404 hic
733 358 864 404 scuti
890 356 1086 404 dulcior
1106 372 1228 403 usus
1255 363 1379 403 erat.

220 438 348 486 Inde
370 438 520 492 diem,
549 451 664 499 quae
686 435 863 499 prima,
892 450 1031 482 meas
1058 433 1314 481 celebrare
1341 432 1602 481 Kalendas

289 515 552 562 OEbalides
578 521 765 560 matres
792 529 891 560 non
917 512 1026 560 leve
1053 528 1235 558 munus
1262 512 1469 559 habent.

1536 513 1636 558 230

222 594 319 650 An,
348 593 483 657 quia,
512 590 759 639 committi
786 589 973 638 strictis
1001 589 1326 637 mucronibus
1353 605 1506 645 ausae,

291 671 547 719 Finierant
572 669 811 733 lacrymis
833 667 1022 716 Martia
1047 669 1183 716 bella
1209 668 1346 715 suis?

220 750 332 806 Vel,
362 750 497 814 quod
525 756 632 797 erat
652 749 715 796 de
742 764 822 795 me
848 747 1060 795 feliciter
1084 746 1178 794 Ilia
1205 755 1392 802 mater;

289 828 409 877 Rite
429 829 601 876 colunt
626 835 812 875 matres
840 843 998 882 sacra,
1026 826 1265 889 diemque
1292 841 1480 873 meum.
1538 826 1637 871 234

221 904 392 961 Quid?
427 906 564 970 quod
602 905 782 962 hiems,
810 904 1056 968 adoperta
1081 904 1214 967 gelu,
1249 919 1381 951 nunc
1415 902 1640 966 denique

288 983 356 1031 Et
380 991 595 1047 pereunt
619 982 766 1030 victae
793 983 899 1030 sole
924 990 1132 1046 tepente.
1159 981 1317 1028 nives.

1461 980 1636 1044 [cedit,

220 1061 500 1109 Arboribus
527 1061 743 1108 redeunt
762 1061 992 1109 detonsae
1018 1060 1201 1123 frigore
1226 1059 1430 1107 frondes
1453 1077 1463 1107 :

290 1139 558 1202 Uvidaque
585 1156 613 1186 e
640 1147 816 1187 tenero
842 1140 1052 1204 palmite
1078 1154 1280 1201 gemma
1305 1144 1486 1186 tumet.

222 1217 454 1281 Quaeque
481 1217 567 1264 diu
588 1217 753 1273 latuit,
776 1233 910 1265 nunc
938 1233 1009 1274 se,
1033 1233 1136 1280 qua
1153 1216 1301 1264 tollat
1326 1215 1376 1263 in
1402 1232 1567 1273 auras,

290 1295 488 1343 Fertilis
515 1296 741 1343 occultas
765 1295 954 1343 invenit
980 1295 1137 1342 herba
1161 1294 1284 1342 vias.

1538 1296 1639 1341 240

224 1373 373 1421 Nunc
396 1373 644 1422 fecundus
670 1390 819 1437 ager:
863 1373 1061 1438 pecoris
1088 1389 1221 1420 nunc
1248 1373 1372 1420 hora
1395 1371 1600 1420 creandi
1623 1389 1633 1420 :

292 1452 441 1500 Nunc
469 1453 572 1500 avis
598 1453 648 1499 in
675 1468 812 1500 ramo
839 1459 975 1500 tecta
1000 1453 1259 1515 laremque
1286 1458 1447 1516 parat.

223 1609 482 1647 Lacedaemoniis,
494 1621 626 1652 quorum
645 1621 696 1642 rex
712 1611 893 1653 antiquissi-

220 1670 290 1689 mus
307 1659 442 1691 OElmtus.
485 1659 567 1690 Vide
583 1660 623 1690 ad
640 1659 660 1690 i.
673 1661 750 1692 260.

263 1710 342 1739 231.
367 1709 399 1740 Si
427 1709 523 1752 paulo
547 1715 620 1740 ante
648 1713 719 1741 inde
741 1711 894 1753 interpre-

220 1758 306 1793 iaris,
327 1764 506 1801 propterea,
531 1759 561 1789 hi
586 1759 649 1790 duo
674 1771 783 1791 versus
800 1762 894 1791 An—

219 1811 280 1839 suis
294 1809 392 1839 otiose
413 1809 512 1840 additi
529 1816 615 1840 sunt.
656 1809 770 1840 Malim
788 1810 893 1852 igitur,

220 1860 302 1893 inde,
319 1859 358 1889 ab
380 1858 435 1889 illo
460 1865 613 1901 tempore.
661 1860 736 1891 Jam
758 1859 809 1891 hic
835 1859 893 1891 du-

218 1907 312 1944 bitat,
336 1913 439 1938 utrum
463 1907 495 1938 id
519 1908 637 1939 sactum
658 1909 709 1943 sit,
726 1909 802 1950 quia
825 1920 893 1940 mu·

220 1957 312 1988 lieres
328 1959 484 1993 committi,
497 1964 561 1988 etc.
574 1968 613 1988 an
626 1964 752 1999 propter
763 1958 894 1989 Romuli

219 2013 345 2048 partum
375 2017 413 2037 ex
445 2006 517 2038 Ilia.
575 2006 700 2038 Etenim
731 2020 771 2038 an
801 2008 894 2050 pauci

221 2061 344 2087 tautum
369 2056 464 2086 MSS.
481 2056 620 2094 habent;
645 2057 749 2087 caeteri
766 2064 820 2087 aut
840 2068 894 2088 ex-

221 2103 342 2135 hibent.
391 2106 557 2141 committi,
583 2116 618 2136 se
639 2105 846 2142 committere,
863 2117 895 2137 se

220 2153 336 2184 inferre
358 2153 438 2185 inter
459 2154 584 2185 strictos
603 2154 738 2195 gladios.
785 2155 892 2191 Sacra,

219 2205 356 2244 diemque
380 2215 488 2240 meum,
504 2204 641 2246 primum
662 2204 778 2236 mensis
800 2215 817 2235 a
843 2216 892 2237 me

221 2253 298 2283 dicti
323 2252 418 2289 diem,
442 2263 505 2294 quo
530 2253 608 2284 mihi
633 2263 722 2284 sacra
746 2253 813 2285 fieri
837 2254 892 2286 de<

218 2303 308 2333 bent.
355 2302 536 2333 Secundam
557 2303 652 2344 igitur
677 2313 808 2334 causam
830 2314 893 2336 uno

218 2362 310 2383 versu
328 2350 444 2392 attigit.

263 2402 340 2433 235.
362 2401 470 2432 Tertia
490 2411 588 2432 causa
605 2414 610 2430 :
639 2406 659 2419 “
677 2402 832 2445 Tempore
849 2403 893 2434 fe·

219 2451 324 2483 cundo
340 2461 412 2494 pars
427 2458 474 2482 est
489 2457 649 2482 matronas
666 2452 893 2485 secunditatem

220 2502 368 2545 precibus
383 2512 553 2543 exposcere
577 2511 596 2531 a
611 2503 772 2534 Junone.”
810 2504 892 2535 Cum

220 2552 280 2582 hac
303 2561 405 2582 vernae
427 2551 656 2582 vicissitudinis
679 2551 893 2595 descriptione

219 2602 261 2634 cf.
284 2601 308 2632 i.
334 2603 392 2633 151
417 2612 488 2642 sqq.
534 2603 687 2641 Adoperta
711 2604 796 2644 gelu,
823 2603 892 2644 gla-

219 2651 309 2683 cialis
326 2651 416 2692 Virg.
433 2651 558 2681 dicitur.
599 2651 787 2694 Hiemsjam
799 2653 891 2684 Febr.

219 2701 270 2732 die
307 2701 441 2742 septimo
469 2702 572 2732 cedere
609 2701 806 2738 credebatur,
836 2702 892 2733 sed

217 2761 303 2793 saepe
325 2751 529 2789 recurrebat;
553 2751 587 2782 ii.
615 2752 684 2782 150.
705 2752 779 2783 854.
825 2751 892 2783 Re-

964 1612 1112 1642 currebat
1145 1610 1254 1646 etiam,
1286 1615 1414 1641 auctore
1445 1607 1640 1644 Columella,

965 1659 1138 1691 identidem
1155 1671 1210 1702 per
1226 1665 1325 1690 totum
1343 1659 1510 1690 Martium.
1562 1659 1638 1689 Per-

964 1718 1037 1740 eunt
1055 1713 1152 1745 vic-ter,
1178 1709 1372 1751 liquescunt,
1395 1709 1638 1740 contabescunt.

969 1760 1075 1791 Perire
1091 1760 1135 1791 sic
1150 1760 1189 1791 de
1204 1759 1331 1791 nivibus
1346 1759 1442 1790 etiam
1458 1758 1594 1795 Plinius,
1607 1758 1637 1789 Ι.

964 1810 1024 1851 Ep.
1048 1820 1100 1840 xv.
1130 1810 1161 1839 2.
1224 1809 1310 1840 Bene
1345 1810 1474 1840 detonsae
1500 1808 1641 1851 frigore,

963 1858 1136 1901 praesertim
1169 1869 1267 1900 quum
1297 1858 1424 1890 frondes
1452 1868 1538 1900 saepe
1565 1868 1639 1889 cum

964 1918 1056 1939 coma
1084 1914 1316 1951 comparentur.
1347 1909 1489 1940 “Tonsa
1514 1907 1640 1940 oliva.'’

966 1957 1082 1999 virgil.
1100 1959 1218 1999 Georg.
1239 1957 1285 1988 iii.
1302 1959 1355 1989 20.
1403 1958 1514 1989 Herbae
1535 1958 1638 1990 incre·

964 2013 1073 2038 menta
1101 2007 1241 2038 suaviter
1275 2007 1447 2049 descripta.
1495 2007 1640 2039 Occultos

964 2056 1036 2088 illas
1061 2058 1124 2088 tias
1146 2056 1236 2098 Virg.
1259 2056 1376 2099 Georg.
1394 2056 1418 2089 i.
1435 2057 1490 2088 89.
1513 2062 1535 2075 ‘¹
1552 2067 1640 2089 caeca

965 2106 1182 2149 spiramenta”
1200 2112 1304 2144 vocat,
1316 2117 1513 2150 quamquam
1528 2114 1561 2139 et
1575 2111 1640 2140 vias

963 2162 1060 2198 atque
1076 2168 1179 2188 venas.

1007 2208 1085 2238 241.
1110 2207 1265 2249 Calpurn.
1282 2207 1353 2238 Ecl.
1370 2219 1401 2239 v.
1416 2208 1470 2238 22.
1486 2207 1526 2239 de
1543 2218 1638 2241 verno

962 2263 1120 2298 tempore:
1140 2261 1161 2274 “
1175 2257 1265 2288 Tunc
1281 2258 1392 2288 Venus
1404 2263 1437 2288 et
1448 2257 1544 2289 calidi
1554 2257 1637 2290 scin-

962 2306 1044 2337 tillat
1069 2306 1169 2338 fervor
1189 2306 1315 2343 amoris,
1330 2307 1565 2350 Lascivumque
1580 2319 1638 2351 pe-

962 2366 1018 2386 cus
1033 2355 1184 2388 salientes
1199 2356 1316 2398 accipit
1335 2356 1477 2388 hircos.’'
1523 2357 1637 2390 Larem

963 2406 1060 2437 etiam
1085 2406 1198 2448 apibus
1221 2405 1333 2438 tribuit
1347 2407 1438 2449 Virg.
1453 2407 1574 2450 Georg.
1590 2407 1636 2440 iv.

963 2455 1018 2486 43.
1036 2462 1067 2486 et
1088 2462 1211 2496 penates
1225 2466 1291 2487 ver.
1311 2457 1384 2488 155.
1424 2457 1565 2491 Quarum
1579 2460 1637 2489 mi-

962 2506 1072 2542 litiam,
1090 2511 1151 2536 etc.
1187 2505 1312 2537 Taubn.
1324 2506 1484 2549 explicat:
1501 2518 1636 2549 quarum

960 2555 1063 2596 proles
1078 2556 1129 2586 vel
1145 2555 1256 2587 militis
1277 2556 1380 2588 officio
1405 2557 1566 2598 fungatur,
1583 2558 1636 2589 vel

961 2604 1148 2641 sacerdotio,
1165 2605 1233 2636 sive
1249 2607 1335 2644 votis,
1350 2611 1484 2648 oportet.
1531 2606 1635 2638 Immo

958 2661 1080 2694 partus,
1102 2660 1192 2686 actus
1218 2654 1376 2698 pariendi,
1401 2666 1496 2698 quem
1523 2666 1636 2688 uxores

961 2703 994 2734 in
1010 2703 1091 2735 votis
1117 2703 1246 2741 habent,
1262 2710 1294 2735 et
1317 2704 1350 2735 in
1370 2715 1433 2746 quo
1447 2706 1559 2737 militia
1582 2716 1633 2738 ea-

962 2763 1031 2784 rum
1047 2754 1150 2795 (cons.
1165 2753 1198 2785 ii.
1214 2753 1264 2794 9.)
1280 2754 1432 2786 cernitur.
