1830 3220
560 206 915 250 FASTORUM
951 205 1072 248 LIB.
1108 204 1191 247 IV.

1503 207 1587 249 183

162 327 313 374 Nunc
340 326 509 374 herbae
536 332 686 390 rupta
709 325 891 372 tellure
917 324 1186 371 cacumina
1209 324 1424 383 tollunt3

229 405 277 452 N
281 421 379 452 unc
405 403 599 451 tumido
626 419 853 467 gemmas
880 403 1070 451 cortice
1096 403 1293 467 palmes
1319 403 1452 466 agit:

160 483 228 531 Et
251 483 472 530 formosa
498 481 673 529 Venus
698 481 918 529 formoso
945 488 1174 546 tempore
1200 481 1356 545 digna
1381 488 1488 539 est;

232 561 407 625 thue
435 561 582 616 solet,
611 559 766 608 Marti
793 560 1092 607 continuata
1118 577 1227 608 suo.

1496 562 1590 607 130

159 639 291 687 Vere
317 647 491 687 monet
515 654 694 687 curvas
719 646 951 686 materna
977 655 1068 703 per
1093 655 1299 702 aequora
1323 655 1523 703 puppes

232 718 340 775 Ire3
383 733 476 765 nec
504 717 741 765 hibernas
763 718 869 780 jam
896 716 1127 764 timuisse
1154 717 1332 764 minas.

163 795 283 844 Rite
312 796 477 843 Deam
506 795 663 843 Latiae
691 795 857 843 colitis
885 804 1178 858 matresque
1204 811 1480 859 nurusque,

232 873 300 921 Et
324 891 430 930 vos,
460 876 572 938 quis
599 875 736 922 vittae
763 874 1020 938 longaque
1045 873 1202 921 vestis
1229 874 1391 922 abest.

165 952 335 1000 Aurea
360 969 642 1000 marmoreo
669 953 967 1001 redimicula
992 953 1172 1001 solvite
1199 953 1359 1001 collo:

1501 955 1594 1000 135

234 1031 438 1078 Demite
463 1030 664 1078 divitias
685 1048 694 1078 :
736 1039 844 1079 tota
867 1031 1084 1079 lavanda
1111 1031 1223 1079 Dea
1247 1039 1342 1080 est.

166 1109 335 1158 Aurea
361 1110 552 1158 siccato
578 1110 875 1158 redimicula
902 1110 1098 1158 reddite
1125 1110 1284 1158 collo:

235 1187 386 1236 Nunc
414 1188 498 1236 alii
523 1189 688 1245 fiores,
720 1205 853 1236 nunc
881 1205 1011 1236 nova
1035 1189 1206 1236 danda
1231 1205 1340 1236 rosa
1370 1196 1466 1237 est.

166 1265 272 1313 Vos
299 1283 505 1331 quoque
532 1267 626 1314 sub
652 1267 796 1314 viridi
823 1275 988 1331 myrto
1007 1268 1156 1330 jubet
1182 1267 1269 1314 illa
1291 1267 1473 1325 lavari3

238 1346 532 1409 Causaque,
555 1362 645 1393 cur
664 1347 862 1410 jubeat,
882 1345 1082 1402 discite,
1107 1353 1247 1394 certa
1273 1346 1468 1394 subest.
1504 1348 1597 1392 140

168 1472 244 1503 mite
256 1473 425 1514 gemmae,”
437 1472 586 1514 idemque
600 1472 848 1515 Georg.ii.363:

168 1528 187 1540 “
202 1534 235 1554 se
250 1524 344 1554 laetus
359 1523 399 1554 ad
416 1534 510 1554 auras
528 1523 657 1554 Palmes
673 1523 774 1563 agit.”
799 1523 850 1554 De

172 1575 352 1604 continuata
370 1573 443 1604 vide
460 1584 583 1605 versum
602 1574 655 1605 60.
699 1574 773 1605 Vere
790 1585 850 1604 mo-

170 1630 233 1661 net,
257 1630 319 1654 etc.
366 1622 394 1653 A
417 1623 464 1654 iii.
486 1623 602 1654 Iduum
629 1623 788 1654 Novemb.
811 1623 851 1654 ad

170 1673 213 1704 vi.
230 1673 349 1704 Iduum
366 1673 489 1710 Martii,
508 1673 608 1705 maria
623 1673 734 1705 clausa
749 1679 851 1710 erant,

169 1723 202 1754 id
227 1730 286 1760 est,
302 1734 364 1754 non
388 1723 585 1765 navigabant
608 1731 742 1760 veteres,
763 1724 851 1754 navi-

170 1774 230 1805 bus
245 1773 366 1805 inlitus
382 1773 560 1805 subductis.
585 1775 669 1805 Vere
686 1773 851 1811 redeunte,

174 1824 276 1855 siccas
300 1823 425 1855 carinas
448 1823 605 1855 machinae
628 1824 798 1856 trahebant
821 1825 852 1855 in

173 1884 280 1912 mareg
297 1873 463 1909 Horatius,
482 1873 510 1904 I.
526 1873 592 1905 Od.
609 1873 650 1904 iv.
669 1875 700 1905 3.
724 1875 765 1905 Et
779 1875 854 1916 quia

171 1924 283 1955 Venus
297 1935 314 1955 e
325 1923 403 1954 mari
418 1929 497 1960 orta,
507 1929 675 1966 propterea
686 1924 853 1966 imperium

173 1974 334 2016 quoddam
346 1975 379 2004 in
389 1985 476 2005 mare
489 1975 517 2005 ei
531 1974 742 2006 tribuebatur.
760 1975 854 2006 Tem-

176 2030 318 2067 pestates
335 2024 433 2056 etiam
450 2023 606 2066 Virgilius
623 2026 721 2056 minas
739 2026 806 2057 cir-li
823 2031 855 2057 et

174 2077 269 2106 maris
283 2075 378 2106 dixit.

224 2126 410 2157 133—162.
437 2125 562 2156 Festum
582 2125 706 2156 Veneris
728 2132 755 2156 et
778 2126 854 2156 For-

178 2182 260 2206 tunae
289 2175 397 2206 Virilis
427 2175 561 2206 Kalend.
592 2176 732 2215 Aprilis,·
769 2174 855 2217 quod

176 2225 272 2256 etiam
297 2224 330 2256 in
354 2224 553 2256 Kalend-ario
568 2230 632 2255 vet.
648 2230 854 2255 memoratur.

176 2275 246 2306 Hoc
280 2281 328 2305 est
353 2275 435 2305 illud
465 2274 584 2317 ipsum,
617 2274 702 2316 quod
735 2279 856 2305 veteres

176 2324 322 2356 nonnulli
341 2324 512 2361 docebant,
528 2324 674 2366 Aprilem
696 2334 714 2355 a
730 2325 857 2356 Venere

178 2384 294 2405 nomen
323 2373 477 2413 traxisse;
503 2373 710 2410 Plutarchus,
736 2373 857 2410 Numa,

181 2434 252 2466 cap.
271 2425 322 2455 19.
372 2423 450 2458 Quis
466 2427 563 2459 vittae,
581 2430 643 2454 etc.
689 2423 741 2454 Ita
757 2433 859 2454 mere-

180 2474 274 2506 trices
289 2475 386 2505 etiam
402 2474 497 2505 Trist.
513 2474 548 2505 ii.
561 2475 637 2504 248.
653 2480 685 2504 et
700 2484 738 2505 ex
756 2474 860 2505 Ponto

181 2524 245 2555 111.
258 2523 303 2556 iii.
315 2526 368 2556 54.
382 2524 657 2566 circumloquitur.
684 2525 740 2555 Eae
754 2530 859 2566 togam

179 2575 361 2616 gestabant,
382 2585 443 2605 non
466 2575 586 2616 longam
610 2579 729 2610 vestem,
746 2584 859 2616 nempe

180 2624 306 2660 stolam,
321 2629 441 2655 vestem
465 2631 680 2655 matronarum
702 2634 802 2666 usque
819 2624 860 2655 ad

181 2674 263 2706 talos
293 2674 477 2712 demissam,
509 2674 601 2716 cujus
629 2684 716 2705 oram
746 2674 862 2705 limbus

182 2732 237 2756 aut
261 2726 370 2756 instita
394 2725 568 2766 cingebat3
589 2723 749 2761 Tibullus,
769 2725 797 2755 1.
819 2723 862 2756 vi.

183 2776 244 2806 67:
272 2775 354 2806 “Sit
376 2775 468 2806 modo
490 2780 592 2811 casta,
608 2774 700 2811 doce,
717 2775 863 2816 quamvis

184 2835 247 2856 non
262 2825 340 2857 vitta
361 2824 478 2866 ligatos
498 2824 659 2866 Impediat
674 2824 788 2862 crines,
805 2835 863 2856 nec

920 1472 1002 1503 stola
1017 1473 1112 1514 longa
1127 1471 1260 1515 pedes.'’
1300 1473 1339 1503 In
1355 1482 1419 1502 uno
1436 1470 1517 1502 adeo
1533 1471 1601 1502 Ka-

920 1522 1006 1554 lend.
1046 1523 1229 1554 meretrices
1265 1523 1339 1554 solae
1376 1527 1601 1558 memorantur,

922 1583 993 1614 quae
1010 1583 1044 1603 se
1061 1573 1120 1603 sub
1137 1578 1238 1614 myrto
1254 1572 1402 1603 laverint.

970 1623 1043 1654 136.
1070 1624 1120 1654 De
1139 1623 1301 1653 lotionibus
1321 1628 1498 1653 statuarum
1521 1620 1603 1652 divi-

923 1683 1047 1708 narum,
1061 1679 1092 1704 et
1106 1672 1312 1708 ornamentis,
1322 1672 1438 1714 quibus
1454 1671 1518 1702 illae
1535 1676 1602 1702 tec-

924 1729 963 1754 tae
992 1723 1078 1765 apud
1106 1724 1238 1755 Graecos
1264 1722 1335 1753 vide
1361 1721 1534 1764 Spanhem.
1561 1721 1603 1753 ad

923 1773 1054 1804 Gallim.
1083 1773 1193 1815 hymn.
1223 1772 1352 1804 Pallad.
1380 1772 1450 1803 init.
1496 1771 1603 1803 Etiam

923 1824 955 1855 in
973 1823 1168 1855 Kalendario
1184 1823 1330 1854 Romano
1346 1823 1454 1865 plures
1469 1822 1604 1853 lotiones

924 1873 992 1916 ejus
1006 1874 1130 1915 generis
1147 1879 1276 1904 notatae.
1323 1872 1375 1903 De
1391 1872 1450 1903 hoc
1468 1870 1605 1903 Veneris

925 1925 1005 1956 festo
1031 1924 1226 1956 Plutarchus
1253 1924 1354 1955 Num.
1384 1924 1434 1954 19.
1457 1929 1602 1954 tantum:

925 1975 1040 2007 Θύουσι
1060 1976 1102 2017 τῇ
1125 1975 1210 2016 9εῴ;
1235 1974 1291 2005 sed
1316 1973 1424 2005 addit:
1452 1974 1525 2010 ταῖς
1547 1984 1605 2004 κα-

924 2024 1063 2062 λάνδαις
1091 2023 1359 2067 ἐστεφανωμέναι
1389 2023 1422 2055 αὶ
1448 2024 1606 2065 γυναῖκες

924 2074 1070 2117 μυρσίνῃ
1089 2073 1261 2106 λούονται.
1310 2073 1519 2109 Βεάἱτηίειιία,
1535 2072 1604 2103 fim-

924 2124 1001 2155 briae
1020 2130 1075 2155 aut
1090 2123 1197 2155 fasciae
1214 2134 1231 2154 e
1247 2123 1341 2154 mitra
1362 2122 1604 2159 descendentes,

926 2185 997 2216 quae
1011 2175 1120 2205 subter
1132 2180 1276 2205 mentum
1291 2172 1433 2214 colligari
1443 2172 1587 2204 solebant
1599 2184 1608 2212 ;

927 2226 1004 2256 AEn.
1018 2225 1064 2256 ix.
1083 2224 1160 2255 616.
1210 2223 1293 2255 Vide
1309 2223 1453 2254 Servium
1470 2222 1512 2254 ad
1529 2223 1606 2254 AEn.

925 2275 967 2306 iv.
983 2276 1059 2306 216.
1104 2275 1242 2310 Divitiae,
1257 2280 1444 2305 ornamenta
1459 2273 1607 2316 pretiosa,

927 2325 1044 2366 quibus
1081 2324 1218 2356 Veneris
1263 2329 1369 2355 statua
1409 2323 1608 2366 locupletata

928 2375 1025 2407 fuisse
1040 2374 1185 2411 videtur;
1210 2374 1319 2405 confer
1335 2373 1500 2405 Lenzium.

976 2424 1050 2457 139.
1083 2424 1145 2454 Sub
1175 2430 1286 2465 myrto,
1316 2429 1420 2465 myrto
1449 2427 1607 2454 coronatae

928 2475 1133 2510 lavabantur,
1150 2480 1186 2505 ut
1205 2484 1222 2505 e
1244 2472 1411 2504 Plutarchi
1433 2472 1520 2503 dicto
1539 2471 1609 2503 loco

931 2530 1075 2567 apparet.
1116 2524 1239 2555 Sic-care
1255 2524 1381 2562 capillos
1397 2522 1538 2553 solemne
1554 2532 1610 2553 ne·

929 2574 1050 2616 gotium
1065 2573 1208 2604 Dearum
1222 2572 1427 2608 marinarum,
1439 2573 1535 2603 etiam
1551 2572 1609 2602 ali-

930 2636 1018 2657 arum
1036 2631 1106 2667 post
1120 2624 1284 2655 lotionem.
1325 2623 1490 2663 Opposita‚·
1508 2620 1609 2652 Hein-

931 2675 995 2706 sius
1018 2676 1152 2715 apposita
1176 2673 1279 2705 dedit.
1326 2673 1388 2704 Sed
1413 2673 1514 2708 arbor,
1540 2676 1612 2713 post

932 2735 1026 2768 quam
1044 2725 1116 2767 quis
1126 2724 1226 2756 latere
1239 2723 1318 2761 vult,
1331 2734 1393 2754 non
1405 2724 1488 2753 bene
1500 2722 1611 2762 apponi

933 2775 1062 2807 dicitur.
1109 2775 1248 2817 Refer-re,
1267 2780 1419 2816 repetere,
1438 2778 1473 2803 ut
1489 2771 1509 2802 i.
1525 2772 1589 2803 618
1605 2782 1614 2811 3

935 2825 971 2856 ii.
990 2826 1067 2856 512.
