1830 3220
572 184 926 228 FASTORUM
958 184 1082 227 LIB.
1116 185 1183 228 ΙΙ.

1510 185 1596 227 107

166 300 369 350 Interea
387 301 588 366 juvenis
614 302 820 351 furiales
846 303 1014 367 regius
1040 304 1184 367 ignes

232 380 489 445 Concipit,
517 388 569 429 et
593 398 729 430 caeco
756 388 931 447 raptus
959 399 1128 431 amore
1153 381 1290 430 furit.

164 458 346 507 Forma
371 460 555 524 placet,
584 460 866 524 niveusque
892 460 1046 517 color,
1074 460 1296 525 flavique
1321 459 1510 525 capilli,

232 536 438 603 Quique
464 539 639 587 aderat
663 539 802 587 nulla
827 539 992 588 factus
1019 540 1082 587 ab
1109 546 1216 588 arte
1241 539 1411 587 decor.

163 615 333 665 Verba
350 617 571 682 placent,
591 624 642 665 et
657 634 773 674 vox,
792 624 843 666 et
861 617 1000 682 quod
1020 633 1342 682 corrumpere
1359 633 1459 664 non
1479 622 1559 665 est
1578 633 1588 665 :

232 694 451 760 Quoque
472 695 634 744 minor
653 712 772 761 spes
794 702 890 752 est,
913 695 1008 744 hoc
1029 696 1190 760 magis
1208 696 1291 744 ille
1311 695 1471 761 cupit.
1492 698 1589 744 766

160 772 192 820 J
198 790 279 822 am
304 775 516 823 dederat
534 782 741 823 cantum
767 775 895 823 lucis
921 775 1236 840 praenuntius
1264 775 1386 832 ales,

231 851 402 907 Quum
428 853 652 901 referunt
670 855 885 918 juvenes
912 854 962 902 in
990 871 1084 902 sua
1107 862 1275 903 castra
1299 853 1502 919 pedem.

164 930 405 996 Carpitur
430 932 669 980 attonitos
696 933 924 981 absentis
951 933 1171 998 imagine
1197 949 1379 982 sensus

231 1009 357 1058 Ille:
400 1010 686 1059 recordanti
714 1012 861 1076 plura
885 1013 1153 1077 magisque
1181 1013 1402 1078 placent.

166 1088 252 1137 Sic
280 1089 442 1138 sedit:
484 1090 556 1138 sic
583 1091 724 1139 culta
747 1090 872 1140 fuit:

1491 1013 1590 1058 770

915 1092 988 1140 sic
1010 1092 1228 1140 stamina
1252 1090 1416 1140 nevit:

233 1168 499 1232 Neglectae
526 1170 658 1218 collo
684 1171 756 1219 sic
776 1172 984 1235 jacuere
1009 1187 1186 1219 comae.

166 1247 275 1296 Hos
301 1249 481 1296 habuit
504 1249 673 1297 vultus
697 1266 707 1298 ε
748 1250 857 1298 haec
880 1250 950 1298 illi
975 1250 1131 1299 verba
1156 1249 1324 1298 fuere:

234 1326 334 1375 Hic
355 1326 525 1384 decor,
553 1327 661 1375 haec
687 1327 860 1385 facies,
882 1328 965 1377 hic
992 1329 1131 1376 color
1157 1328 1257 1376 oris
1283 1334 1409 1375 erat.

168 1405 242 1454 Ut
266 1406 397 1455 solet
422 1422 452 1454 a
474 1422 660 1470 magno
684 1407 871 1456 fluctus
898 1408 1230 1471 languescere
1256 1406 1378 1454 flatu
1402 1424 1413 1463 ;

1490 1406 1588 1452 775

236 1485 341 1533 Sed
366 1492 538 1533 tamen
563 1501 591 1533 a
616 1493 783 1543 vento,
812 1485 900 1550 qui
926 1485 1037 1544 fuit,
1066 1485 1203 1534 unda
1227 1490 1419 1533 tumet:

209 1633 286 1663 761.
311 1632 453 1663 Exornat
479 1643 578 1674 usque
610 1631 651 1663 ad
682 1642 745 1664 ver.
767 1633 843 1664 779.

165 1682 251 1725 quod
280 1682 390 1714 Livius
415 1682 552 1713 tenuiter
582 1687 710 1713 narrat:
751 1687 774 1700 “
793 1682 843 1714 Ibi

164 1733 298 1764 Sextum
317 1731 528 1773 Tarquinium
554 1731 639 1763 mala
660 1731 760 1763 libido
781 1732 843 1764 Lu-

166 1782 274 1814 cretiae
292 1793 349 1824 per
364 1781 429 1813 vim
444 1781 627 1824 stuprandai
644 1783 750 1824 capit:
777 1788 844 1814 tum

165 1833 276 1869 forma,
293 1837 361 1863 tum
377 1836 521 1875 spectata
543 1832 675 1863 castitas
695 1832 845 1864 incitat.’'

165 1883 290 1914 Malam
301 1882 390 1913 illam
403 1881 570 1912 libidinem
582 1882 698 1913 Noster
709 1882 847 1923 graviter

156 1934 298 1976 furiales
307 1934 391 1975 ignes
398 1937 502 1963 vocat.
514 1932 636 1972 Raptus
645 1931 713 1963 istis
721 1931 848 1974 ignibus

166 1983 280 2015 melius
291 1982 450 2019 convenit,
467 1992 564 2024 quam
580 1988 686 2023 captus
702 1982 847 2014 aliorum.

213 2035 288 2066 763.
311 2034 425 2065 Forma
440 2033 534 2075 hujus
555 2039 708 2063 matronae
728 2033 848 2075 pendet

165 2096 185 2117 a
200 2085 381 2117 criticorum
392 2083 526 2126 judicio.
572 2084 723 2125 Namque
744 2085 776 2114 1Ο
791 2095 847 2126 pro

166 2139 329 2177 niveusque
345 2145 428 2166 unus
443 2133 553 2166 Vatic.
567 2136 746 2175 vivensque3
773 2134 846 2166 hinc

166 2186 280 2218 Heius.
303 2184 461 2216 suadebat
496 2187 662 2225 vivusque,-
698 2184 846 2226 equidem

166 2236 246 2269 nihil
278 2241 377 2267 muto.
437 2236 483 2266 2⁰.
514 2234 605 2266 Flavi
642 2236 750 2275 capilli
785 2245 847 2266 non

167 2288 298 2330 placent
328 2287 438 2318 Burin.
469 2285 546 2328 quia
575 2284 784 2317 meretriculis
815 2291 847 2316 et

167 2339 345 2371 libidinosis
364 2337 551 2369 mulieribus
572 2348 592 2368 a
612 2336 712 2379 poetis
729 2336 847 2368 adscri—

169 2391 307 2428 bantur3
330 2388 439 2431 itaque
461 2388 584 2420 mavult
600 2399 672 2419 cum
696 2398 759 2418 uno
775 2387 846 2418 cod.

170 2439 282 2471 Heius.
307 2441 451 2482 nigrique
478 2440 597 2479 capilli,
625 2445 660 2470 ut
687 2438 732 2469 ita
755 2438 847 2469 niveo

169 2489 230 2521 oris
246 2489 343 2521 colori
365 2488 475 2531 capilli
495 2487 575 2530 nigri
588 2487 692 2530 juncti
708 2487 848 2519 efficiant

167 2537 434 2571 emendatissimae
452 2537 558 2569 formae
576 2537 687 2569 decus.
726 2538 824 2580 Papae
839 2539 844 2568 !

170 2588 309 2620 Ovidius
333 2593 440 2619 tamen
464 2592 496 2618 et
519 2586 646 2630 pudicis
665 2587 766 2629 flavos
793 2597 846 2618 ca-

169 2639 264 2681 pillos
290 2638 421 2677 tribuit3
445 2637 528 2669 infra
550 2649 581 2669 v.
607 2638 684 2669 609.
713 2638 847 2680 Europae

169 2694 190 2707 “
205 2689 282 2721 flavi
305 2687 414 2732 capilli
427 2688 458 2728 ;’'
480 2687 615 2720 Heroid.
643 2699 675 2720 v.
700 2689 772 2720 122.
793 2689 848 2720 OE-

173 2750 256 2771 none
285 2739 357 2782 ipsa
385 2739 575 2770 “flaventes
605 2738 745 2770 comas'’
778 2749 852 2769 suas·

171 2789 307 2832 jactat.''
354 2790 403 2821 3⁰.
438 2789 582 2820 Decorem
622 2788 774 2832 Neapolis
812 2789 852 2819 ad

913 1633 1058 1664 ruborem
1081 1632 1188 1669 refert,
1205 1631 1260 1674 qui
1282 1642 1344 1662 non
1365 1630 1459 1662 fuerit
1478 1641 1496 1661 a
1518 1629 1592 1661 fuco

913 1687 945 1714 et
960 1682 1135 1725 pigmento,
1153 1682 1210 1714 sed
1228 1681 1393 1713 naturalis.
1429 1681 1471 1711 Et
1486 1680 1593 1723 plures

913 1733 1010 1764 MSS.
1034 1733 1155 1764 habent
1176 1733 1270 1763 color.
1317 1731 1380 1762 Sed
1406 1733 1508 1768 decor,
1536 1730 1592 1773 qui

914 1793 986 1813 mox
1009 1793 1078 1813 ver.
1100 1783 1178 1813 774.
1202 1793 1221 1813 a
1244 1781 1347 1819 vultu,
1374 1781 1467 1818 faeie,
1489 1781 1593 1813 colore

915 1831 1031 1863 diserte
1055 1830 1270 1874 distinguitur,
1286 1831 1319 1861 in
1343 1830 1468 1867 habitu,
1489 1837 1594 1873 gestu,

917 1888 1003 1912 motu
1025 1881 1164 1924 corporis
1185 1881 1335 1913 cernitur.
1382 1880 1468 1912 Vide
1486 1881 1595 1914 Bentl.

915 1931 956 1963 ad
976 1932 1092 1963 Horat.
1116 1932 1176 1964 IV.
1194 1931 1259 1963 Od.
1276 1930 1343 1963 xiii.
1364 1931 1415 1962 17.
1436 1930 1491 1962 ubi
1513 1933 1593 1962 color

915 1986 947 2013 et
958 1983 1063 2013 decens
1078 1988 1187 2013 motus.
1213 1981 1277 2012 Hic
1294 1991 1422 2023 quoque
1434 1980 1530 2012 decor
1543 1993 1595 2012 ατ·-

917 2033 996 2062 tibus
1011 2032 1269 2074 comparabatur.
1295 2030 1381 2062 Vide
1394 2030 1467 2061 Art.
1485 2031 1595 2064 Amat.

916 2081 962 2112 iii.
986 2083 1050 2113 257
1076 2093 1150 2124 sqq.
1200 2081 1289 2116 Quod
1312 2092 1506 2122 corrumpere
1533 2094 1594 2114 non

916 2139 969 2170 est,
987 2132 1122 2169 seilicet,
1151 2132 1263 2174 pudor.
1309 2132 1460 2163 Lenzius:
1487 2133 1596 2174 placet

915 2182 949 2214 in
964 2194 1002 2214 ea
1014 2183 1058 2220 id,
1071 2183 1157 2226 quod
1173 2194 1206 2215 se
1220 2183 1378 2226 corrumpi
1389 2193 1449 2214 non
1461 2183 1594 2225 patitur.

960 2235 1036 2265 767.
1064 2234 1199 2265 Cautum
1222 2236 1308 2271 dare,
1333 2238 1464 2264 cantum
1487 2234 1593 2272 edere,

916 2290 952 2315 ut
973 2284 1092 2315 Tibull.
1114 2284 1179 2316 ΙΙΙ.
1198 2284 1242 2315 iv.
1261 2284 1314 2315 40.
1361 2283 1478 2315 Gallus
1498 2290 1595 2316 cantu

915 2344 972 2365 suo
988 2339 1008 2351 “
1022 2344 1155 2365 evocare
1171 2334 1329 2365 Auroram
1343 2333 1363 2345 ”
1386 2332 1503 2365 dieitur
1522 2335 1594 2366 Me-

917 2389 992 2415 tam.
1010 2383 1054 2415 xi.
1072 2384 1148 2415 598.
1195 2384 1275 2415 Mox
1296 2383 1344 2415 vis
1365 2383 1543 2426 phantasiae
1565 2390 1597 2416 et

916 2434 1047 2477 impurae
1084 2433 1226 2465 libidinis
1261 2433 1423 2465 verissime
1459 2439 1596 2467 notatur.

919 2484 1014 2525 Carpi
1033 2496 1133 2516 amm-e
1154 2490 1210 2516 aut
1234 2486 1305 2527 igne
1330 2483 1467 2515 formula
1488 2484 1595 2516 obvia.

917 2534 1072 2566 Eamdem
1089 2533 1153 2566 vim
1171 2536 1317 2575 carpendi
1337 2534 1479 2565 habebat
1499 2534 1595 2566 etiam

917 2588 1027 2628 imago,
1037 2585 1187 2627 cogitatio
1198 2584 1339 2616 mulieris
1350 2590 1474 2616 amatae.
1488 2583 1596 2615 Etiam

918 2636 1059 2668 Remea.
1077 2637 1152 2667 723.
1166 2636 1304 2678 imagine
1320 2640 1409 2667 muta
1423 2634 1546 2677 carpi.''

965 2687 1039 2719 775.
1068 2688 1095 2718 A
1116 2687 1217 2727 flatu,
1239 2691 1310 2729 post
1331 2686 1455 2717 flatum.
1501 2685 1595 2716 Hanc

919 2736 1162 2769 similitudinem
1187 2748 1250 2768 non
1271 2737 1434 2778 vulgarem
1459 2734 1596 2766 illustrat

922 2787 1058 2824 Gellius,
1076 2787 1173 2818 Noct.
1190 2786 1258 2818 Att.
1275 2786 1309 2817 ii.
1325 2787 1377 2817 30.
1394 2784 1449 2816 ubi
1474 2783 1514 2816 de
1540 2795 1594 2816 au-
