1830 3220
573 183 926 226 FASTORUM
958 182 1080 224 LIB.
1113 181 1170 223 V.

155 299 370 348 Vindice
397 301 631 348 servabat
655 301 793 348 nullo
819 315 909 347 sua
934 299 1140 364 publica
1163 298 1372 361 vulgus:

220 377 440 443 Jamque
466 380 516 426 in
543 379 736 443 privato
761 394 970 443 pascere
997 376 1172 425 inertis
1199 382 1323 424 erat.

155 455 331 504 Plebis
358 457 420 504 ad
446 457 621 505 aediles
647 457 818 505 delata
843 455 1048 503 licentia
1072 454 1187 501 talis

222 533 511 583 Publicios:
554 521 752 582 animus
777 532 940 581 defuit
968 538 1085 579 ante
1111 530 1246 578 viris.

153 610 284 659 Rem
311 612 529 676 populus
556 611 763 675 recipit:
806 610 1048 658 mulctam
1075 609 1275 656 subiere
1301 613 1569 665 nocentes3

219 689 522 736 Vindicibus
548 688 685 736 laudi
712 688 918 752 publica
944 703 1066 735 cura
1089 686 1210 735 fuit:

1476 687 1576 732 290

153 766 352 815 Mulcta
376 767 495 815 data
520 774 598 815 est
623 783 687 814 ex
715 774 856 830 parte
882 765 1035 823 mihi;
1077 779 1365 828 magnoque
1391 762 1558 810 favore

220 844 454 893 Victores
479 845 626 892 ludos
653 844 919 892 instituere
945 859 1119 890 novos.

155 921 307 971 Parte
332 925 502 971 locant
525 923 726 977 clivum,
756 923 844 986 qui
871 930 990 969 tunc
1018 928 1126 969 erat
1150 920 1307 968 ardua
1331 934 1512 983 rupes:

223 1000 363 1049 Utile
389 1018 522 1049 nunc
550 1002 644 1049 iter
669 1008 776 1059 est;
820 1000 1215 1063 Publiciumque
1239 1004 1437 1045 vocant.

155 1078 340 1128 Annua
365 1080 678 1128 credideram
705 1079 1000 1144 spectacula
1024 1078 1180 1134 facta3
1212 1075 1434 1138 negavit;
1477 1076 1575 1122 295

222 1158 438 1206 Addidit
462 1166 514 1206 et
539 1158 688 1206 dictis
715 1159 874 1206 altera
898 1158 1051 1205 verba
1077 1156 1181 1203 suis
1202 1172 1210 1202 :

197 1286 273 1316 287.
296 1286 351 1316 Ad
365 1287 466 1317 (ediles
484 1288 577 1327 plebis
598 1297 675 1317 cura
694 1297 827 1329 pascuo-

152 1345 222 1365 rum
252 1335 445 1377 pertinebat.
495 1337 673 1373 Publicios,·
716 1337 829 1367 Festus

154 1384 289 1416 Lucium
320 1392 352 1417 et
378 1386 528 1417 Marcum
552 1385 715 1417 Publicios
742 1386 827 1416 Mal-

153 1434 252 1465 leolos
268 1441 372 1466 vocat.
420 1436 553 1477 Deferre
574 1446 659 1466 nunc
682 1441 730 1466 est
746 1435 827 1466 indi-

154 1484 211 1520 cis,
228 1484 283 1526 qui
305 1495 370 1516 rem
393 1485 541 1516 aedilibus
561 1491 668 1516 notam
691 1485 780 1524 facit,
796 1491 830 1516 ut

154 1544 226 1564 eam
248 1534 288 1565 ad
311 1535 463 1577 populum
486 1535 656 1577 perferant.
702 1536 833 1566 Animus

156 1584 259 1626 defuit
283 1591 378 1622 ante;
415 1591 521 1616 tamen
546 1584 668 1621 Livius,
685 1596 715 1615 x.
731 1586 774 1616 23
801 1590 833 1616 et

154 1634 208 1665 47.
221 1641 326 1666 narrat
337 1635 405 1677 jam
423 1645 506 1666 anno
522 1635 564 1666 U.
578 1635 616 1666 C.
630 1635 705 1666 457.
722 1634 833 1666 aediles

153 1684 269 1726 plebis,
293 1691 324 1716 et
349 1695 400 1716 an.
425 1685 500 1715 462.
526 1684 636 1715 aediles
661 1684 787 1715 curules
814 1695 831 1715 e

153 1733 327 1764 multatitia
360 1733 509 1776 pecunia,
539 1744 636 1775 quam
673 1733 832 1775 pecuariis

152 1783 312 1814 damnatis
328 1782 520 1824 exegissent,
535 1783 585 1813 vel
601 1782 693 1813 ludos
708 1781 831 1819 fecisse,

151 1833 203 1864 vel
234 1832 316 1864 viam
347 1832 505 1864 stravisse.
554 1833 720 1863 Pet-uarios
747 1832 830 1863 Dra-

152 1883 248 1913 kenb.
270 1888 302 1913 et
326 1882 506 1913 Burmann.
525 1882 714 1924 publicanos
736 1881 832 1912 intel-

153 1931 278 1973 ligunt3
302 1932 419 1963 Stroth.
436 1936 468 1962 et
489 1932 617 1962 Ernest.
633 1931 666 1962 in
686 1931 830 1963 Glossar.

154 1980 299 2018 Liviano,
319 1981 464 2012 homines
487 1981 542 2023 qui
572 1980 739 2012 conductis
759 1990 830 2022 pas-

155 2031 223 2063 cuis
248 2031 386 2074 publicis
408 2042 426 2062 e
446 2042 478 2062 re
500 2031 652 2073 pecuaria
674 2036 832 2072 quaestum

154 2081 329 2112 faciebant.
374 2080 437 2112 Sed
463 2092 524 2112 non
550 2086 694 2123 apparet,
710 2089 765 2111 cur
790 2080 829 2111 ab

154 2130 204 2161 his
231 2131 385 2162 mulctam
413 2130 587 2172 exegerint.
633 2129 708 2160 Sine
734 2129 830 2160 dubio

155 2180 214 2211 hoc
230 2180 357 2211 nomine
375 2179 439 2211 illis
453 2179 532 2210 locis
547 2179 644 2210 iidem
661 2178 830 2220 designan-

154 2234 215 2266 tur,
230 2240 309 2272 quos
324 2230 460 2261 Ovidius
475 2229 534 2260 hoc
549 2229 618 2260 loco
634 2234 733 2259 notat.
770 2229 831 2259 Re-

153 2281 228 2320 cipit
240 2279 341 2321 judex
357 2290 472 2311 nomen
488 2284 520 2310 et
542 2288 685 2315 causam,
702 2288 773 2319 quae
791 2277 831 2308 ad

156 2340 231 2360 eum
264 2329 422 2369 defertur;
459 2340 522 2360 rem
550 2329 679 2369 populus
707 2329 830 2368 recipit,

158 2379 235 2421 quia
261 2389 310 2410 res
336 2379 370 2410 in
389 2378 512 2421 judicio
536 2377 646 2421 populi
675 2382 748 2408 acta
774 2383 833 2413 est,

158 2428 244 2471 quod
260 2439 299 2459 ex
315 2428 378 2460 alio
392 2427 475 2460 Livii
495 2428 566 2458 loco
582 2426 694 2458 xxxiii.
709 2427 762 2458 42.
776 2437 833 2469 pa-

157 2483 203 2509 tet
216 2490 221 2507 :
247 2482 266 2495 ‘⁴
280 2477 405 2508 AEdiles
421 2477 524 2520 plebis
539 2477 655 2508 multos
669 2475 834 2518 pecuarios

159 2526 200 2558 ad
228 2527 338 2570 populi
364 2526 522 2569 judicium
553 2525 767 2562 adduxerunt,
795 2536 833 2556 ex

159 2587 268 2608 eorum
282 2577 456 2608 multatitia
470 2575 608 2618 pecunia
623 2575 725 2606 aedem
739 2575 771 2606 in
787 2575 836 2606 in-

160 2626 230 2658 sula
255 2626 357 2658 Fauni
379 2625 555 2657 fecerunt.'’
606 2625 758 2661 Vindices,
779 2624 835 2666 qui

159 2687 226 2708 rem
242 2676 424 2708 detulerant
438 2675 477 2706 ad
493 2675 662 2718 populum.
708 2674 760 2706 Ab
777 2674 836 2705 hac

157 2728 282 2768 publica
307 2739 384 2758 cura
406 2726 540 2758 Lenzius
562 2731 654 2768 putat
676 2725 836 2757 Publicios

159 2776 272 2809 fratres
289 2787 402 2809 nomen
420 2776 564 2808 traxisse.

942 1286 1019 1316 291.
1043 1284 1143 1315 Florae
1168 1292 1240 1324 pars
1264 1280 1373 1311 multae
1395 1279 1481 1315 data,
1501 1278 1578 1320 quia

898 1341 930 1367 et
946 1345 1022 1366 arva
1038 1339 1135 1375 atque
1151 1341 1272 1374 pascua
1287 1330 1356 1372 ejus
1372 1339 1490 1360 numen
1506 1335 1576 1359 tan-

898 1387 1028 1427 gebant,
1042 1395 1104 1415 ver.
1117 1384 1193 1414 262.
1229 1382 1318 1412 Data
1333 1384 1439 1411 autem
1461 1378 1490 1410 ei
1503 1389 1576 1421 pars

898 1435 1028 1477 duplex,
1050 1444 1188 1475 namque
1215 1437 1342 1463 auctore
1369 1428 1492 1465 Tacito,
1508 1428 1576 1459 An-

902 1485 966 1516 nal.
982 1484 1016 1515 ii.
1035 1485 1097 1521 493
1122 1483 1250 1525 “juxta
1267 1480 1386 1512 circum
1404 1478 1577 1509 maximum

902 1534 986 1565 aedes
1012 1535 1112 1565 Florae
1143 1533 1183 1563 ab
1210 1532 1248 1562 L.
1273 1536 1305 1561 et
1328 1530 1378 1560 M.
1424 1528 1580 1559 Publiciis

902 1585 1049 1616 aedilibus
1073 1582 1246 1614 constituta
1267 1580 1349 1617 est‚''
1368 1589 1464 1620 quam
1484 1578 1578 1609 Tibe-

902 1634 966 1665 rius
982 1632 1180 1664 instauravit.
1215 1631 1347 1661 Victores
1359 1629 1391 1660 in
1403 1628 1459 1659 illa
1471 1638 1579 1659 causa..

902 1684 953 1714 De
970 1684 1047 1715 clivo
1062 1681 1185 1713 munito
1202 1679 1404 1712 consentiunt
1420 1680 1522 1710 Varro
1538 1679 1578 1710 de

901 1733 993 1774 Ling.
1009 1733 1082 1763 Lat.
1100 1731 1143 1762 iv.
1158 1736 1189 1762 et
1205 1730 1318 1761 Festus
1339 1729 1371 1759 in
1387 1728 1447 1759 hoc
1464 1728 1575 1758 vocab.

899 1783 960 1814 Ille
976 1783 1060 1814 enim
1078 1782 1146 1812 haec
1172 1781 1271 1811 habet
1286 1792 1291 1810 ε
1320 1783 1343 1796 “
1363 1778 1475 1810 Clivus
1490 1777 1577 1808 Pub-

901 1832 991 1864 licius
1004 1833 1043 1863 ab
1060 1830 1208 1862 aedilibus
1223 1828 1326 1873 plebis
1340 1827 1505 1864 Publiciis,
1523 1826 1578 1869 qui

900 1893 973 1913 eum
987 1881 1115 1924 publice
1129 1877 1360 1911 aedificarunt.’'
1392 1878 1506 1908 Festus
1521 1875 1578 1907 ad-

901 1931 960 1968 dit,
974 1942 1046 1962 eum
1063 1941 1082 1961 a
1100 1928 1256 1961 Publiciis
1271 1926 1428 1958 munitum
1445 1936 1525 1962 esse,
1543 1932 1580 1957 ut

900 1981 933 2012 in
946 1981 1142 2013 Aventinum
1154 1978 1304 2010 vehicula
1318 1976 1425 2008 venire
1440 1982 1580 2018 possent.

902 2031 1032 2067 Locant,
1055 2040 1154 2072 quum
1179 2027 1388 2059 muniendum
1410 2025 1579 2057 redemtori

901 2080 1068 2117 addicunt,
1083 2080 1215 2111 verbum
1232 2079 1264 2109 in
1280 2077 1341 2108 hac
1357 2088 1389 2108 re
1405 2076 1556 2108 solemne.

944 2131 1019 2161 295.
1043 2128 1127 2160 Ludi
1146 2128 1194 2158 illi
1219 2127 1317 2158 semel
1341 2131 1466 2157 tautum
1488 2125 1577 2156 exhi-

902 2179 969 2211 biti.
1005 2180 1133 2221 Tangit,
1145 2178 1295 2213 oblectat,
1307 2176 1446 2207 suaviter
1461 2175 1576 2206 afficit:

900 2235 1010 2261 contra
1034 2230 1173 2260 Metam.
1188 2226 1257 2258 viii.
1282 2226 1358 2257 279.
1381 2225 1436 2256 ubi
1461 2224 1577 2256 Dianae

901 2289 964 2310 arae
987 2283 1131 2310 cessant:
1161 2277 1276 2318 Tangit
1294 2282 1323 2306 et
1337 2277 1387 2306 ira
1409 2276 1487 2306 deos.
1532 2275 1578 2306 Ut

901 2328 953 2359 hic
977 2329 1068 2359 turba
1088 2328 1255 2362 ambitiosa,
1273 2336 1345 2367 quae
1368 2324 1492 2356 cultum
1511 2329 1579 2355 stu-

903 2377 991 2408 diose
1021 2376 1163 2411 affectat,
1188 2380 1224 2406 ut
1251 2374 1368 2405 honore
1393 2373 1510 2410 valeat,
1532 2372 1577 2404 sic

902 2427 1040 2458 Metam.
1067 2425 1133 2456 viii.
1156 2425 1233 2455 277.
1257 2424 1346 2454 honos
1373 2422 1428 2454 ille
1453 2422 1520 2465 ipse
1544 2422 1578 2453 in

902 2476 1045 2519 plurimis
1056 2476 1151 2506 MSS.
1167 2475 1341 2505 ambitiosus
1354 2472 1481 2503 dicitur.
1512 2472 1576 2503 Ini-

904 2529 956 2567 qui
972 2526 1016 2557 dii
1033 2531 1107 2557 sunt
1120 2524 1204 2560 irati,
1217 2525 1294 2565 oequz‘
1309 2523 1462 2554 faventes.
1509 2522 1575 2552 Vo-

904 2578 974 2608 cab.
1001 2577 1131 2607 blandus
1159 2574 1299 2605 solemne
1329 2572 1369 2603 de
1398 2571 1578 2615 placatione

904 2627 1048 2664 deorum,
1075 2626 1120 2656 ita
1146 2630 1182 2655 ut
1206 2634 1291 2655 nunc
1316 2633 1407 2654 sacra
1433 2621 1578 2652 facienti-

904 2678 975 2712 bus.
989 2687 1072 2708 nunc
1089 2685 1195 2707 eorum
1209 2673 1346 2705 victimis
1361 2677 1416 2703 aut
1431 2670 1580 2713 precibus

906 2725 1063 2757 tribuatur
1077 2737 1085 2763 3
1111 2723 1184 2755 vide
1206 2722 1315 2754 Bentl.
1331 2720 1371 2752 ad
1387 2721 1498 2751 Horat.
1513 2720 1577 2753 ΙΙΙ.

908 2775 971 2807 Od.
987 2774 1075 2807 xxiii.
1095 2775 1146 2805 18.
1185 2773 1352 2808 Sustiuere,
1368 2769 1512 2802 retinere.
