1809 3220
191 158 278 219 268

573 156 625 196 P.
661 153 877 196 OVIDII
913 150 1199 194 NASONIS

195 276 303 324 Nos
323 288 528 338 quoque
554 270 717 333 tangit
735 271 916 317 honor:
946 267 1087 314 festis
1107 265 1388 329 gaudemus
1414 271 1465 312 et
1489 263 1608 321 aris;

261 352 534 412 Turbaque
561 348 796 395 coelestes
821 345 1089 393 ambitiosa
1114 359 1305 391 sumus.

198 432 348 494 Saepe
370 429 492 475 deos
520 426 702 489 aliquis
730 424 990 489 peccando
1015 422 1135 470 fecit
1159 422 1390 485 iniquos;

264 506 332 554 Et
358 521 446 570 pro
472 503 672 551 delictis
698 502 864 550 hostia
888 500 1076 549 blanda
1101 499 1209 546 fuit.

1516 499 1616 544 300

198 585 347 648 Saepe
373 582 403 630 J
408 598 552 630 ovem
578 581 695 637 vidi,
725 596 883 644 quum
903 581 1010 643 jam
1037 594 1129 625 sua
1153 576 1354 624 mittere
1378 575 1532 623 vellet

265 659 515 715 Fulmina,
543 666 654 706 ture
680 659 799 706 dato
826 656 1127 704 sustinuisse
1154 670 1376 702 manum.

196 739 265 786 At
289 738 330 786 si
355 736 674 800 negligimur,
703 735 900 798 magnis
927 733 1110 797 injuria
1135 732 1297 797 poenis

268 816 503 871 Solvitur,
532 823 583 863 et
602 816 799 878 justum
826 812 1050 877 praeterit
1074 811 1145 858 ira
1170 810 1393 857 niodum.

200 893 421 957 Respice
438 892 772 946 Thestiaden;
798 890 1014 938 fiammis
1031 888 1327 937 absentibus
1344 886 1487 934 arsit:
1517 888 1615 933 305

267 971 438 1018 Causa
462 976 555 1025 est,
584 970 721 1032 quod
750 969 972 1016 Phoebes
1000 984 1084 1015 ara
1109 967 1217 1014 sine
1244 967 1360 1029 igne
1383 964 1494 1012 fuit.

198 1048 420 1112 Respice
446 1047 776 1105 Tantaliden3
819 1047 996 1095 eadem
1024 1046 1121 1093 dea
1144 1045 1255 1091 vela
1276 1043 1510 1092 tenebat:

266 1126 419 1189 Virgo
445 1133 550 1181 est;
592 1132 642 1172 et
667 1132 866 1190 spretos
895 1124 972 1171 bis
998 1131 1168 1170 tamen
1196 1122 1301 1169 ulta
1325 1120 1479 1168 focos,

198 1202 480 1267 Hippolyte
507 1202 700 1258 infelix,
729 1203 885 1250 velles
911 1200 1130 1248 coluisse
1158 1199 1374 1254 Dionen,

265 1280 435 1335 Quum
461 1280 798 1328 consternatis
824 1278 1112 1343 diripereris
1139 1277 1312 1340 equis!

1518 1276 1618 1321 310

196 1358 370 1421 Longa
394 1357 575 1405 referre
604 1375 742 1406 mora
766 1366 845 1405 est
869 1364 1095 1405 correcta
1117 1355 1300 1403 oblivia
1325 1352 1523 1401 damnis
1543 1368 1553 1399 ε

270 1435 358 1483 Me
386 1451 591 1499 quoque
618 1435 834 1483 Romani
862 1434 1147 1499 praeteriere
1175 1432 1374 1480 Patres.

243 1593 321 1623 303.
343 1592 401 1623 Vis
417 1591 470 1622 ira>
487 1592 603 1622 divinae
621 1591 774 1632 exemplis
791 1601 876 1622 com-

200 1643 363 1685 probatur.
413 1642 550 1672 Solvitur
588 1643 719 1681 injuria,
752 1639 878 1682 quando

199 1692 356 1734 expiatur,
387 1703 485 1733 quum
512 1701 615 1734 poenae
644 1690 808 1722 solvuntur
838 1689 878 1720 ob

199 1741 347 1783 injuriam
377 1741 508 1771 factam,
570 1740 712 1770 Proeteriz
744 1741 876 1774 modum,

202 1800 265 1821 non
290 1796 406 1826 servat,
421 1789 549 1821 excedit
571 1789 712 1820 modum.
760 1788 878 1824 Diana,

202 1850 299 1881 quum
313 1840 445 1875 OEneus,
463 1837 592 1869 AEtoliae
611 1849 678 1874 rex,
695 1837 794 1879 ipsius
811 1847 880 1868 aras

200 1888 268 1919 sine
283 1894 352 1919 ture
367 1887 566 1929 reliquisset:
589 1891 608 1903 ·‘
620 1886 664 1917 At
677 1897 739 1916 non
752 1886 880 1928 impune

202 1936 365 1975 feremus;
401 1938 548 1978 Quaeque
578 1935 787 1972 inhonoratae,
820 1946 881 1966 non

204 1993 236 2018 et
250 1986 394 2018 dicemur
408 1986 517 2016 inultae
529 1986 561 2024 ;''
586 1985 650 2016 vid.
668 1985 802 2016 Metam.
816 1984 880 2015 viii.

204 2037 282 2067 280.
327 2036 410 2066 Tum
438 2035 520 2077 agris
542 2034 728 2076 Calydoniis
752 2033 882 2065 immisit

204 2095 314 2127 aprum
340 2084 523 2120 terribilem,
547 2084 588 2115 ad
613 2094 706 2125 quem
732 2082 880 2114 interfici-

202 2134 321 2166 endum
343 2145 382 2165 ex
404 2133 489 2165 omni
506 2134 632 2165 Graecia
648 2133 705 2164 viri
722 2132 882 2164 fortissimi

202 2189 440 2215 concurrerunt.
486 2184 525 2214 In
542 2193 581 2214 ea
592 2184 760 2215 venatione
775 2183 878 2213 Mele-

205 2243 290 2275 ager,
310 2233 434 2269 Thestii,
452 2244 491 2264 ex
506 2233 636 2264 Althaea
651 2239 751 2263 matre
768 2242 879 2274 nepos,

205 2282 315 2313 matris
348 2282 458 2313 fratres
496 2281 653 2313 interficit.
700 2283 818 2317 Mater,
848 2287 883 2312 ut

204 2331 334 2362 fratrum
352 2331 473 2362 caedem
497 2331 627 2373 accipit,
646 2330 785 2373 stipitem
802 2329 882 2361 fata-

201 2380 278 2416 lem,
308 2379 340 2410 in
369 2390 432 2421 quo
463 2379 520 2410 filii
552 2379 617 2410 vita
645 2379 880 2416 continebatur,

204 2429 374 2465 comburit,
402 2439 503 2470 eoque
533 2429 679 2460 absumto
707 2429 883 2470 Meleager,

207 2489 402 2521 quamquam
429 2481 542 2515 absens,
558 2478 774 2521 extinguitur3
797 2479 882 2510 Met.

205 2528 271 2560 viii.
285 2529 470 2560 260—545.
514 2527 883 2569 Tantalides‚Agamem-

207 2577 417 2615 n0n‚Tantali
431 2588 598 2620 pronepos,
609 2577 701 2619 cujus
717 2578 885 2613 vela,clas-

205 2638 270 2658 sem
287 2627 320 2659 in
336 2627 453 2658 Aulide
471 2632 706 2668 congregatam,
721 2626 829 2657 Diana
845 2627 885 2657 ob

205 2676 406 2708 interfectam
429 2687 556 2708 cervam
581 2676 641 2707 sibi
666 2686 788 2707 sacram
809 2675 884 2706 iras-

205 2737 291 2764 cens,
303 2732 398 2759 vento
414 2726 548 2758 adverso
566 2725 717 2762 immisso,
729 2725 784 2757 diu
802 2731 883 2756 tene-

947 1593 1007 1627 bat,
1035 1590 1212 1626 retinebat;
1249 1588 1384 1618 Metam.
1415 1586 1471 1617 xii.
1505 1586 1621 1618 1—38.

947 1639 1104 1670 Nonnulli
1121 1640 1179 1669 tela
1197 1637 1357 1678 legebant,
1374 1641 1470 1678 atque
1485 1635 1525 1666 de
1541 1634 1621 1665 Nio-

947 1690 985 1720 be
1008 1688 1204 1730 cogitabant,
1221 1686 1312 1728 cujus
1334 1684 1415 1716 filias
1431 1684 1538 1716 Diana
1552 1683 1626 1715 telis

947 1739 1012 1769 suis
1036 1735 1205 1773 transfixit,
1223 1742 1256 1767 ut
1271 1735 1388 1777 Apollo
1411 1733 1513 1773 filios;
1537 1734 1623 1765 Met.

947 1788 989 1818 vi.
1005 1788 1068 1818 288
1085 1798 1156 1829 sqq.
1197 1786 1298 1827 Virgo,
1315 1784 1367 1816 cui
1382 1784 1485 1815 mitior
1501 1782 1627 1815 animus

948 1837 1108 1869 convenit.
1157 1837 1357 1878 Hippolytus,
1373 1834 1461 1866 furiis
1483 1833 1626 1877 direptus

949 1898 1113 1930 equorum,
1125 1887 1192 1929 jam
1209 1896 1304 1928 supra
1322 1885 1367 1917 iii.
1383 1885 1457 1916 265.
1472 1893 1626 1915 memora-

951 1944 1013 1968 tus,
1061 1938 1104 1974 Is,
1121 1946 1220 1978 quum
1237 1936 1375 1966 Dianam
1399 1940 1431 1966 et
1450 1933 1556 1965 studio
1573 1944 1626 1965 ve-

951 1986 1048 2018 nandi
1059 1992 1090 2018 et
1102 1985 1249 2018 castitate
1263 1985 1391 2021 coleret,
1405 1984 1527 2014 Dionen
1539 1993 1627 2025 spre-

950 2036 1031 2067 visse
1049 2046 1132 2066 nunc
1152 2034 1280 2071 dicitur,
1299 2040 1334 2065 ut
1349 2034 1390 2065 ad
1404 2043 1475 2065 eam
1491 2033 1561 2074 ejus
1574 2032 1625 2063 in»

951 2086 1061 2117 teritus
1077 2085 1182 2116 referri
1197 2089 1314 2127 posset.
1361 2084 1472 2119 Dione,
1486 2081 1628 2113 AEtheris

951 2141 983 2166 et
996 2135 1100 2165 Terrae
1121 2134 1199 2170 filia,
1215 2139 1315 2165 mater
1330 2132 1466 2164 Veneris
1480 2143 1519 2163 ex
1534 2132 1628 2169 Jove,

951 2194 1035 2214 nunc
1064 2184 1132 2225 ipsa
1162 2184 1283 2214 Venus.
1332 2182 1504 2224 Coi-rigere,
1530 2181 1626 2213 casti-

951 2244 1036 2274 gare,
1053 2233 1174 2274 punire.
1221 2233 1355 2268 oblivia,
1371 2233 1537 2274 neglectus
1550 2231 1626 2262 deo-

951 2293 1032 2318 rum,
1050 2285 1180 2318 damnis,
1204 2283 1440 2314 calamitatibus
1462 2280 1624 2317 immissis,

951 2330 1063 2373 punita
1079 2337 1163 2362 sunt.

997 2381 1072 2411 312.
1103 2380 1288 2416 Praeteriere,
1306 2379 1397 2411 iudos
1421 2389 1509 2410 meos
1531 2378 1628 2410 inter·
1652 2374 1657 2378 ’

952 2430 1125 2469 miserunt;
1154 2430 1237 2460 Met.
1252 2428 1317 2460 viii.
1341 2429 1405 2460 278
1419 2441 1425 2459 :
1456 2429 1626 2460 Praeteritae

954 2480 1094 2510 Letoidos
1103 2491 1175 2510 ιιι-ιε.
1211 2479 1380 2520 Manifesta
1393 2479 1514 2515 doloris,
1525 2477 1628 2509 mani-

953 2529 1071 2560 festans
1091 2528 1246 2560 dolorem.
1295 2528 1409 2562 Qualia
1430 2529 1543 2558 damna
1565 2529 1627 2558 ezi-

950 2579 1071 2620 gerem?
1096 2577 1207 2620 quales
1217 2588 1330 2620 poenas
1343 2587 1500 2608 sumerem
1511 2578 1523 2607 Ψ.
1546 2586 1625 2618 qua-

952 2628 998 2658 les
1013 2626 1223 2669 calamitates⁵
1233 2626 1459 2657 immitterem?
1495 2625 1555 2656 Sed
1572 2636 1626 2656 vo-

953 2678 1028 2707 cab.
1052 2683 1127 2708 notae
1149 2677 1233 2708 varie
1259 2676 1401 2719 interptt.
1417 2680 1624 2718 acceperunt.

954 2727 1102 2768 Plerique
1144 2726 1349 2769 ignominiam
1387 2732 1442 2757 aut
1477 2724 1625 2767 injuriam
