1830 3220
525 151 873 195 FASTORUM
906 155 1026 197 LIB.
1063 156 1100 196 Ι.
1458 158 1516 199 35

105 264 380 313 PROXIMA
409 268 682 331 prospiciet
704 268 922 316 Tithono
948 278 1108 334 nupta
1131 271 1320 327 relicto,

170 342 399 390 Arcadiae
426 360 620 391 sacrum
647 345 936 408 pontificale
963 346 1103 394 Deae.

104 418 176 465 Te
202 436 408 484 quoque
432 421 520 468 lux
540 422 734 479 eadem,
758 421 913 469 Turni
938 440 1092 480 soror,
1109 424 1218 472 aede
1243 426 1460 490 recepit;

174 495 270 544 Hic
298 498 384 545 ubi
405 498 643 561 Virginea
667 515 878 563 campus
901 500 1068 547 obitur
1092 517 1242 565 aqua.

107 572 255 622 Unde
281 582 452 638 petam
477 592 656 623 causas
681 576 859 623 horum
885 592 1176 641 moremque
1200 582 1488 629 sacrorum?

173 650 370 713 Dirigat
394 652 444 699 in
464 653 629 701 medio
651 653 765 716 quis
791 670 904 702 mea
927 655 1038 702 vela
1060 656 1222 704 freto?

1410 661 1507 705 466

104 727 226 792 Ipsa
249 746 414 786 mone,
433 746 546 794 quae
571 747 754 779 nomen
778 732 934 780 habes
961 749 990 780 a
1014 735 1234 782 carmine
1259 735 1485 792 ductum,

170 805 540 871 Propositoque
565 807 690 864 fave,
718 824 780 856 ne
805 816 920 856 tuus
947 818 1078 858 erret
1103 811 1278 859 honos,

107 883 232 932 Orta
256 885 390 949 prior
417 885 573 942 Luna,
599 886 663 934 de
689 903 744 934 se
769 886 811 934 si
836 888 1056 935 creditur
1080 888 1193 952 ipsi,

172 961 218 1008 A
243 978 425 1026 magno
449 964 600 1011 tellus
627 963 822 1011 Arcade
847 981 1030 1013 nomen
1055 965 1223 1014 habet.

149 1134 332 1166 461—586.
348 1135 414 1167 III.
429 1135 480 1167 Id.
491 1135 556 1168 sive
567 1137 626 1169 XI.
638 1138 686 1168 die
698 1137 773 1169 Jan.

105 1184 334 1216 Carmentalia:
358 1185 397 1216 de
415 1186 530 1228 quibus
555 1187 599 1218 ita
619 1187 722 1224 refert,
739 1194 774 1219 ut

104 1234 204 1265 multa
229 1235 268 1265 de
293 1235 431 1266 Evandri
454 1237 602 1272 adventu,
630 1236 670 1268 de
696 1236 771 1267 Car—

104 1291 208 1315 mentae
227 1284 335 1316 matris
350 1285 508 1322 viticiniis,
524 1286 564 1317 de
581 1286 727 1318 Herculis
741 1292 774 1318 et

107 1334 180 1365 Caci
195 1344 302 1376 pugna
316 1333 444 1366 inserat.
475 1335 617 1366 Proxima
636 1335 773 1372 Tithono,

104 1389 167 1415 etc.
203 1383 358 1415 Auroram
378 1384 656 1426 circumloquitur;
680 1396 718 1417 ea
741 1397 774 1417 e-

105 1433 170 1463 nim
197 1433 294 1465 oritur
326 1434 447 1465 Tithoni
473 1445 608 1466 croceum
638 1436 775 1476 linquens

106 1484 226 1521 cubile;
250 1483 415 1525 Virgilius,
429 1484 548 1526 Georg.
561 1484 582 1515 i.
593 1485 668 1516 447.
715 1487 775 1516 Ar-

106 1534 194 1563 cadia
219 1532 296 1568 Dea,
320 1532 504 1568 Carmenta,
527 1533 578 1564 cui
602 1535 660 1565 sub
687 1540 775 1577 porta

106 1581 300 1612 Carmentali
332 1581 372 1612 ad
402 1581 516 1624 pedem
539 1583 691 1624 Capitolii
721 1594 776 1615 ara

105 1630 230 1673 posita3
260 1630 396 1673 Dionys.
430 1631 452 1661 i.
484 1633 548 1670 323
583 1632 672 1673 Virg.
698 1634 775 1664 AEn.

105 1680 169 1711 viii.
185 1681 262 1711 327.
309 1681 437 1712 Sacrum
457 1681 526 1723 ejus
545 1681 612 1723 jam
634 1683 692 1712 sub
709 1682 775 1713 Ro-

106 1729 191 1761 mulo
205 1729 384 1761 institutum
402 1742 410 1768 3
428 1731 591 1761 Plutarch.
609 1731 704 1762 Rom.
721 1732 775 1763 21.

109 1780 208 1810 Tim-ni
231 1791 323 1816 soror,
340 1780 490 1816 Juturna,
514 1780 666 1822 Nympha
688 1782 775 1813 fluvii

105 1835 137 1861 et
152 1830 242 1861 lacus
256 1830 352 1866 Latii,
369 1829 454 1860 haud
470 1830 579 1871 procul
595 1831 634 1861 ab
651 1830 777 1864 Albano

107 1885 234 1918 monte3
257 1878 347 1920 Virg.
373 1879 507 1910 AEneid.
531 1879 597 1910 xii.
616 1881 678 1911 134
707 1891 777 1922 sqq.

107 1927 214 1970 ibique
241 1928 359 1971 Heynii
390 1929 524 1959 Excurs.
572 1929 608 1959 Ei
639 1930 778 1961 Romani

108 1978 149 2010 ad
171 1990 279 2019 aquam
312 1979 466 2020 Virginem
493 1978 526 2009 in
551 1979 673 2020 Campo
700 1985 779 2011 tem-

106 2028 194 2070 plum
205 2022 442 2060 dedicaverant.
459 2029 552 2059 Hanc
564 2039 679 2070 aquam
692 2035 779 2061 tactu

105 2082 306 2120 praestantem
320 2077 464 2119 Agrippa
478 2077 611 2109 deduxit
627 2078 776 2110 Romam.

108 2126 242 2164 Plinius,
264 2126 353 2158 xxxi.
380 2128 433 2158 25.
482 2126 603 2157 Passim
629 2137 646 2158 a
676 2127 777 2169 poetis

107 2186 181 2207 eum
197 2176 321 2207 Marcia
336 2188 415 2217 aqua
431 2175 641 2218 conjungitur.

151 2226 228 2257 465.
252 2227 297 2258 Ut
318 2226 372 2257 alii
395 2232 496 2268 poetae
517 2225 551 2256 in
571 2236 674 2258 rerum
695 2226 775 2257 anti·

106 2287 240 2318 quarum
277 2275 428 2307 memoria
462 2275 635 2317 repetenda
662 2277 775 2307 Musas

107 2325 266 2361 invocant,
289 2325 334 2356 sic
358 2325 473 2356 Noster
500 2335 584 2355 nunc
611 2324 774 2356 commode

107 2375 207 2418 ipsam
236 2375 441 2406 Carmentam
470 2374 529 2405 sibi
559 2374 668 2405 adesse
696 2374 774 2410 vult,

107 2430 171 2455 tam
203 2431 326 2466 propter
364 2434 490 2460 nomen,
518 2433 613 2465 quam
651 2429 776 2466 propter

107 2473 208 2516 ipsius
236 2483 336 2504 sacra.
384 2473 451 2504 Mos
473 2483 638 2509 sacrorum,
669 2483 774 2504 eorum

107 2523 199 2555 ritus.
236 2522 369 2554 AEneid.
385 2522 440 2554 xii.
453 2523 537 2553 836:
563 2527 583 2539 ‘⁴
597 2523 719 2554 Morem
736 2521 775 2552 ri-

108 2579 222 2615 tusque
251 2582 408 2604 sacrorum
438 2572 624 2615 adjiciam.'’
683 2572 728 2603 li.
754 2572 776 2605 l,

108 2622 279 2666 explicatio
307 2622 434 2654 rituum.
479 2623 552 2654 Non
581 2622 672 2659 dixit,
695 2624 777 2659 doce,

111 2671 166 2703 sed
195 2684 290 2708 mone,
317 2671 401 2714 quod
429 2671 552 2714 proprie
580 2678 628 2703 est
656 2677 776 2703 vatum.

115 2721 261 2759 Duc-tam,
284 2727 317 2753 nt
344 2722 454 2753 Horat.
478 2721 523 2752 11.
547 2722 647 2753 Serm.
673 2721 704 2752 ii.
726 2723 778 2753 56.

1413 971 1512 1016 470

842 1149 876 1169 ex
901 1149 970 1169 vero
998 1140 1123 1170 ductum
1154 1150 1326 1181 cognomen,
1355 1139 1409 1170 ubi
1438 1140 1510 1171 vide

842 1188 949 1219 Bentl.
974 1188 1003 1218 A
1023 1189 1157 1219 carmine
1180 1194 1284 1220 autern
1305 1190 1511 1220 Carmentam

841 1237 990 1269 babuisse
1020 1248 1144 1274 nomen,
1168 1238 1297 1269 tradunt
1321 1244 1352 1269 et
1376 1238 1511 1280 Dionys.

842 1286 863 1318 i.
886 1288 948 1327 313
972 1286 1172 1324 Plutarchus,
1189 1287 1220 1318 in
1242 1287 1337 1318 Rom.
1352 1287 1406 1319 21.
1422 1294 1453 1319 et
1477 1288 1510 1319 in

842 1338 964 1374 Quaest.
992 1337 1087 1368 Rom.
1117 1342 1192 1368 tom.
1215 1337 1268 1368 vii.
1298 1348 1330 1379 p.
1357 1338 1430 1368 124.
1458 1337 1510 1369 ed.

842 1385 954 1417 Reisk.
1002 1386 1105 1423 Erret,
1131 1385 1271 1417 incertus
1299 1386 1351 1417 sit.
1387 1386 1507 1424 Livius,

842 1435 864 1466 i.
882 1436 945 1466 24:
971 1439 991 1452 ‘¹
1008 1436 1048 1466 In
1068 1446 1100 1466 re
1117 1441 1183 1466 tam
1203 1435 1289 1466 clara
1309 1435 1444 1468 nominis
1464 1447 1513 1467 er-

842 1495 891 1515 ror
906 1483 1130 1526 (incertitudo)
1146 1484 1287 1516 manet.''
1328 1485 1427 1527 Supra
1445 1495 1510 1516 ver.

847 1534 918 1565 190.
935 1535 1013 1564 Pars
1036 1534 1110 1564 mihi
1128 1544 1165 1564 ne
1184 1535 1260 1564 labet
1277 1535 1356 1564 ulla.
1401 1535 1511 1565 Potest

844 1589 948 1615 tamen
971 1584 1022 1615 hic
1046 1584 1134 1614 locus
1155 1589 1186 1614 et
1210 1583 1254 1614 sic
1276 1583 1360 1626 capi,
1379 1594 1418 1615 ne
1437 1590 1512 1615 tuus

844 1633 942 1664 honos
957 1633 1036 1664 falso
1052 1643 1070 1664 a
1084 1643 1132 1664 me
1150 1632 1335 1675 proseratur.

887 1683 962 1714 469.
981 1683 1085 1714 Docte
1098 1682 1268 1714 Arcadiam
1289 1682 1510 1725 circumloqui-

844 1738 904 1763 tur.
944 1732 1056 1769 Tellus,
1072 1743 1164 1774 gens,
1182 1738 1216 1763 ut
1231 1743 1315 1774 saepe
1330 1732 1414 1774 apud
1433 1743 1509 1774 poe-

843 1786 892 1812 tas
907 1782 990 1823 γαῖα
1004 1786 1036 1812 et
1050 1781 1155 1823 χώρα.
1188 1782 1332 1813 Arcadas
1348 1782 1511 1823 προσελή-

843 1843 924 1869 νους
951 1830 1071 1874 primus
1095 1831 1218 1862 dixerat
1242 1830 1368 1873 Hippys
1391 1831 1514 1874 Rhegi-

845 1891 916 1917 nus,
928 1880 1059 1922 scriptor
1069 1880 1181 1911 Xerxis
1193 1885 1334 1922 tempore
1344 1880 1514 1923 ;Stephan.

845 1931 980 1972 Byzant.
995 1930 1028 1960 in
1043 1929 1173 1972 Ἀρκάς.
1207 1929 1287 1960 Inde
1299 1929 1439 1972 vulgaris
1450 1935 1513 1961 tra-

845 1979 935 2016 ditio,
950 1989 1046 2021 quam
1060 1979 1158 2011 Ovid.
1175 1979 1270 2010 etiam
1286 1979 1319 2010 ii.
1334 1980 1410 2010 289.
1420 1991 1449 2010 ν.
1459 1981 1513 2012 90.

846 2029 970 2071 repetit,
999 2028 1161 2059 Arcadum
1191 2028 1343 2069 originem
1370 2035 1513 2060 anteces-

845 2078 921 2109 sisse
941 2078 1061 2109 lunam.
1100 2077 1183 2108 Vide
1200 2077 1364 2120 Heynium
1379 2077 1413 2109 in
1428 2079 1514 2120 Opp.

846 2128 949 2159 Acad.
966 2128 1026 2159 vol.
1042 2127 1075 2159 ii.
1090 2138 1122 2170 p.
1138 2128 1202 2159 332
1224 2138 1294 2169 sqq.
1318 2128 1371 2159 ubi
1397 2128 1512 2160 fabulae

844 2188 970 2209 sensum
982 2178 1149 2208 obscurum
1163 2187 1231 2208 esse
1241 2176 1391 2209 ostendit.
1411 2178 1515 2209 Kreb-

844 2226 909 2257 sius
929 2232 1046 2263 monet,
1062 2237 1188 2257 sensum
1209 2236 1277 2257 esse
1296 2227 1399 2258 hunc:
1426 2227 1513 2257 Sele-

845 2287 908 2308 nen
923 2276 1087 2308 mulierem
1102 2276 1260 2307 habitasse
1275 2276 1356 2307 inter
1372 2276 1516 2308 Arcadas

843 2332 875 2358 et
898 2332 968 2369 post
987 2331 1119 2357 mortem
1141 2326 1223 2357 inter
1238 2326 1326 2357 Deas
1344 2336 1412 2357 esse
1431 2327 1511 2358 rela—

844 2382 921 2407 tam.
958 2378 1064 2412 Arcas,
1077 2376 1233 2417 Lycaonis
1248 2386 1356 2418 nepos,
1371 2375 1512 2408 Calistus

843 2432 875 2457 et
903 2425 994 2458 Jovis
1024 2424 1117 2461 filius,
1146 2425 1226 2456 inter
1250 2424 1354 2456 sidera
1376 2425 1514 2463 relatus;

843 2475 976 2506 Metam.
994 2475 1026 2505 ii.
1054 2475 1114 2505 401
1137 2484 1209 2516 sqq.
1268 2473 1348 2505 Inde
1371 2485 1512 2516 magnus.

850 2524 990 2555 Evander
1012 2534 1028 2554 e
1053 2522 1225 2560 Pallantio,
1243 2524 1319 2556 urbe
1342 2523 1511 2560 Arcadica,

845 2574 877 2606 in
906 2574 1034 2606 ltaliam
1049 2573 1148 2605 venit.
1194 2573 1268 2605 Fuit
1295 2580 1399 2605 autem
1425 2573 1513 2604 Mer-

845 2623 922 2656 curii
959 2628 991 2655 et
1028 2623 1186 2665 Nymphae
1217 2622 1382 2655 Arcadicae
1417 2622 1511 2654 filius.

845 2673 996 2710 Matrem,
1024 2673 1141 2716 quippe
1164 2678 1278 2709 vatem,
1303 2671 1407 2704 Graeci
1438 2671 1512 2702 The·

848 2725 922 2758 ηιὶη,
961 2721 1066 2753 Latini
1108 2722 1300 2752 Carmentam
1340 2721 1513 2759 dixerunt3
