1830 3220
539 182 889 225 FASTORUM
925 184 1046 225 LIB.
1079 185 1116 227 I.
1483 190 1539 231 :25

118 298 276 346 ERGO
304 298 388 346 ubi
416 315 517 346 nox
544 299 705 347 aderit
723 300 948 347 venturis
975 303 1123 350 tertia
1151 302 1329 359 Nonis,

186 376 478 441 Sparsaque
504 377 697 425 coelesti
723 393 832 425 rore
859 379 1084 427 madebit
1108 381 1291 429 humus
1312 399 1320 429 :

116 454 382 519 Octipedis
404 455 589 503 frustra
615 463 909 519 quaeruntur
934 458 1141 507 brachia
1168 460 1353 508 Cancri
1374 478 1383 518 ;

185 532 423 598 Praeceps
448 533 687 581 occiduas
713 533 798 581 ille
825 535 1011 582 subivit
1037 552 1213 600 aquas.

114 610 487 659 INSTITERINT
515 610 707 658 Nonae:
744 612 885 659 missi
911 612 1003 660 tibi
1031 615 1252 662 nubibus
1278 616 1399 663 atris
1437 618 1534 664 315

184 689 342 753 Signa
367 689 563 738 dabunt
587 689 792 746 imbres,
821 691 1083 740 exoriente
1111 692 1259 757 Lyra.

113 766 397 823 QUATUOR
424 769 555 817 adde
581 768 690 816 dies
716 769 885 820 ductis
911 785 976 817 ex
1001 770 1177 818 ordine
1201 770 1386 827 Nonis;

180 846 342 895 Janus
370 847 584 912 Agonali
611 848 724 895 luce
749 848 966 912 piandus
994 849 1102 895 erit.

156 1024 232 1055 311.
253 1023 397 1055 Occasus
419 1023 575 1054 cosmicus
593 1024 663 1055 scil.
684 1029 788 1055 matu-

113 1073 198 1104 tinus
225 1073 350 1110 Cancri,
374 1074 432 1104 sub
459 1073 553 1104 finem
581 1073 692 1110 noctis,
717 1083 789 1116 quae

110 1128 160 1154 est
180 1122 262 1154 inter
285 1123 461 1155 secundum
477 1129 508 1154 et
524 1123 654 1155 tertium
674 1123 790 1156 mensis

111 1173 209 1211 diem,
226 1173 295 1205 scil.
311 1174 404 1205 tertia
421 1179 494 1205 ante
511 1173 632 1205 Nonas.

156 1224 232 1255 315.
256 1223 348 1265 Lyrae
373 1230 461 1255 ortus
487 1224 655 1255 cosmicus.
691 1223 787 1255 Colu-

112 1273 222 1310 mella,
240 1273 285 1306 ix.
301 1275 332 1305 2.
357 1278 378 1292 “
395 1273 498 1305 Nonis
522 1273 685 1307 Januariis
701 1273 788 1305 Fidis

109 1323 249 1355 exoritur
290 1334 384 1355 mane
404 1336 411 1354 ;
449 1329 621 1366 tempestas
658 1323 745 1355 varia
757 1323 787 1362 ;’'

110 1373 247 1411 Plinius,
275 1373 364 1405 xviii.
389 1374 442 1405 26.
472 1384 539 1410 seu,
560 1374 613 1405 64.
642 1378 663 1391 “
680 1373 787 1405 Pridie

113 1424 224 1455 Nonas
239 1423 260 1454 J
262 1434 372 1456 anuar.
388 1423 507 1455 Caesari
523 1423 706 1466 Delphinus
720 1434 787 1454 ma-

110 1474 213 1506 tutino
241 1474 391 1511 exoritur,
416 1480 448 1505 et
475 1481 600 1516 postero
624 1474 676 1506 die
700 1473 786 1505 Fidi-

114 1524 222 1556 cula.’'
269 1524 602 1566 Institerint—Lyra3
627 1525 731 1556 Nonis
756 1530 788 1556 et

111 1573 229 1606 imbres
244 1574 374 1611 cadunt,
392 1580 424 1606 et
437 1575 520 1616 Lyra
535 1575 684 1606 exoritur.
708 1576 787 1605 Sen—

110 1635 163 1655 sus
185 1629 233 1655 est
250 1623 376 1664 facilis3
400 1624 493 1655 modo
513 1629 622 1655 teneas
641 1630 715 1655 ante
739 1627 788 1656 in-

109 1677 247 1706 stiterint
270 1673 575 1716 subintelligendum
601 1685 669 1706 esse
692 1677 727 1712 si,
749 1675 788 1707 de

111 1734 176 1766 qua
204 1723 310 1766 ellipsi
334 1722 399 1755 vid.
430 1723 556 1755 Cottius
586 1724 627 1755 ad
655 1724 787 1756 Sallust.

110 1775 189 1816 Jug.
212 1773 291 1805 lxiv.
316 1776 358 1813 ὃς
389 1779 468 1810 tum,
498 1776 587 1816 signa
615 1776 690 1806 dare
719 1786 787 1807 esse

110 1824 218 1855 Graec.
232 1823 362 1854 Astron.
378 1822 621 1866 ἐπισημαίνειν,
632 1835 665 1855 se
680 1830 786 1855 osten-

110 1872 197 1909 dere,
228 1872 313 1909 oriri‚
345 1873 432 1914 quod
457 1873 542 1915 apud
573 1873 702 1905 Gemin.
727 1885 785 1905 sae-

111 1922 239 1965 pissime
253 1921 294 1953 de
305 1922 505 1965 tempestatis
514 1922 786 1955 vicissitudinibus

111 1972 240 2015 legitur.
277 1973 381 2004 Locus
405 1978 510 2004 nostro
537 1972 717 2004 simillimus
740 1979 787 2005 est

110 2023 153 2055 iv.
169 2024 246 2055 904.
267 2023 424 2065 Signaque
444 2025 522 2054 dant
545 2024 666 2060 imbres,
691 2026 786 2055 exori-

110 2080 222 2115 turque
239 2074 344 2105 Canis.
381 2073 444 2105 Sed
452 2073 578 2105 Taubn.
592 2072 685 2105 aliter
696 2073 786 2105 vide-

111 2129 162 2155 tur
180 2124 213 2155 in
228 2122 416 2155 Addendis:
442 2134 498 2166 pro
518 2125 598 2155 missi
617 2123 716 2166 recipi
732 2134 785 2155 vo-

111 2174 200 2206 lebat
215 2175 310 2211 mitti,
323 2179 355 2205 et
371 2184 497 2206 sensum
513 2173 664 2205 constitui
681 2173 765 2206 hune
779 2186 786 2204 ι

111 2225 144 2256 Si
165 2224 335 2256 institerint
355 2224 470 2261 Nonae,
485 2226 586 2266 signa,
602 2224 716 2261 sidera,
732 2226 786 2256 da-

111 2277 199 2313 bunt,
225 2274 428 2318 portendent,
451 2285 535 2306 nunc
562 2276 669 2306 imbres
693 2277 788 2307 mitti.

110 2324 301 2356 Durissime.
338 2325 432 2357 Unus
454 2325 562 2356 Vatic.
587 2324 678 2367 isque
701 2324 785 2368 opti-

111 2385 203 2406 mus:
242 2375 426 2406 Obstiterint
453 2377 581 2406 imbres:
617 2377 698 2406 missi
731 2377 787 2407 tibi

111 2427 242 2457 nubibus
259 2427 347 2463 atris,
365 2426 462 2457 Nonae
480 2427 570 2468 signa
588 2427 719 2463 dabunt,
736 2438 783 2458 eae-

109 2477 226 2506 oriente
242 2475 341 2517 Lyra.
387 2475 482 2514 Quod
498 2475 524 2506 si
541 2475 589 2507 his
603 2476 785 2519 interpunc-

111 2526 230 2558 tionem
260 2525 391 2557 alterius
418 2525 562 2557 lectionis
591 2525 666 2557 dare
691 2527 782 2564 velis,

110 2568 166 2606 sic⁸
187 2585 314 2617 quoque
343 2585 470 2606 sensum
501 2575 698 2606 tolerabilem
730 2576 785 2608 ha-

110 2626 207 2657 beas:
225 2625 252 2656 si
267 2625 384 2656 imbres
399 2625 588 2663 obstiterint,
604 2636 667 2668 quo
682 2627 786 2659 minus

111 2676 180 2719 ipse
195 2676 286 2718 Lyrae
305 2680 449 2708 exortum
470 2686 597 2708 eernere
618 2677 729 2719 possis,
745 2688 784 2709 ex

111 2725 215 2757 Nonis
237 2736 310 2758 eum
329 2731 420 2769 potes
440 2736 640 2768 cognoscere.
686 2726 784 2759 Multi

112 2775 184 2806 cod.
213 2776 330 2817 quibus
357 2775 461 2819 Neap.
490 2786 577 2814 usus,
608 2776 785 2808 Institerint

159 2826 260 2857 VOL.
278 2825 318 2857 V.

861 1024 967 1055 imbres
993 1025 1075 1054 missi
1099 1025 1153 1054 tibi
1177 1024 1307 1054 nubibus
1329 1026 1417 1060 atris,
1440 1023 1535 1054 Nomi*

858 1075 947 1115 sigua
963 1075 1094 1104 dabunt.
1141 1074 1193 1104 Ita
1205 1074 1238 1104 in
1254 1073 1367 1114 Regiis
1381 1073 1422 1103 A.
1437 1077 1469 1104 et
1486 1073 1534 1110 C;

860 1128 891 1153 at
907 1122 1007 1154 codex
1027 1123 1066 1154 B.
1084 1122 1180 1165 Signa
1195 1123 1311 1154 dabunt
1331 1122 1449 1160 Nonae3
1476 1124 1536 1153 nisi

858 1175 882 1203 si
899 1174 954 1204 tibi
971 1174 1101 1204 nubibus
1115 1175 1194 1204 ati-is
1210 1171 1389 1204 Institerint
1406 1174 1524 1204 imbres.

903 1223 978 1254 317.
1004 1222 1082 1253 Dies
1097 1222 1243 1254 Januarii
1262 1232 1374 1253 nonus.
1412 1224 1534 1264 Agonia

857 1272 922 1304 sive
953 1274 1107 1315 Agonalia
1137 1272 1234 1304 etiam
1265 1283 1304 1303 ex
1335 1271 1533 1304 Kalendario

858 1323 956 1354 veteri
980 1323 1013 1354 in
1036 1322 1121 1354 diem
1143 1323 1293 1355 ,januarii
1315 1323 1462 1365 quintum
1485 1323 1533 1354 in-

856 1372 1019 1410 cidebant,
1051 1373 1227 1405 secundum
1265 1372 1343 1404 alios
1378 1373 1411 1403 in
1449 1372 1534 1404 diem

857 1425 1111 1456 antecedentem.
1156 1424 1351 1466 Agonalium
1381 1423 1533 1466 originem

857 1474 984 1511 Antias,
1002 1474 1135 1517 scriptor
1150 1480 1307 1511 vetustus,
1329 1474 1369 1505 ad
1390 1474 1534 1505 Numam

855 1523 1050 1567 Pompilium
1069 1525 1220 1556 retulerat
1235 1536 1243 1563 ;
1267 1524 1414 1555 Macrob.
1429 1525 1495 1555 Sat.
1512 1524 1533 1555 i.

856 1574 887 1604 4.
933 1573 1079 1605 Nominis
1119 1584 1233 1605 causas
1261 1573 1396 1605 Ovidius
1425 1573 1533 1615 plures

856 1623 972 1656 reddit.
1031 1624 1214 1656 Succinctus
1251 1625 1401 1661 minister,
1435 1634 1529 1666 popa,

855 1673 1062 1706 victimarius.
1094 1674 1169 1705 Duo
1184 1684 1276 1716 popae
1293 1673 1435 1711 aderant,
1454 1685 1532 1716 quo-

856 1733 926 1755 rum
965 1723 1045 1755 alter
1078 1723 1212 1755 feriebat
1239 1723 1413 1760 victimam,
1441 1724 1533 1761 alter,

856 1772 1033 1810 cultrarius,
1045 1783 1228 1816 percussam
1238 1773 1423 1815 jugulabat.
1451 1773 1533 1804 Am-

855 1823 896 1853 bo
914 1829 1004 1854 erant
1025 1824 1184 1859 succincti,
1201 1822 1234 1854 id
1251 1827 1299 1853 est
1313 1821 1389 1853 limo
1405 1828 1531 1854 tantum

855 1872 1007 1914 pudenda
1031 1871 1119 1908 tecti,
1135 1877 1252 1903 caetera
1276 1871 1366 1902 nudi.
1403 1873 1531 1904 Limum

855 1922 1049 1954 Plutarchus
1073 1928 1167 1953 vocat
1190 1920 1363 1964 περίζωμα
1386 1921 1533 1965 εὐπάρυ-

854 1978 928 2014 φον.
976 1972 1060 2004 Vide
1088 1972 1233 2003 'l'orrent.
1258 1977 1292 2004 et
1321 1972 1460 2004 Casaub.
1491 1973 1531 2005 ad

855 2021 1050 2058 Suetonium,
1070 2021 1178 2063 Calig.
1198 2023 1254 2054 32.
1280 2022 1440 2054 Caeterum
1462 2034 1531 2055 suc-

854 2075 977 2105 cinctus
990 2075 1142 2109 minister,
1159 2083 1216 2115 pro
1233 2073 1389 2104 vocativo.
1435 2074 1531 2113 Quod

855 2133 956 2164 quum
980 2133 1044 2153 non
1064 2123 1268 2154 observarent
1290 2122 1422 2159 librarii,
1439 2123 1532 2156 multi

852 2178 961 2214 potest,
976 2179 1065 2215 rogat
1082 2178 1114 2203 et
1134 2174 1200 2215 agit
1222 2172 1398 2204 dederunt:
1425 2174 1532 2206 confer

856 2222 896 2254 ad
911 2223 955 2255 iv.
967 2224 1042 2255 731.
1080 2223 1213 2263 Semper,
1228 2224 1344 2265 Agone,
1356 2228 1420 2255 etc.
1437 2224 1530 2256 Hanc

856 2273 1074 2304 Romanorum
1090 2271 1122 2303 in
1134 2272 1232 2304 sacris
1242 2273 1452 2315 diligentiam,
1467 2285 1530 2316 qua

855 2323 1025 2360 cavebant,
1054 2333 1093 2355 ne
1117 2322 1314 2354 victimarius
1342 2324 1402 2355 nisi
1421 2326 1531 2365 jussus

853 2372 1018 2404 victimam
1027 2372 1144 2409 feriret,
1158 2373 1265 2404 Graeci
1276 2373 1418 2416 inprimis
1431 2375 1530 2418 scrip-

854 2427 936 2454 tores
957 2428 1117 2460 notarunt,
1134 2423 1310 2465 Dionysius
1327 2424 1433 2456 Halic.
1448 2425 1526 2456 Plu-

853 2472 981 2504 tarchus
997 2479 1029 2504 et
1044 2472 1109 2505 alii.
1154 2474 1198 2505 Τὸ
1212 2485 1325 2514 semper
1341 2474 1381 2505 ad
1398 2474 1456 2506 hoc
1471 2486 1528 2518 po·

854 2523 1009 2554 tissimum
1034 2534 1160 2556 sacrum
1182 2524 1396 2561 referendum,
1421 2531 1528 2556 mouet

854 2574 1071 2606 Burmannus.
1118 2575 1181 2606 Sed
1204 2575 1349 2606 adhibita
1371 2575 1440 2606 haec
1468 2575 1530 2606 sor—

855 2625 942 2655 mula
962 2624 1058 2656 etiam
1080 2625 1112 2656 in
1134 2625 1205 2656 aliis
1229 2625 1326 2657 sacris
1339 2637 1348 2666 3
1370 2625 1525 2668 quemad-

854 2675 982 2706 modum
999 2682 1031 2707 et
1046 2674 1079 2707 in
1092 2675 1156 2707 illis
1172 2676 1320 2718 pecudes,
1339 2686 1400 2706 non
1416 2682 1526 2718 sponte

853 2727 1023 2763 veniebant,
1038 2726 1095 2758 sed
1110 2727 1294 2769 agebantur.
1322 2727 1438 2757 Inanes
1452 2733 1526 2757 sunt

854 2775 922 2807 istae
934 2776 1146 2818 etymologiae,
1163 2783 1197 2808 ut
1212 2777 1320 2808 multae
1339 2782 1490 2807 veterum.

988 2827 1012 2856 E
