1809 3220
169 171 257 214 142

577 169 630 212 P.
669 167 887 211 OVIDII
921 166 1211 212 NASONIS

175 288 314 336 Dum
339 286 467 351 legit
492 286 543 334 in
569 302 707 334 ramo
733 285 896 350 pictas
922 285 1219 334 temerarius
1246 302 1386 343 uvae,

242 365 476 415 Decidit:
513 364 756 413 amissum
782 363 933 412 Liber
959 362 1012 410 in
1038 370 1175 411 astra
1191 363 1346 412 vehit.

175 444 394 492 SEXTUS
425 443 510 491 ubi
537 459 729 491 oceano
755 443 999 491 clivosum
1025 442 1226 491 scandit
1248 441 1533 507 Olympum

240 521 487 576 Phoebus,
516 528 567 569 et
591 521 738 569 alatis
763 521 955 569 aethera
974 521 1138 585 carpit
1162 519 1309 584 equis
1331 538 1341 569 ε

1499 523 1598 568 416

171 598 418 663 Quisquis
445 599 584 655 ades,
612 615 856 663 canaeque
882 599 1006 647 colis
1033 599 1314 664 penetralia
1339 599 1541 657 Vestae3

237 676 451 725 Cratera
476 675 645 725 Iliacis
671 684 888 740 turaque
916 693 1049 741 pone
1075 677 1218 725 focis.

173 754 391 803 Caesaris
417 755 709 811 innumeris,
738 771 893 819 quem
918 755 1098 803 maluit
1122 756 1207 804 ille
1234 754 1433 811 mereri,

240 832 479 881 Accessit
503 833 663 881 titulis
691 832 994 896 pontificalis
1020 833 1199 881 honos.

1502 834 1603 880 420

172 908 386 973 Ignibus
408 911 611 958 aeternis
638 911 812 959 aeterni
839 912 1047 960 numina
1072 918 1298 976 praesunt

241 987 492 1036 Caesaris:
533 988 729 1053 imperii
755 989 969 1053 pignora
988 991 1169 1053 juncta
1193 989 1354 1037 vides.

173 1065 253 1114 De
279 1065 462 1113 veteris
489 1065 651 1128 Trojae
678 1065 980 1129 dignissima
1008 1066 1183 1131 praeda
1207 1065 1394 1122 favilla,

241 1143 356 1198 Qua
379 1143 542 1207 gravis
571 1143 758 1192 AEneas
786 1152 926 1192 tutus
953 1145 1017 1192 ab
1044 1145 1191 1193 hoste
1218 1144 1340 1201 fuit;

174 1221 330 1269 Ortus
355 1222 419 1269 ab
447 1221 608 1270 AEnea
633 1222 797 1285 tangit
822 1231 1041 1286 cognata
1066 1223 1304 1271 sacerdos

1501 1224 1602 1272 425

242 1299 498 1346 Numina:
540 1307 832 1362 cognatum,
860 1299 1037 1356 Vesta,
1065 1307 1206 1348 tuere
1232 1306 1404 1364 caput.

173 1376 313 1432 Quos
339 1384 518 1425 sancta
542 1376 677 1426 fovet
703 1377 785 1425 ille
812 1394 981 1434 manu,
1010 1379 1140 1426 bene
1168 1377 1332 1425 vivitis
1359 1377 1534 1440 ignes3

236 1454 405 1503 Vivite
431 1455 742 1511 inexstincti‚
770 1455 1095 1519 flammaque,
1123 1456 1352 1519 duxque,
1381 1471 1576 1520 precor,

216 1565 402 1596 415—428.
433 1565 526 1596 Vesta*
549 1577 635 1596 sacra
661 1565 760 1607 pridie
782 1566 848 1596 No-

171 1624 239 1650 nas,
255 1613 321 1644 sive
337 1620 426 1645 sexto
442 1614 507 1651 die,
519 1625 582 1656 quo
598 1615 707 1645 eodem
727 1617 850 1657 Augus-

171 1670 220 1695 tus
232 1663 370 1706 Pontisei
386 1663 654 1695 M1112mussactus
666 1670 726 1695 est.
753 1666 851 1701 silaei,

171 1718 207 1744 ut
219 1714 351 1753 alipedes
367 1714 504 1744 Metam.
516 1713 550 1744 ii.
565 1714 618 1744 48.
636 1713 763 1744 omnino
779 1720 852 1744 sunt

169 1762 306 1794 veloces.
355 1762 535 1793 Penetralia
564 1763 653 1794 l'estae
680 1764 775 1794 etiam
794 1764 851 1794 AE-

171 1810 260 1842 neid.
273 1822 303 1842 v.
321 1812 396 1842 744.
408 1823 463 1853 pro
476 1813 577 1843 Vesta
593 1812 661 1852 ipsa
677 1818 853 1853 ponuntur.

171 1860 209 1891 In
227 1861 264 1891 iis
282 1861 388 1892 velata
403 1867 435 1892 et
457 1861 498 1892 ab
514 1861 677 1892 hominum
695 1860 851 1903 adspectu

170 1909 293 1941 intacta
316 1910 491 1941 colebatur.
539 1911 577 1941 In
601 1910 690 1941 cultu
708 1911 850 1941 Deorum

171 1958 267 1989 etiam
284 1966 417 1990 crateres
430 1962 534 1999 positi.
561 1959 724 2001 Virgilius,
740 1961 850 2002 Eclog.

170 2018 200 2038 v.
215 2008 258 2038 68
273 2021 278 2038 :
304 2012 324 2025 ‘⁴
337 2008 547 2050 Craterasque
562 2009 624 2039 duo
640 2015 778 2040 statuam
793 2009 850 2040 tibi

173 2057 301 2099 pinguis
323 2057 440 2088 olivi.”
488 2059 539 2090 De
557 2059 664 2090 Iliacis
677 2059 761 2100 jocis
778 2060 849 2090 vide

172 2116 237 2137 ver.
253 2107 310 2138 29.
329 2114 361 2138 et
382 2107 454 2137 142.

215 2156 291 2187 419.
316 2156 380 2187 An.
398 2157 440 2187 U.
459 2156 498 2187 C.
518 2157 594 2187 741.
614 2157 714 2199 pridie
739 2158 850 2191 Nonas

173 2205 309 2237 Martias
349 2205 527 2248 AugustuS,
558 2207 681 2250 Lepido
716 2215 849 2246 mortum

172 2255 394 2295 Pontificatum
427 2255 599 2286 Maximum
628 2256 764 2299 accepit,
794 2258 849 2300 qui

169 2304 270 2335 honos
290 2315 372 2336 unus
396 2304 425 2335 ei
449 2304 614 2344 defuerat;
638 2306 702 2337 Dio
723 2306 780 2337 lib.
795 2307 849 2339 liv.

169 2363 242 2395 cap.
273 2355 337 2392 15;
383 2354 553 2385 Suetonius
591 2355 728 2396 August.
762 2355 849 2387 xxxi.

168 2403 260 2434 Idem
295 2403 418 2434 notavit
447 2403 590 2435 Kalend.
621 2411 713 2435 vetus
751 2411 848 2447 atque

170 2451 301 2484 Verrius
326 2453 473 2484 Flaccus.
519 2453 588 2484 Hoc
606 2454 742 2485 Ovidius
762 2465 846 2485 sum-

168 2511 222 2532 ma
237 2501 413 2533 reverentia
429 2508 460 2532 et
473 2501 506 2532 in
522 2502 692 2533 maximam
708 2502 848 2544 Augusti

167 2550 308 2587 laudem,
323 2561 408 2582 more
429 2551 539 2582 saeculi
561 2551 731 2592 Augustei,
747 2552 846 2583 extol-

167 2600 216 2632 lit.
261 2601 352 2632 Bene
367 2600 429 2632 hoc
445 2610 519 2631 cum
536 2600 644 2631 Vestae
660 2601 758 2632 sacris
773 2612 849 2633 con-

162 2649 312 2692 junctum
329 2662 339 2690 3
376 2649 524 2681 Pontifex
561 2649 726 2680 Maximus
763 2650 848 2682 enim

169 2705 305 2740 praeerat
341 2699 543 2731 Vestalibus.
597 2699 649 2730 Cf.
688 2698 731 2730 iv.
768 2701 846 2731 949.

170 2747 316 2790 Elogium
340 2750 447 2780 aeterni
474 2759 538 2780 non
564 2747 697 2791 imperio
722 2754 846 2779 tantum

919 1566 1043 1601 datum.
1059 1565 1114 1597 sed
1131 1572 1162 1597 ct
1178 1565 1310 1598 Caesari.
1342 1565 1426 1597 Vide
1441 1564 1602 1597 Schwarz.

919 1615 960 1646 ad
978 1615 1074 1646 Plinii
1098 1627 1215 1658 paneg.
1233 1616 1286 1647 67.
1332 1616 1371 1646 In
1391 1616 1496 1647 Vestae
1521 1620 1602 1646 tem-

921 1665 973 1707 plo
1000 1677 1061 1696 non
1087 1669 1171 1707 ignes
1196 1672 1320 1696 tantum
1345 1668 1465 1701 eterni,
1489 1665 1547 1696 sed
1570 1671 1603 1697 et

922 1713 1116 1750 Palladium,
1130 1717 1249 1753 imperii
1263 1716 1389 1756 pignus,
1399 1717 1441 1746 vi.
1455 1714 1516 1746 421
1527 1724 1601 1757 sqq.

922 1774 993 1804 quae
1010 1763 1074 1794 duo
1089 1774 1174 1806 saepe
1194 1764 1384 1806 junguntur.
1429 1763 1552 1800 Livius,
1568 1775 1601 1795 v.

922 1813 964 1843 52
978 1825 984 1842 :
1011 1817 1031 1830 ⁴‘
1046 1813 1133 1850 Quid
1149 1813 1189 1844 de
1204 1813 1330 1844 aeteruis
1341 1813 1449 1844 Vestae
1463 1812 1603 1855 ignibus.

921 1861 1089 1904 signoque,
1106 1862 1192 1904 quod
1214 1861 1337 1904 imperii
1360 1861 1476 1904 pignus
1496 1868 1601 1894 custo-

920 1911 976 1942 dia
992 1912 1060 1953 ejus
1077 1911 1187 1954 templi
1205 1918 1340 1949 tenetur,
1351 1912 1464 1954 loquar
1472 1911 1506 1942 T'
1535 1911 1600 1944 Sed

921 1971 1005 1992 nunc
1030 1960 1166 1992 accessit
1189 1971 1306 1992 novum
1327 1963 1454 2002 pignus,
1470 1961 1602 2002 Augus·

920 2016 982 2041 tus.
1029 2011 1077 2041 En
1105 2010 1234 2041 laudem
1264 2009 1458 2041 maximam!
1495 2013 1520 2027 “
1539 2010 1599 2042 AE-

921 2059 1030 2096 neas,'’
1047 2059 1107 2090 Ilio
1128 2060 1271 2095 ardente,
1285 2063 1305 2076 “
1326 2060 1524 2101 Vestamque
1543 2069 1598 2101 po-

919 2115 1038 2140 tentem
1055 2110 1289 2151 AEternumque
1310 2108 1416 2150 adytis
1433 2108 1526 2140 effert
1545 2119 1600 2151 pe-

920 2158 1096 2190 netralibus
1119 2158 1258 2199 ignem.'’
1305 2159 1384 2190 AEn.
1399 2157 1435 2188 ii.
1457 2157 1524 2189 296
1547 2167 1597 2200 sq.

921 2207 996 2239 Vid.
1014 2207 1130 2249 Heynii
1155 2218 1324 2239 excursum
1348 2207 1391 2238 ix.
1407 2207 1449 2238 ad
1464 2205 1598 2238 AEneid.

917 2257 956 2288 ii.
1003 2259 1128 2294 Gravis,
1158 2263 1322 2299 gravatus,
1353 2263 1498 2288 onustus.
1544 2255 1598 2288 Ab

918 2307 1027 2338 AEnea
1050 2307 1164 2338 domus
1178 2307 1198 2339 J
1204 2306 1280 2342 ulia,
1301 2305 1334 2337 iu
1358 2316 1455 2348 quam
1470 2305 1599 2347 Augus-

919 2361 969 2387 tus
986 2356 1175 2399 adoptatus;
1199 2356 1242 2387 iv.
1258 2357 1301 2387 20
1320 2367 1392 2398 sqq.
1437 2356 1522 2388 Hinc
1541 2355 1599 2387 illa

917 2408 1068 2447 cognatio,
1085 2416 1183 2447 quam
1199 2405 1335 2438 Ovidius
1348 2405 1502 2437 celebrat.
1537 2404 1597 2435 Ca—

915 2463 971 2495 put
998 2455 1162 2497 eleganter
1187 2455 1233 2486 sic
1262 2454 1295 2485 in
1320 2453 1596 2486 commendatione

917 2514 973 2544 pro
987 2504 1056 2546 ipso
1066 2503 1207 2535 homine.
1257 2504 1364 2540 Fovet,
1380 2503 1448 2535 alit.
1499 2503 1598 2534 Vivite

917 2554 1105 2584 inexstincti.
1151 2552 1298 2585 Alterum
1327 2553 1367 2584 ab
1397 2551 1524 2583 homine
1555 2550 1595 2583 ad

917 2601 1036 2643 ignem,
1053 2602 1187 2634 alterum
1211 2603 1252 2634 ab
1276 2602 1341 2644 igni
1369 2601 1411 2633 ad
1435 2600 1595 2632 hominem

917 2653 1118 2683 translatum.
1191 2653 1278 2689 Dus,
1318 2652 1440 2684 Caesar.
1509 2650 1594 2683 Vide

918 2701 1087 2732 Heinsium
1103 2707 1135 2732 et
1150 2702 1371 2733 Burmannum
1387 2700 1428 2732 ad
1443 2700 1477 2731 ii.
1492 2701 1548 2732 39.
