1809 3220
233 192 320 235 306

631 191 681 232 Ρ.
715 190 932 233 OVIDII
966 190 1251 232 NASONIS

237 308 398 365 Dixit,
426 313 478 355 et
503 307 552 353 in
578 306 719 354 litem
746 306 913 354 studio
938 306 1228 353 certaminis
1254 306 1442 363 issent3

304 385 477 448 Atque
502 385 574 431 ira
598 383 761 448 pietas
783 383 1104 430 dissimulata
1128 383 1271 431 foret.
1584 385 1649 429 90

236 462 390 510 Venit
416 461 682 525 Apollinea
706 462 880 525 longas
909 460 1195 508 Concordia
1216 461 1354 507 lauro

304 539 455 586 Nexa
479 555 668 594 comas,
697 538 883 602 placidi
910 554 1096 584 numen
1118 553 1351 601 opusque
1376 536 1538 584 ducis.

240 616 362 664 Haec
388 617 471 664 ubi
504 617 721 665 narravit
745 617 967 672 Tatium,
996 616 1281 678 fortemque
1309 614 1592 670 Quirinum,

307 694 541 758 Binaque
567 712 681 743 cum
709 695 911 760 populis
932 710 1087 757 regna
1111 694 1274 741 coisse
1302 693 1433 750 suis3

240 771 308 819 Et
326 772 428 820 lare
449 773 702 820 communi
720 789 920 820 soceros
941 787 1258 835 generosque
1282 777 1515 834 receptos
1535 786 1545 818 :
1586 771 1650 816 95

306 849 402 897 His
428 867 612 898 nomen
631 851 824 915 junctis
851 850 1050 907 Junius,
1079 850 1262 913 inquit,
1292 850 1462 896 habet.

241 926 392 975 Dicta
416 928 601 991 triplex
628 945 783 975 causa
808 935 913 984 est;
945 936 994 976 at
1018 945 1105 976 vos
1132 927 1394 990 ignoscite,
1421 925 1579 973 divae:

305 1003 411 1051 Res
438 1012 516 1052 est
540 1006 743 1053 arbitrio
770 1022 868 1052 non
896 1005 1179 1053 dirimenda
1206 1021 1336 1052 meo.

238 1081 317 1129 Ite
345 1097 491 1145 pares
518 1098 548 1129 a
572 1099 681 1139 me3
724 1083 983 1146 perierunt
1003 1083 1175 1146 judice
1202 1082 1372 1129 formae
1586 1082 1649 1128 99

306 1158 583 1222 Pergama:
625 1161 739 1224 plus
766 1161 972 1216 laedunt,
997 1177 1150 1224 quam
1171 1162 1313 1224 juvet
1338 1175 1454 1214 una,
1482 1158 1613 1205 duae.

239 1235 436 1283 PRIMA
465 1237 574 1286 dies
607 1238 714 1295 tibi,
746 1239 929 1296 Carna,
958 1238 1138 1295 datur3
1180 1239 1277 1285 dea
1301 1236 1519 1285 cardinis
1545 1236 1651 1282 haec

308 1313 530 1362 Numine
556 1316 728 1363 clausa
754 1316 932 1380 aperit,
961 1316 1153 1362 claudit
1178 1322 1352 1379 aperta
1378 1331 1485 1362 suo.
1516 1314 1647 1375 [estz

242 1390 393 1438 Unde
418 1391 561 1439 datas
588 1393 774 1441 habeat
798 1394 944 1450 vires,
974 1393 1233 1441 obscurior
1260 1409 1364 1439 aevo

308 1467 463 1516 Fama
485 1488 495 1526 3
538 1471 626 1517 sed
654 1487 680 1518 e
709 1478 880 1518 nostro
906 1471 1127 1519 carmine
1153 1479 1320 1518 certus
1347 1470 1461 1518 eris.

279 1580 421 1611 91—96.
438 1580 616 1611 Concordia
632 1581 768 1612 breviter
785 1588 911 1613 senten-

981 1593 1091 1612 norum
1119 1580 1299 1616 vernacula,
1330 1590 1402 1621 quae
1430 1578 1482 1616 sit,
1510 1579 1595 1611 unde
1621 1584 1654 1611 et

239 1629 316 1660 tiam
342 1629 430 1665 dicit,
457 1641 495 1660 ex
521 1641 586 1672 qua
614 1630 730 1662 Junius
756 1642 869 1662 nomen
894 1642 912 1662 a
977 1631 1029 1672 jus
1048 1630 1186 1661 cardinis
1210 1630 1339 1665 habeat,
1355 1634 1386 1659 et
1402 1630 1464 1660 vim
1481 1628 1580 1671 spinae
1596 1639 1656 1671 ope

231 1681 356 1719 junctis
383 1679 537 1709 Romanis
563 1686 594 1710 et
626 1680 752 1710 Sabinis
781 1680 912 1711 invenit.

238 1727 331 1759 Unde
348 1727 483 1758 Ovidius
504 1728 585 1759 hanc
606 1729 795 1760 sententiam
823 1729 911 1771 inep-

237 1782 303 1807 tam
317 1783 348 1808 et
363 1778 394 1808 in
411 1777 498 1818 leges
514 1778 630 1820 linguae
652 1784 841 1820 peccantem
860 1789 912 1810 ac-

236 1826 366 1868 ceperit,
397 1838 459 1858 non
489 1833 623 1858 constat.
670 1828 814 1859 Forsitan
844 1828 910 1870 ipse

237 1877 367 1918 reperit;
403 1887 506 1918 neque
537 1877 620 1908 male
653 1878 827 1908 Concordia>
856 1878 912 1908 de·

238 1926 430 1957 sentiendam
458 1927 556 1958 dedit.
604 1927 669 1957 Alii
700 1929 867 1969 putabant,
894 1938 913 1958 a

238 1976 337 2007 Junio
353 1976 453 2007 Bruto
466 1987 580 2007 nomen
592 1978 714 2007 venisse
728 1989 736 2015 ;
751 1977 824 2008 vide
842 1978 910 2008 Ma·

239 2025 378 2055 crobium
405 2025 490 2056 dicto
512 2025 591 2056 loco.
632 2027 799 2057 Concordia
823 2027 913 2068 cujus

241 2073 392 2115 templum
421 2074 578 2110 Tiberius,
610 2086 688 2116 pace
728 2075 912 2117 composita,

239 2123 366 2161 refecit3
390 2123 411 2153 i.
429 2124 503 2154 639.
542 2125 625 2155 Hinc
651 2126 739 2155 lauro
763 2131 912 2155 coronata

240 2172 360 2214 prodit3
385 2172 458 2204 hinc
474 2176 572 2210 ducis,
588 2174 716 2209 Tiberii,
729 2185 800 2213 opus
815 2180 847 2205 et
863 2174 911 2205 vel

240 2233 364 2258 numen,
388 2223 451 2258 vel,
484 2230 520 2254 ut
549 2223 668 2253 Hamb.
692 2224 851 2254 Junizmus
881 2230 913 2254 et

240 2270 319 2301 alter
345 2271 538 2302 Petavianus
567 2271 697 2308 habent,
721 2284 832 2303 munus
857 2283 911 2314 ap-

238 2320 387 2361 pellatur.
412 2321 571 2358 Quoniam
585 2322 702 2353 Junius
718 2323 834 2353 mensis
845 2323 912 2365 jam

239 2369 370 2400 Romuli
400 2375 540 2412 tempore
569 2376 646 2407 erat,
676 2378 845 2413 propterea
871 2382 910 2402 ex

241 2417 297 2449 illo
313 2419 380 2460 ipso
396 2424 536 2461 ternpore
552 2420 741 2457 concordiae,
755 2421 821 2451 sive
837 2432 911 2452 con-

236 2467 412 2509 junctionis
423 2469 603 2510 exemplum
619 2469 825 2511 repetendum
836 2478 913 2501 erat.

242 2519 319 2552 Lar,
336 2517 438 2554 sedes,
454 2519 539 2549 urbs.

284 2566 339 2597 97.
355 2567 441 2597 Finit
456 2567 524 2598 haec
541 2568 651 2599 eadem
669 2569 832 2606 modestia,
850 2581 914 2612 qua

241 2627 272 2646 v.
300 2616 373 2647 109.
400 2615 535 2647 similem
564 2617 680 2648 locum.
732 2619 912 2656 Perierunt,

241 2671 304 2696 etc.
346 2666 428 2707 Ergo
454 2666 606 2697 Ovidium
631 2678 757 2709 quoque
780 2670 913 2711 vestigia

241 2715 411 2747 terrebant.

286 2765 468 2798 101—132.
493 2765 542 2796 De
570 2766 685 2803 Carna,
710 2767 771 2798 dea
793 2767 910 2799 Roma—

981 1680 1122 1722 pellendi
1152 1690 1254 1710 noxas
1282 1679 1475 1717 101—130;
1499 1678 1657 1720 quomodo

981 1730 1036 1761 illa
1052 1730 1082 1760 vi
1105 1729 1179 1760 olim
1203 1740 1259 1760 usa
1278 1729 1319 1760 sit
1336 1728 1368 1760 in
1385 1728 1503 1759 tuendo
1520 1728 1621 1759 Proca
1637 1738 1656 1760 a

981 1779 1131 1820 strigibus
1150 1779 1321 1810 131-168
1336 1789 1410 1817 ;cur
1423 1778 1513 1809 larda
1527 1784 1559 1809 et
1572 1778 1654 1809 fabae

982 1828 1010 1859 ei
1026 1827 1199 1860 offerantur
1212 1829 1395 1859 169-182.
1420 1828 1556 1859 Diversa
1571 1828 1653 1870 ejus-

981 1878 1052 1909 dem
1062 1879 1129 1909 deae
1141 1878 1270 1909 nomina
1282 1878 1376 1909 fuisse
1386 1878 1543 1914 videntur,
1555 1888 1654 1920 quum

983 1930 1087 1959 Carnu
1109 1935 1164 1959 aut
1183 1929 1302 1960 Carnea
1327 1928 1485 1960 diceretur
1507 1938 1526 1959 a
1549 1939 1653 1965 carne,

980 1979 1056 2020 quia
1082 1979 1233 2009 vitalibus
1262 1984 1420 2021 praeesset.
1468 1978 1654 2009 Macrobius

980 2028 1066 2058 dicto
1090 2028 1170 2064 loco,
1194 2028 1248 2059 ubi
1275 2028 1413 2058 narravit
1442 2038 1480 2058 ex
1508 2028 1655 2069 opinione

982 2077 1204 2108 nonnullorum
1216 2078 1350 2109 Junium
1367 2087 1504 2108 mensem
1523 2087 1542 2107 a
1556 2077 1654 2108 Junio

982 2128 1081 2157 Bruto
1098 2127 1292 2157 nominatum
1306 2137 1383 2161 esse,
1399 2126 1483 2168 quod
1498 2126 1655 2157 Kalendis

981 2176 1087 2208 Juniis
1109 2176 1200 2218 pulso
1225 2175 1410 2217 Tarquinio,
1432 2186 1556 2207 sacrum
1574 2176 1654 2207 Car-

981 2237 1047 2257 neae
1076 2226 1144 2256 deae
1167 2226 1201 2256 in
1227 2226 1332 2257 Coelio
1361 2232 1468 2256 monte
1492 2225 1557 2256 voti
1582 2236 1655 2257 reus

981 2276 1119 2312 fecisset,
1141 2277 1262 2318 pergit:
1290 2281 1310 2294 “
1328 2277 1421 2307 Hanc
1442 2276 1535 2307 deam
1548 2276 1655 2308 vitali-

980 2326 1040 2357 bus
1056 2326 1203 2357 humanis
1217 2337 1352 2368 praeesse
1369 2325 1513 2357 credunt.
1547 2326 1600 2357 Ab
1615 2336 1654 2358 ea

981 2375 1119 2416 denique
1139 2375 1266 2417 petitur,
1282 2380 1318 2406 ut
1330 2375 1474 2418 jecinora
1493 2380 1526 2406 et
1547 2375 1654 2412 corda,

980 2435 1116 2466 quaeque
1128 2430 1202 2455 sunt
1217 2426 1408 2456 intrinsecus
1421 2424 1553 2462 viscera,
1564 2425 1653 2456 salva

980 2480 1155 2505 conservet.
1201 2475 1242 2504 Et
1263 2474 1339 2516 quia
1360 2474 1462 2505 cordis
1483 2474 1656 2512 beneficio,

981 2523 1071 2565 cujus
1095 2523 1348 2555 dissimulatione
1369 2525 1487 2555 Brutus
1511 2523 1652 2556 habeba-

981 2579 1030 2603 tur
1045 2573 1177 2604 idoneus
1189 2573 1403 2605 emendationi
1418 2573 1538 2615 publici
1554 2579 1655 2605 status

982 2623 1112 2659 exstitit,
1142 2623 1226 2654 hanc
1264 2623 1367 2660 deam,
1405 2633 1477 2663 quae
1502 2622 1654 2654 vitalibus

982 2678 1106 2714 praeest,
1123 2673 1242 2715 templo
1257 2673 1433 2704 sacravit.¹'

1029 2723 1102 2753 103.
1145 2723 1228 2754 Vires
1258 2723 1327 2759 has,
1354 2723 1420 2754 sive
1451 2727 1650 2764 potestatem,

982 2771 1077 2802 habet
1090 2778 1122 2803 et
1136 2772 1239 2803 Janus
1258 2772 1281 2802 i.
1302 2773 1362 2802 188
1380 2782 1438 2813 sqq
1455 2783 1462 2808 5,
1489 2771 1570 2802 infra
1585 2782 1652 2803 ver.
